1826 3276
415 171 502 214 586
777 164 826 209 c.
853 163 1176 227 sALLusrr
1205 164 1420 210 cnlsrr

553 280 671 332 CIX.
723 279 865 341 Igitur
899 280 1024 326 Sulla
1057 282 1309 343 respondit,
1351 297 1495 343 pauca
1528 295 1576 327 se
1617 297 1772 330 corum

414 381 588 437 Aspare
631 377 904 432 locuturum3
959 383 1106 422 cetera
1155 379 1351 438 occulte,
1406 384 1483 423 aut
1527 378 1649 424 nullo
1695 387 1771 425 aut

416 489 550 533 quam
583 473 871 533 paucissumis
905 474 1231 534 praesentibus3
1275 473 1402 519 simul
1435 473 1614 533 edocet,
1657 491 1772 535 quae

376 570 497 619 zsibi
529 569 916 628 responderentur.
984 570 1227 628 Postquam
1261 570 1387 615 sicuti
1425 570 1624 615 voluerat
1660 587 1771 617 con·

413 666 580 726 gressi,
618 664 723 708 dicit
741 662 743 665 ’
761 680 809 708 se
843 665 1022 709 missum
1055 681 1083 709 a
1115 666 1293 710 consule
1324 667 1493 711 venisse
1526 667 1772 725 quaesitum

375 763 470 806 3ab
506 775 574 818 eo,
607 775 767 820 pacem
801 776 858 804 an
889 761 1055 805 bellum
1090 761 1329 821 agitaturus
1364 761 1492 806 foret.
1527 763 1646 808 Tum
1678 778 1772 822 reX,

410 859 473 902 uti
515 861 808 918 praeceptum
845 856 1014 917 fuerat,
1062 862 1166 917 post
1214 858 1331 902 diem
1370 858 1591 904 decimum
1625 859 1772 904 redire

407 978 564 1014 Attinere
589 980 640 1011 est
662 975 761 1020 quasi
783 976 827 1010 ad
849 986 885 1009 se
911 977 1096 1010 attractum
1118 979 1253 1019 tencre,
1285 978 1342 1012 vel
1363 978 1532 1020 retiner-03
1553 978 1599 1013 cf.
1625 978 1770 1024 Fragm.

406 1039 556 1075 Histoi-r.
578 1039 606 1079 Ι,
629 1037 686 1078 19,
709 1037 765 1070 16.
805 1037 874 1078 Ne,
897 1036 1027 1080 inquies
1050 1037 1133 1080 ipse,
1156 1047 1216 1070 uos
1237 1037 1275 1070 in
1297 1038 1524 1072 sollicitudine
1547 1038 1770 1073 attinean-

404 1097 615 1142 Saepissime
646 1097 793 1130 verbum
826 1107 848 1130 a
877 1095 1007 1130 Tacito
1037 1099 1249 1139 usurpatur-3
1280 1106 1314 1129 v.
1345 1097 1556 1132 Boetticheri
1579 1098 1659 1132 Lex.
1683 1098 1770 1132 Tac.

404 1172 441 1204 p.
465 1158 512 1193 46
534 1170 584 1202 sq.
609 1174 652 1184 —
684 1144 738 1190 De
769 1155 886 1190 verbis
916 1167 1011 1190 cum
1045 1156 1159 1189 απίπιο
1189 1157 1374 1191 volvere
1401 1167 1438 1192 v.
1467 1161 1630 1192 annotata
1660 1158 1706 1192 ud
1737 1170 1771 1194 e.

404 1220 471 1262 VI,
494 1219 528 1252 2.
554 1229 587 1262 p.
611 1216 670 1253 38.
693 1220 728 1250 e:
749 1215 794 1250 ad
816 1228 846 1249 c.
869 1217 940 1257 xl,
963 1214 998 1248 8.
1023 1225 1059 1258 p.
1081 1215 1138 1249 60.
1161 1233 1209 1241 —-
1242 1217 1296 1250 De
1318 1228 1363 1250 an
1383 1217 1556 1261 particula
1575 1227 1611 1253 v.
1633 1217 1770 1253 doctam

403 1278 535 1315 Handii
557 1276 823 1322 disputationem
843 1276 880 1310 iu
902 1275 1053 1310 Particc.
1076 1276 1167 1310 Latt.
1190 1276 1268 1310 Vol.
1290 1275 1321 1312 1.
1345 1268 1376 1320 p.
1399 1276 1470 1311 3⁰7
1491 1289 1564 1321 sqq.

495 1339 527 1379 §.
559 1336 593 1370 1.
631 1337 826 1380 respondit]
874 1337 954 1369 Hoc
975 1336 1119 1368 verbum
1142 1336 1237 1370 deest
1257 1335 1294 1369 in
1318 1337 1435 1370 Guelf.
1459 1337 1492 1370 1.
1515 1337 1622 1372 Acad.
1643 1337 1770 1372 Franc.

402 1395 515 1431 Paris.
536 1396 601 1439 A„
634 1406 703 1430 uno
734 1395 844 1437 Rivii,
875 1396 956 1429 Seu.
987 1395 1023 1430 2.
1053 1396 1179 1429 Reuss.
1203 1392 1322 1430 Goerl.
1345 1396 1461 1430 Bet-ol.
1484 1395 1517 1429 1.
1540 1395 1575 1431 2.
1597 1397 1708 1431 Paris.
1730 1398 1768 1434 b.

401 1460 438 1490 et
459 1455 552 1489 inter
573 1466 692 1489 versus
718 1458 894 1499 comparet
915 1455 952 1488 in
977 1455 1081 1490 Mark
1103 1458 1146 1490 Γ.
1191 1457 1243 1489 Eo
1274 1455 1423 1499 permoti
1449 1455 1588 1489 Cottius
1613 1459 1650 1490 et
1678 1457 1770 1490 Ger-

399 1516 539 1550 lachius
561 1503 745 1548 eiecerunt.
791 1515 861 1548 Sed
887 1525 1095 1558 quamquam
1124 1525 1193 1548 non
1225 1514 1299 1549 sine
1329 1515 1448 1559 aliqua
1477 1514 1554 1548 veri
1586 1515 1703 1559 specie
1731 1516 1769 1550 id

400 1575 524 1610 fecisse
545 1574 724 1616 videntur,
755 1577 873 1608 tamen
894 1574 1056 1617 loquendi
1078 1586 1159 1608 usus
1181 1576 1355 1618 postulat,
1387 1578 1426 1610 ut
1451 1576 1596 1610 verbum
1618 1576 1769 1611 rotinen-

400 1638 480 1677 tur;
504 1645 538 1668 v,
562 1635 607 1668 ad
630 1633 731 1668 Catil.
753 1645 783 1667 c.
808 1634 968 1676 XXXIV,
991 1634 1023 1667 1.
1047 1635 1090 1668 ad
1111 1635 1187 1679 lug.
1212 1635 1289 1677 cm
1305 1634 1362 1669 10.
1387 1655 1434 1662 —
1455 1635 1600 1670 Rectius
1622 1639 1768 1682 egerunt

399 1694 438 1729 iu
466 1695 668 1738 pronomine
697 1705 733 1728 ee
771 1694 989 1737 expellendo,
1030 1694 1121 1736 quod
1153 1695 1261 1739 vulgo
1294 1697 1374 1728 ante
1406 1695 1596 1730 locuturum
1625 1697 1767 1742 legitur.

398 1755 490 1790 Nam
513 1755 595 1799 quin
617 1766 639 1789 a
660 1754 782 1789 scribis
804 1754 849 1788 sit
867 1754 1020 1795 illatum,
1050 1754 1110 1788 vix
1131 1754 1284 1788 dubitari
1306 1757 1435 1800 potest,
1467 1767 1575 1799 quum
1603 1766 1626 1791 a
1648 1757 1764 1791 Guelf.

398 1815 455 1851 10.
478 1816 602 1849 Frane.
625 1815 734 1849 Laud.
756 1815 790 1848 2.
814 1814 860 1856 3.,
884 1825 953 1847 uno
977 1814 1093 1857 Rivii,
1123 1815 1240 1848 Goerl.
1261 1815 1372 1849 Paris.
1395 1815 1428 1850 b.
1454 1819 1489 1850 et
1511 1817 1566 1851 ed.
1589 1817 1707 1851 Venet.
1731 1827 1764 1852 a.

398 1874 502 1910 1470.
531 1874 641 1916 absit,
666 1874 703 1908 iu
734 1874 845 1909 Paris.
874 1885 903 1907 c.
933 1876 1011 1917 post
1041 1875 1235 1917 respondit,
1267 1874 1304 1908 in
1334 1875 1452 1910 Berol.
1483 1876 1518 1911 1.
1547 1876 1582 1910 2.
1605 1880 1640 1912 et
1661 1877 1764 1913 Misn.

398 1938 477 1979 post
506 1946 620 1978 pauca
651 1935 802 1979 legatur.
854 1935 906 1967 De
938 1933 1070 1977 ellipsis
1101 1945 1166 1966 usu
1196 1938 1231 1968 ct
1261 1935 1408 1977 ratione,
1429 1936 1554 1970 scribis
1574 1936 1705 1981 ignota,
1728 1948 1762 1971 v.

398 1996 445 2030 ad
467 2007 498 2029 c.
522 1995 623 2036 xlv,
653 1995 688 2029 3.
711 1999 746 2029 et
767 1994 924 2034 LXXVI,
947 1994 981 2027 1.
1007 2012 1054 2019 —
1085 1994 1178 2036 Sibi,
1210 1995 1302 2037 quod
1334 1996 1500 2030 Gruterus
1531 1997 1668 2038 omisit,
1696 2007 1764 2031 uon

399 2059 532 2090 constat
554 2059 672 2090 utrum
694 2055 791 2088 codd.
816 2054 1032 2096 auctoritate,
1055 2065 1173 2095 necne,
1196 2054 1231 2088 iu
1254 2055 1374 2089 ceteris
1396 2055 1556 2090 omuibus
1577 2060 1765 2100 comparet,

399 2128 507 2160 quare
530 2127 598 2151 non
621 2120 682 2158 est,
704 2127 766 2149 cur
788 2115 972 2158 deleamus,
996 2115 1087 2158 quod
1107 2114 1243 2165 Cottius
1265 2118 1300 2149 et
1319 2115 1529 2150 Gerlachius
1547 2116 1583 2150 in
1605 2117 1658 2153 ed.
1680 2117 1762 2152 mai.

398 2179 565 2211 fecerunt.
596 2195 641 2203 —
675 2178 727 2210 De
757 2175 975 2209 coniunctivo
1008 2175 1203 2218 imperfecti
1232 2186 1275 2208 ex
1307 2176 1426 2211 edocet
1455 2177 1621 2219 pendente
1650 2187 1687 2216 Ἰ.
1716 2177 1763 2212 ad

399 2238 476 2271 Cat.
500 2249 530 2271 c.
553 2237 711 2279 XXXIV,
735 2236 770 2269 1.
794 2247 829 2279 p.
852 2235 931 2270 157.
965 2236 1061 2269 Male
1081 2234 1118 2268 in
1140 2235 1312 2270 nonnullis
1334 2235 1445 2270 Cottii
1465 2235 1564 2271 libris
1586 2236 1632 2271 ab
1654 2236 1762 2271 inter-

397 2297 615 2341 polatoribus
635 2297 801 2340 scriptum
829 2296 1112 2341 respondeantur.

491 2358 525 2401 ς.
555 2357 589 2391 2.
622 2358 723 2391 sicuti
744 2357 925 2400 voluerat]
978 2357 1140 2389 Vulnerat
1169 2365 1212 2388 ex
1241 2354 1337 2389 haud
1359 2355 1479 2400 paucis
1501 2356 1599 2390 codd.
1623 2355 1762 2391 Gortius

399 2421 492 2452 recte
525 2417 664 2461 scripsit
695 2428 760 2461 pro
789 2418 980 2458 voluerant,
1014 2416 1105 2459 quod
1137 2415 1242 2449 ceteri
1271 2418 1407 2456 teneut3
1437 2415 1538 2451 Sulla
1559 2415 1652 2450 enim
1673 2416 1758 2461 ipse,

397 2488 420 2512 a
443 2477 588 2510 Boccho
611 2481 755 2522 rogatus
786 2477 836 2520 (v.
861 2488 892 2511 c.
915 2475 1043 2518 CVIII,
1065 2476 1140 2519 2.),
1171 2475 1335 2519 colloquii
1363 2476 1505 2509 modum
1527 2475 1771 2512 constituerat..

397 2537 495 2572 Nihil
520 2537 592 2582 egit
614 2537 723 2582 igitur
745 2536 915 2582 Langffis,
939 2536 999 2578 qui
1020 2536 1201 2569 voluerant
1224 2535 1393 2576 defendit,
1415 2535 1657 2580 interpretatus
1678 2548 1758 2570 con-

398 2602 576 2639 venerant,
607 2597 698 2641 quod
729 2608 839 2640 neque
860 2596 1023 2630 Latinum
1046 2598 1109 2639 est,
1141 2598 1176 2629 et
1206 2606 1286 2628 cum
1313 2595 1365 2629 rei
1386 2598 1505 2640 gestae
1526 2595 1672 2630 veritate
1692 2607 1757 2639 pu—

398 2661 494 2701 gnat.
515 2673 559 2683 —-
582 2658 790 2701 Agitaturus
813 2657 940 2691 rectius
961 2656 1133 2689 vocabulo
1151 2666 1280 2700 pacem,
1303 2666 1409 2699 quam
1431 2656 1554 2689 bellum
1575 2655 1757 2690 convenire

397 2717 470 2752 ium
493 2716 643 2752 diximus
664 2717 710 2752 ad
731 2727 761 2751 c.
785 2716 854 2760 ΙΝ,
877 2715 911 2750 8.
955 2717 1091 2751 Tamen
1111 2718 1286 2751 structum
1306 2714 1366 2749 vix
1386 2715 1431 2750 ad
1452 2713 1644 2759 zeugmatis
1663 2713 1754 2748 inso-
