1826 3276
484 164 855 209 IUGURTHA.
916 167 1039 210 (ΖΑΓ.
1067 166 1198 209 XXI.
1445 173 1529 214 133

107 281 326 329 hostium
371 282 609 336 invadunt3
669 260 965 329 semisomnos
1007 285 1197 345 partim,
1246 284 1355 330 alios
1401 302 1526 332 arma

129 382 339 425 sumentis
381 381 542 442 fugant
581 380 890 440 funduntque3
935 381 1172 427 Adherbal
1218 397 1322 428 cum
1367 385 1525 444 paucis

69 466 72 478 ¹
127 479 349 537 equitibus
397 478 568 524 Cirtam
611 478 841 539 profugit,
889 485 934 524 et
978 480 1023 523 ni
1067 480 1304 526 multitudo
1341 487 1522 542 togato-

123 590 226 620 rum
272 576 452 635 fuisset‚
512 591 628 634 quae
684 576 906 622 Numidas
961 577 1232 635 insequentis
1287 579 1520 624 moenibus

122 673 378 734 prohibuit,
425 688 516 717 uno
554 672 627 716 die
661 673 776 717 inter
813 673 926 717 duos
961 689 1092 733 reges
1130 681 1345 735 coeptum
1383 682 1518 736 atque

120 776 344 831 patratum
395 770 565 814 bellum
621 770 756 817 foret.
836 770 979 831 Igitur
1028 770 1251 832 Iugurtha
1294 774 1554 834 oppidum3

430 838 446 859 ἱ

117 931 186 974 ῪΙ,
219 931 300 967 356.
336 932 395 967 viz·
426 932 599 981 lumnine
635 936 806 977 quarto
838 933 1000 978 prospexi
1030 934 1174 968 Italiam
1185 946 1198 976 ,·
1231 945 1313 969 nam
1344 934 1423 980 quis
1446 947 1517 970 non

115 992 213 1027 videt
236 997 357 1037 poetas
380 1004 444 1038 pro
467 993 608 1028 licentia
632 1005 696 1028 sua
720 995 835 1028 lumen
859 995 952 1028 nuda
984 997 1148 1040 temporis
1172 983 1429 1042 significatione
1453 1008 1515 1042 po-

115 1054 250 1089 suisse?
275 1057 465 1100 ——5ugant
483 1055 720 1101 funduntque.
753 1057 858 1090 Hunc
880 1056 1069 1091 verborum
1094 1058 1253 1092 ordinem
1277 1059 1440 1093 Dukerus
1469 1059 1516 1093 ad

114 1116 211 1159 Flor.
230 1117 289 1157 III,
308 1115 350 1160 4,·
369 1116 403 1150 4.
427 1116 591 1149 observat
610 1122 731 1151 contra
756 1129 891 1151 morem
917 1117 1075 1151 omnium
1102 1118 1312 1163 scriptorum
1337 1131 1423 1161 esse,
1455 1120 1515 1164 qui

107 1179 246 1224 fugare
276 1181 506 1221 postponant,
541 1180 576 1210 et
609 1176 660 1211 ita
693 1189 776 1211 sane
806 1182 858 1212 est
881 1179 959 1223 Iug-
985 1179 1113 1218 LVIII,
1137 1179 1170 1213 3.
1198 1180 1245 1214 cf.
1268 1181 1444 1215 Drakenb.
1469 1181 1515 1215 ad

113 1239 192 1273 Liv.
215 1239 415 1280 xxxvm,
441 1238 507 1279 53,
531 1237 566 1273 2.
589 1238 657 1272 Sed
683 1239 830 1272 eundem
855 1238 961 1282 atque
992 1239 1178 1274 Sallustius
1210 1241 1368 1275 ordinem
1403 1242 1514 1276 habet

111 1300 219 1335 etiam
250 1300 372 1335 Vellei.
406 1299 461 1343 11,
495 1298 564 1340 46,
601 1299 635 1332 4.
672 1299 734 1333 ubi
767 1311 799 1332 v.
831 1300 1020 1334 Ruhnken.
1054 1302 1099 1335 cf.
1133 1301 1240 1336 etiam
1265 1302 1442 1337 Drakenb.
1467 1303 1512 1337 ad

110 1362 188 1397 Liv.
212 1362 267 1404 11,
291 1361 335 1404 6,
358 1361 416 1395 ll.
443 1378 489 1386 -
517 1361 648 1405 Togati
671 1364 749 1411 sunt
772 1362 863 1395 cives
885 1362 1058 1409 Romani;
1096 1363 1141 1396 cf.
1170 1363 1341 1398 Matthias
1365 1364 1409 1397 ad
1438 1363 1510 1398 Cic.

109 1434 145 1468 p.
178 1423 284 1458 Rosc.
314 1423 392 1456 Am.
425 1433 455 1457 c.
487 1421 557 1464 46,
592 1420 673 1456 135.
706 1422 845 1456 Ernesti
875 1423 911 1456 in
934 1423 1036 1458 clav,
1063 1423 1134 1458 Cic.
1159 1425 1198 1459 h.
1222 1436 1256 1458 v,
1281 1425 1439 1469 Herzog.
1464 1425 1510 1459 ad

110 1485 211 1519 Caes.
228 1484 273 1518 Β.
299 1485 342 1518 G.
368 1484 468 1525 vm,
492 1483 550 1518 24.
575 1484 652 1518 Hos
675 1483 836 1518 homines
860 1483 948 1517 Sall.
964 1483 1059 1518 infra
1081 1497 1112 1518 c.
1137 1486 1270 1528 xxvi,
1297 1485 1329 1520 1.
1354 1487 1508 1529 Italicos,

109 1549 146 1579 et
175 1545 263 1581 ibid.
295 1548 328 1588 §.
359 1545 394 1580 3.
432 1546 670 1591 negotiatores
705 1548 828 1588 vocat,
868 1556 1021 1589 quocum
1054 1546 1218 1581 convenit
1253 1547 1345 1592 quod
1381 1558 1440 1580 eos
1474 1560 1506 1582 c.

110 1607 258 1648 XLVII,
290 1606 326 1642 1.
358 1606 395 1640 ἰη
427 1607 590 1650 pluribus
616 1606 759 1641 Africae
791 1605 928 1650 oppidis
959 1607 1108 1642 incolere
1137 1613 1171 1642 et
1204 1607 1357 1641 mercari
1381 1607 1506 1642 solitos

109 1667 208 1702 dicit.
243 1678 278 1702 v.
309 1667 418 1701 etiam
452 1667 497 1701 ad
533 1668 609 1702 Cat.
645 1667 728 1709 XL,
752 1667 787 1703 2.
815 1687 850 1692 —
878 1666 967 1701 Ante
989 1669 1166 1703 moenibus
1190 1669 1326 1712 aliquot
1350 1668 1448 1702 codd.
1482 1680 1507 1703 a

107 1728 398 1773 praepositionem
429 1728 602 1772 inserunt,
634 1739 704 1773 qua
739 1739 807 1761 non
839 1738 926 1772 opus
961 1733 1035 1771 est;
1070 1730 1117 1764 cf.
1151 1730 1226 1764 Cat.
1259 1730 1435 1773 XXVIII,
1468 1730 1503 1764 3.

107 1791 208 1835 Quae
231 1794 349 1825 autem
372 1791 518 1835 perfecti
540 1790 718 1836 prohibuit
740 1788 901 1837 ratiolsit
922 1788 1075 1824 diximus
1096 1790 1141 1824 ad
1166 1791 1242 1824 Cat.
1267 1791 1389 1832 xvn,
1412 1790 1434 1824 2
1459 1811 1505 1816 -——

112 1853 187 1886 Uno
210 1851 268 1886 die
291 1857 449 1896 coeptum
474 1857 580 1897 atque
600 1856 782 1897 patratum
807 1844 933 1884 ballum
947 1853 1068 1894 foret,
1103 1850 1230 1886 iisdem
1254 1863 1365 1896 paene
1388 1852 1506 1886 verbis

105 1913 237 1960 legitur
267 1913 360 1957 apud
399 1913 516 1948 Tacit.
547 1914 632 1955 XII,
673 1911 738 1955 16,
782 1911 817 1946 2.
850 1923 892 1945 ac
927 1912 965 1945 ni
996 1913 1167 1956 proelium
1199 1925 1266 1946 nox
1298 1913 1504 1956 diremisset,

104 1979 227 2020 coeptu
254 1979 468 2020 patrataque
501 1974 717 2020 expugnatio
747 1973 893 2006 eundern
927 1973 1024 2007 intra
1056 1973 1148 2006 diem
1177 1975 1287 2017 fooet.
1324 1974 1504 2019 Frequens

104 2035 212 2071 dictio
243 2039 296 2070 est
323 2041 470 2082 patrare
504 2036 651 2076 bellum3
684 2046 718 2068 v.
751 2034 846 2068 infra
879 2045 909 2069 c.
946 2033 1162 2076 LXXVs‘AE.
1195 2035 1431 2078 LXXXVIII,
1465 2035 1500 2070 4.

103 2098 218 2139 XCII,
249 2097 284 2131 1.
322 2098 411 2132 Tac.
445 2097 532 2133 Ann.
564 2097 616 2139 II,
649 2095 716 2139 26,
747 2095 781 2129 2.
815 2094 909 2128 Hist.
941 2095 1011 2136 III,
1044 2095 1115 2138 64,
1140 2099 1226 2130 extr.
1251 2097 1430 2133 Drakenb.
1455 2097 1502 2131 ad

102 2158 182 2194 Liv.
205 2159 312 2202 XLII,
334 2158 391 2202 30,
416 2158 474 2192 11.
505 2157 747 2192 Nihilominus
770 2156 918 2201 Quintil.
942 2157 1033 2198 VIII,
1056 2156 1090 2199 3,
1115 2156 1174 2192 44.
1205 2159 1391 2193 nonnullos
1413 2157 1502 2192 fuis-

102 2232 142 2255 se
170 2224 313 2262 narrat,
344 2219 470 2264 quibus
503 2222 538 2254 et
571 2220 662 2254 haec
693 2219 827 2260 verba,
860 2221 895 2252 et
926 2217 1133 2252 ductare
1167 2220 1354 2253 exercitum
1388 2219 1500 2264 (quod

102 2282 271 2327 exemplis
292 2281 546 2317 illustravimus
568 2281 612 2316 ad
638 2281 712 2315 Cat.
738 2279 808 2322 XI,
834 2279 888 2324 5.)
911 2278 947 2313 in
972 2280 1160 2314 obscenum
1186 2280 1405 2314 intellectum
1438 2281 1501 2314 de-

102 2343 260 2387 torqueri
295 2354 395 2388 posse
427 2341 640 2376 viderentur.
695 2341 804 2376 Nobis
836 2341 880 2374 de
914 2340 1010 2384 turpi
1041 2353 1080 2375 re
1103 2353 1170 2376 non
1197 2341 1282 2375 libet
1309 2352 1499 2386 quaerere3

101 2415 185 2439 vere
207 2403 301 2438 enim
324 2401 564 2448 Quintilianus
586 2405 700 2436 censet
730 2402 824 2437 hanc
852 2399 1108 2447 κακεμφάτου’
1127 2403 1270 2447 culpam
1304 2402 1498 2447 legentium

101 2464 219 2510 potius
263 2475 338 2499 esse
379 2475 484 2508 quam
523 2463 762 2499 scribcntium.
826 2463 989 2498 ceterum
1034 2463 1266 2497 Doederlinus
1299 2463 1496 2510 Synonym.

100 2525 178 2560 Lat.
213 2526 288 2562 Vol.
322 2525 392 2567 lv,
427 2537 460 2569 p.
491 2524 572 2559 367.
598 2525 632 2570 §.
658 2525 716 2558 11.
737 2529 885 2570 patrare
908 2528 1003 2560 recte
1025 2528 1141 2559 censet
1174 2524 1311 2559 nonnisi
1343 2525 1498 2570 antiqui—

101 2585 183 2622 tatis
203 2587 358 2631 quodam
382 2586 499 2620 colore
521 2596 544 2621 a
563 2587 730 2631 perficere
752 2586 906 2630 differre,
931 2589 967 2620 et
989 2586 1196 2630 plerumque
1218 2586 1255 2622 in
1270 2586 1498 2632 gravioribus

101 2647 205 2682 rebus
227 2646 311 2682 dici.

103 2724 106 2725 ⁷
192 2709 225 2751 §.
255 2707 291 2743 3.
337 2708 450 2743 vineis
480 2708 700 2753 turribusque
734 2713 769 2743 et
802 2707 987 2751 machinis]
1029 2708 1083 2743 De
1115 2708 1226 2743 vine1‘s
1257 2709 1304 2745 cf.
1338 2708 1431 2742 inb-a
1465 2719 1497 2741 c.

103 2767 286 2811 XXXVII,
309 2767 342 2803 4.
366 2769 528 2813 LXXVI,
552 2769 586 2804 3.
611 2769 727 2813 XCII,
753 2768 787 2803 8.
813 2769 935 2815 Veget.
959 2769 1027 2812 lv,
1058 2768 1115 2805 15.
1140 2770 1239 2806 Voss.
1263 2770 1308 2805 ad
1333 2769 1431 2804 Caes.
1452 2768 1497 2801 B.
