1826 3276
410 170 418 177 ’
456 194 820 238 IUGURTHA.
881 193 1012 239 GAP.
1039 158 1155 237 in.
1405 193 1494 240 sss

100 311 314 358 iudicium
349 312 551 374 fugerat,
596 311 722 371 quod
764 311 806 356 ei
848 326 934 373 per
967 325 1221 357 maxumam
1250 311 1490 358 amicitiam

99 382 308 455 maxuma
347 410 479 471 copia
521 409 720 454 fallendi
751 414 868 466 erat,
913 409 1061 454 multis
1093 408 1488 470 pollicitationibus

100 507 377 569 aggreditur.
447 507 517 554 Ac
551 507 699 568 primo
739 505 900 564 efficit,
934 506 998 551 uti
1027 506 1087 551 ad
1116 522 1164 551 se
1201 506 1489 567 colloquendi

99 605 246 666 gratia
288 605 490 651 occultus
526 605 693 659 veniat3
739 603 903 649 deinde
948 603 1042 649 fide
1077 603 1206 664 data,
1254 605 1290 650 si
1323 605 1490 667 Iugur-

98 701 224 747 tham
268 702 416 749 vivum
461 707 537 746 aut
576 706 782 746 necatum
829 701 914 746 sibi
951 700 1229 758 tradidisset,
1273 701 1396 761 fore,
1441 709 1492 748 ut

99 799 163 844 illi
206 805 380 845 senatus
430 799 740 860 impunitatem
785 805 830 843 et
882 813 963 842 sua
1011 797 1159 842 omnia
1199 799 1511 861 concederet,

99 915 307 956 quentem
347 909 619 947 Numidiam
651 909 754 945 milti
784 910 945 956 vastique
978 909 1045 944 loci
1076 914 1198 951 erunt,
1228 910 1254 948 i.
1282 921 1315 945 e.
1351 917 1387 946 et
1411 924 1490 947 eam

100 972 293 1007 Numidiae
321 976 479 1018 purtem,
505 971 870 1017 quae'frequentatur.
916 970 995 1007 Non
1029 973 1082 1006 est
1114 969 1248 1016 igitur,
1280 970 1378 1013 quod
1410 982 1491 1006 cum

97 1031 201 1078 Bipp.
225 1036 260 1068 et
282 1033 455 1068 Muellero
477 1032 652 1069 scribatur
678 1045 765 1080 qua
787 1045 841 1079 pr.
866 1037 918 1069 est
942 1032 1004 1075 Ν.,
1028 1041 1244 1075 quamquam
1276 1040 1343 1075 per
1364 1041 1402 1065 se
1423 1030 1492 1066 istu

97 1093 299 1129 coniectura
321 1105 390 1129 non
413 1094 512 1129 mala
533 1097 598 1129 est.
643 1095 810 1139 Ceterum
836 1099 908 1137 est,
941 1093 1034 1139 quod
1059 1091 1268 1127 Gerlachius
1290 1090 1414 1132 eiecit,
1436 1102 1491 1125 re-

97 1154 288 1201 tinendum,
313 1167 422 1200 quum
445 1155 482 1191 in
504 1156 580 1191 solo
603 1156 678 1192 cod.
701 1157 807 1193 Acad.
833 1156 932 1199 desit,
954 1155 991 1190 in
1007 1154 1061 1189 ed.
1085 1154 1238 1190 Havete.
1261 1154 1382 1188 autem
1406 1150 1491 1187 cu'su

97 1215 266 1252 excidisse
286 1216 459 1253 videatur.

164 1274 171 1287 ¹
190 1280 225 1322 S.
249 1277 283 1314 4.
307 1279 398 1313 clam
431 1278 475 1314 de
498 1278 676 1315 Massivae
699 1280 806 1325 nece]
839 1278 937 1314 Olim
960 1278 1052 1313 clam
1075 1279 1156 1312 ante
1178 1275 1327 1312 vadibus
1348 1275 1490 1321 legeba-

98 1341 167 1380 tur,
189 1338 252 1383 qui
274 1339 370 1374 vocis
392 1340 502 1384 locus,
527 1341 627 1376 nulla
651 1340 813 1375 codicum
837 1335 1046 1375 auctoritate
1068 1338 1240 1381 firmatus,
1264 1337 1390 1372 merito
1412 1336 1493 1370 inde

97 1410 122 1435 a
145 1399 302 1436 Grutem
318 1404 481 1437 mutatus
499 1405 560 1437 est.
607 1402 678 1437 Sed
701 1402 793 1446 quod
817 1401 972 1436 eiusdem
995 1400 1159 1445 exemplo
1182 1398 1352 1440 obtinuit,
1384 1400 1425 1432 ut
1448 1397 1492 1432 de

97 1463 176 1505 post
199 1462 383 1497 Massivae
406 1458 664 1506 collocaretur,
687 1466 845 1508 repetere
868 1461 1066 1506 noluimus,
1091 1472 1200 1506 quum
1223 1463 1366 1506 praeter
1386 1460 1490 1494 Com-

99 1521 182 1555 mel.
204 1521 320 1559 Palat.
344 1522 482 1569 2.,Sen.
507 1524 542 1559 1.
577 1528 612 1560 et
643 1525 731 1560 Tur.
755 1525 790 1560 1.
815 1535 934 1560 omnes
964 1523 1002 1558 iu
1032 1524 1180 1568 vulgato
1203 1522 1324 1558 ordine
1346 1520 1493 1556 minime

99 1581 329 1626 improbando
361 1586 586 1622 consentiant.
636 1587 830 1631 Perperam
863 1590 982 1621 autem
1011 1585 1206 1620 Muellerus
1237 1585 1282 1620 ad
1313 1595 1416 1619 voces
1448 1584 1492 1618 de

100 1654 183 1677 nece
205 1643 435 1688 supplendum
457 1650 573 1682 censet
597 1649 723 1691 sacta,
752 1657 822 1681 non
845 1647 1048 1682 recordatus
1070 1646 1115 1682 de
1136 1657 1220 1680 nece
1252 1646 1419 1681 iudicium
1441 1645 1493 1679 ita

23 1735 26 1740 .
101 1703 233 1740 dictum
256 1716 352 1748 esse,
376 1709 415 1742 ut
443 1711 540 1742 arcto
569 1718 662 1742 nexu
690 1711 877 1751 utrumque
910 1708 1122 1742 vocabulum
1156 1705 1396 1752 contineatur,
1429 1704 1491 1750 qui

101 1778 184 1801 usus
205 1766 406 1802 tritissimus
439 1771 494 1803 est
527 1768 563 1802 in
596 1768 719 1814 legum
743 1768 853 1803 titulis
876 1767 1075 1803 afferendis.
1121 1767 1242 1811 Neque
1265 1765 1493 1811 participium

101 1827 335 1872 desiderabit,
357 1829 418 1873 qui
439 1829 654 1874 reputaverit
671 1829 891 1864 substantiva
913 1840 994 1863 cum
1017 1827 1288 1873 praepositione,
1312 1837 1403 1870 quae
1423 1837 1493 1861 non

101 1900 145 1923 ex
167 1889 283 1924 verbo
299 1890 470 1934 pendeat,
504 1890 624 1925 iuncta
645 1890 720 1925 vim
750 1892 885 1926 habere
914 1889 1082 1937 genitivi,
1115 1892 1155 1924 ut
1187 1887 1414 1935 grammatici
1437 1887 1494 1923 lo-

100 1953 274 1995 quuntur,
309 1951 497 1996 obiectixgi,
531 1955 592 1987 aut
614 1951 796 1996 adiectivi,
830 1958 870 1988 ut
893 1952 998 1987 facile
1020 1953 1115 1996 patet
1138 1949 1195 1985 his
1217 1949 1386 1994 exemplis
1410 1960 1495 1984 con-

100 2011 282 2047 sideratin
312 2012 446 2047 Ennius
477 2013 573 2058 apud
595 2012 668 2051 Cic.
697 2012 739 2048 de
761 2012 881 2049 Divin.
902 2013 940 2055 1,
974 2011 1032 2057 58,
1058 2011 1139 2047 132.
1188 2011 1276 2058 Non·
1294 2011 1403 2046 habeo
1425 2010 1494 2045 de·-

100 2074 203 2119 m'que
231 2075 336 2109 uauci
369 2075 528 2110 Marsum
561 2072 755 2121 augurem,
792 2074 870 2108 Non
902 2074 1043 2109 vicanos
1078 2073 1302 2118 haruspices,
1336 2084 1405 2107 non
1438 2072 1495 2106 de

103 2135 226 2170 circo
249 2138 527 2183 astrologos.
550 2137 603 2172 Id.
628 2137 672 2171 de
694 2135 737 2170 N.
764 2136 805 2168 1).
834 2135 881 2178 11,
903 2134 964 2178 49,
988 2134 1069 2171 125.
1116 2135 1212 2170 Illud
1236 2135 1280 2169 ab
1306 2133 1495 2169 Aristotele

47 2189 54 2193 ⁶
103 2197 404 2243 animaduersum,
443 2211 468 2233 a
499 2211 583 2245 quo
614 2199 845 2244 pleraque
880 2197 956 2242 quis
985 2201 1099 2242 potest
1132 2209 1200 2231 non
1230 2194 1384 2230 mirari?
1414 2195 1494 2239 lug.

102 2257 267 2297 XXXIII,
289 2257 330 2294 4(
355 2260 494 2296 Scelere:
516 2261 554 2295 iu
574 2265 712 2305 patrem
731 2262 943 2304 fratresque.
966 2258 1089 2301 XCIII,
1112 2258 1148 2293 2.
1193 2257 1345 2301 Quidam
1369 2256 1495 2302 Ligus,

104 2330 154 2354 ex
185 2319 455 2356 cohortibus
478 2321 708 2356 auxiliaribus
730 2322 877 2356 miles.
899 2319 1024 2362 XCIV,
1047 2320 1082 2355 1.
1131 2319 1241 2353 Scuta
1267 2330 1316 2354 ex
1342 2318 1497 2353 coriis.

105 2381 221 2415 Varro
251 2382 296 2416 de
321 2382 368 2416 R.
400 2382 447 2415 R.
478 2381 517 2424 I,
542 2380 599 2418 15.
657 2383 754 2418 Lites
782 2395 834 2418 ex
865 2381 1109 2417 limitibus.
1151 2379 1280 2416 Catull.
1316 2379 1435 2423 XXV,
1460 2377 1496 2415 5.

107 2442 166 2476 De
198 2442 278 2476 via
311 2443 488 2477 mulier.
518 2442 634 2478 Plaut.
666 2444 760 2481 Rud.
784 2445 841 2488 ll,
865 2443 912 2485 6,
943 2441 1001 2479 19.
1052 2439 1143 2485 Quid
1176 2442 1261 2476 mihi
1285 2446 1427 2476 erat—
1449 2441 1497 2476 iu

107 2514 270 2538 navem
300 2503 567 2538 iuscensio?
599 2503 688 2541 Sall.
713 2506 789 2542 Cat.
812 2503 971 2544 XXXV,
999 2501 1034 2537 2.
1095 2501 1401 2538 Conscientia
1442 2502 1497 2538 de

106 2566 250 2611 cuipa-
283 2564 438 2600 Historr.
461 2565 611 2610 Fragm.
636 2566 709 2601 Inc.
734 2566 802 2607 17,
831 2565 866 2599 6.
892 2564 987 2599 Gerl.
1046 2563 1179 2599 Sertori
1205 2575 1292 2609 per
1322 2564 1497 2599 montis

99 2629 234 2672 suga.
280 2626 348 2661 His
372 2627 478 2669 adde,
517 2637 609 2671 quae
632 2627 678 2663 ad
710 2639 741 2662 c.
765 2627 859 2669 LIV,
882 2627 918 2662 6.
952 2625 995 2659 de
1017 2625 1141 2660 eodem
1163 2636 1229 2659 usu
1251 2625 1325 2660 siue
1347 2636 1498 2670 praepo-

105 2686 242 2722 sitionis
263 2678 427 2731 diximus,
449 2692 486 2723 et
509 2689 656 2734 Grysar.
679 2688 755 2724 Art.
777 2688 901 2723 Latine
922 2686 1096 2722 scribendi
1118 2698 1152 2732 p.
1170 2684 1252 2722 185.
1277 2688 1310 2730 §-
1335 2685 1427 2721 2.-
1443 2687 1497 2721 De

106 2748 316 2784 Bomilcaris
339 2749 426 2795 fuga
447 2748 569 2784 iudicii
600 2761 633 2784 v.
658 2760 765 2794 supra
798 2761 829 2783 c.
855 2748 997 2783 XXXV.
1022 2767 1068 2774 —-
1105 2748 1240 2784 Deinde
1263 2759 1383 2783 omncs
1408 2747 1495 2782 Ger-

107 2809 215 2845 lnchii
240 2812 275 2845 et
305 2811 376 2846 mci
407 2810 503 2846 codd.
541 2811 728 2856 peaebeuu
763 2810 901 2846 Cortius
937 2809 1019 2846 dein
1051 2808 1212 2855 σοι-ἱρείη
1248 2819 1281 2845 v.
1316 2808 1422 2843 Indic.
1452 2827 1492 2831 κ
