1826 3276
370 170 461 210 380
724 163 768 204 C.
797 162 1122 205 SALLUSTI
1151 163 1370 207 cmsl‘l

371 293 506 338 quam
536 277 582 322 id
617 272 775 320 frustra
809 275 904 333 fuit,
938 274 1199 336 Iugurtham
1238 276 1444 337 placandi
1452 249 1616 342 'gratia
1643 297 1720 326 ac-

372 373 509 427 cedit3
554 370 680 428 dicit,
733 385 847 428 quae
887 370 983 430 ipse
1022 371 1263 431 paravisset
1314 371 1489 428 facere,
1530 376 1720 435 perfidia

372 466 535 512 clientis
590 465 657 508 sui
709 470 974 524 praeventa;
1037 465 1284 511 lacrumans
1343 466 1581 527 obtestatur
1637 486 1720 531 per

370 560 600 605 amicitiam
634 574 804 620 perque
841 574 920 604 sua
953 567 1081 605 antea
1107 560 1296 606 fideliter
1329 567 1427 606 acta
1441 595 1455 619 ‚
1501 578 1556 608 ne
1590 579 1722 626 super

369 656 446 701 tali
479 655 645 701 scelere
679 660 931 714 suspectum
961 671 1056 705 sese
1084 655 1280 701 haberet.

501 749 685 794 Lxxn.
752 748 827 793 Ad
861 764 914 792 ea
947 764 1048 808 rex,
1078 751 1215 795 aliter
1247 756 1380 809 atque
1412 752 1557 796 animo
1588 767 1722 813 gere-

367 847 467 902 bat,
520 843 697 904 placide
748 844 985 904 respondit.
1041 844 1291 891 Bomilcare
1337 846 1519 906 aliisque
1561 848 1721 906 multis,

367 983 525 1024 tuerunt,
548 979 644 1014 velut
665 979 770 1013 servis
792 977 829 1012 in
851 977 961 1013 Palat.
983 976 1018 1013 3.
1041 977 1135 1015 Leid.
1159 979 1197 1016 C.
1221 979 1265 1015 Κ.
1286 980 1390 1014 Bern.
1411 979 1444 1014 1.
1467 979 1560 1015 Med.
1581 979 1616 1015 8.
1638 981 1710 1014 Ven

367 1042 402 1077 1.
424 1039 534 1076 Paris.
555 1051 599 1081 z.‚
622 1032 746 1072 sentiris
768 1037 805 1072 in
836 1038 951 1071 Guelf.
974 1037 1020 1082 8.,
1053 1044 1208 1082 expertus
1235 1039 1272 1074 in
1293 1039 1506 1082 Nazariano,
1536 1051 1579 1075 ex
1599 1039 1724 1084 quihus

365 1105 480 1136 tamen
501 1099 589 1133 nihil
611 1097 780 1143 proficias.
825 1097 878 1132 Ne
900 1097 1031 1139 multa,
1054 1098 1151 1131 locu·
1179 1096 1439 1140 interpolatione
1459 1104 1638 1144 corruptus
1658 1103 1722 1140 ent,

366 1171 408 1195 eo
431 1160 576 1194 fortasse
609 1161 706 1200 orta,
741 1157 831 1201 quod
863 1157 979 1191 scriba
1010 1155 1238 1200 antiquissimi
1261 1156 1437 1191 cuiusdam
1459 1158 1605 1201 codicis,
1633 1158 1723 1192 uude

365 1219 571 1265 posteriores
589 1219 760 1252 fluxerunt
781 1229 911 1260 omnes,
932 1228 974 1251 ex
997 1228 1027 1252 e.
1048 1217 1202 1258 Lxxul,
1230 1215 1264 1250 1.
1287 1216 1394 1252 verba
1418 1228 1459 1251 ex
1477 1218 1636 1262 perfugis
1651 1217 1723 1251 huc

363 1278 548 1315 transtulit.
595 1277 701 1312 Cuius
728 1277 779 1311 rei
804 1277 896 1321 mo
925 1276 1080 1311 caussam
1113 1276 1218 1310 tuisse
1240 1275 1409 1320 coniicio,
1439 1277 1529 1320 qnod
1550 1277 1631 1319 ille,
1662 1275 1723 1321 qui

363 1339 432 1373 hoc
454 1337 557 1380 fecit,
587 1347 769 1381 perperam
799 1335 850 1370 ibt
873 1335 1045 1370 coniunxit
1065 1325 1191 1368 indicio
1216 1337 1460 1379 patefacto
1492 1347 1542 1370 ex
1567 1339 1722 1381 perfu-

362 1399 446 1443 gis,
470 1407 577 1440 quum
600 1396 712 1439 potius
733 1395 1006 1440 coniungendam
1029 1395 1073 1429 sit
1095 1405 1135 1428 ex
1155 1394 1316 1438 perfugis
1335 1395 1507 1439 cognovit.
1537 1395 1589 1430 Ad
1613 1395 1720 1430 aliam

362 1456 614 1502 depravationis
637 1455 806 1500 originem
838 1455 930 1489 ducit
955 1459 1131 1499 expertus,
1168 1456 1206 1487 nt
1228 1453 1264 1486 in
1286 1452 1410 1487 Nazar.
1431 1453 1572 1499 legitur.
1620 1453 1722 1498 Quod

361 1517 394 1552 si
412 1521 541 1552 statuas
571 1515 607 1549 iu
637 1519 831 1549 contextum
865 1514 1020 1556 venisse,
1053 1514 1137 1558 quia
1166 1512 1303 1547 scribae
1325 1511 1419 1546 oculi
1440 1513 1485 1547 ad
1509 1518 1722 1557 experrectus

359 1576 567 1611 vocabulum
600 1574 637 1609 in
657 1575 880 1619 praecedente
902 1586 1004 1608 versu
1024 1574 1153 1608 lectum
1174 1573 1394 1615 aberrarent,
1434 1572 1540 1606 facile
1561 1571 1638 1607 fleri
1659 1583 1721 1616 po-

360 1636 446 1678 tuit,
475 1640 514 1669 ut
535 1635 596 1669 alii
619 1640 774 1678 expertus
796 1636 833 1668 in
865 1645 906 1668 ex
935 1634 1097 1678 perfugis
1119 1635 1308 1675 mutarent,
1343 1631 1416 1666 sive
1437 1643 1479 1666 ex
1499 1631 1723 1666 similitudine

358 1696 574 1735 litterarum,
595 1692 669 1728 sive
691 1705 734 1727 ex
756 1693 952 1728 coniectura
974 1693 1018 1727 de
1041 1703 1139 1727 sensu
1162 1692 1228 1727 loci
1251 1692 1288 1726 in
1309 1692 1400 1726 hanc
1422 1691 1720 1735 interpolationem

360 1754 503 1799 delapsi.
551 1753 619 1787 Sed
642 1756 719 1788 utut
741 1757 803 1797 est,
826 1764 910 1787 vera
930 1752 1101 1797 scriptura
1122 1752 1228 1786 nostri
1253 1751 1324 1786 loci
1344 1751 1381 1786 in
1402 1762 1472 1786 uuo
1492 1751 1623 1786 Wassii
1644 1752 1708 1786 eod

359 1818 498 1850 servata
520 1817 588 1855 est,
612 1813 671 1856 qui
694 1813 811 1856 inepto
833 1813 1068 1847 additamento
1091 1815 1196 1847 caret.
1217 1832 1262 1839 —
1285 1812 1402 1853 Dicit,
1425 1812 1517 1854 qnod
1538 1811 1576 1846 in
1598 1812 1718 1846 Guelt’.

359 1875 393 1910 2.
416 1875 529 1914 deest,
563 1872 700 1907 curtius
733 1872 856 1915 eiecit,
887 1884 928 1907 eo
953 1873 1174 1907 confirmatus
1209 1871 1246 1905 in
1275 1874 1348 1906 tam
1370 1870 1559 1905 inconsulto
1581 1871 1720 1914 indicio,

360 1934 452 1980 quod
477 1934 560 1967 Eoo.
586 1932 698 1966 Guelt'.
721 1931 756 1966 7.
780 1935 814 1966 et
835 1931 893 1965 12.
914 1933 1044 1967 habent
1066 1932 1240 1975 dicitque,
1264 1932 1352 1965 unde
1374 1930 1583 1965 contrarium
1606 1930 1719 1974 potius

358 1993 494 2038 probes.
541 1992 635 2026 idem
659 1994 801 2035 facere,
844 1992 934 2034 quod
967 1991 1175 2026 vocabulum
1204 1990 1240 2023 in
1271 1990 1379 2024 Fabr.
1401 1989 1435 2023 1.
1470 1990 1590 2024 Guelf.
1611 1989 1647 2023 3.
1675 1999 1718 2024 ac

357 2053 492 2088 duabus
522 2051 599 2085 edd.
630 2051 761 2085 Venett.
785 2054 864 2085 ante
888 2056 1082 2095 praeventa
1104 2049 1247 2094 legitur,
1279 2048 1423 2092 expulit.
1475 2048 1578 2092 Quod
1609 2059 1717 2091 quum

359 2111 563 2148 Gerlachius
584 2110 689 2144 etiam
712 2111 748 2144 in
769 2110 879 2146 Vatic.
901 2109 936 2145 5.
959 2111 1163 2154 invenisset,
1188 2106 1247 2152 qui
1271 2108 1360 2141 liber
1381 2112 1558 2151 praeterea
1579 2109 1717 2143 dicebat

357 2184 421 2217 pro
444 2172 527 2207 dicit
557 2170 696 2204 exhibet
710 2194 721 2212 ‚
758 2180 798 2203 eo
830 2170 939 2204 Cottii
970 2169 1184 2215 ingeniosam
1213 2167 1438 2202 mutationem
1463 2171 1561 2202 extra
1581 2179 1717 2202 omnem

359 2232 604 2267 dubitationem
638 2229 784 2274 positam
816 2240 888 2264 esse
918 2230 1111 2264 confirmat.
1157 2229 1302 2270 Credat,
1332 2228 1393 2271 qui
1426 2227 1527 2262 velit!
1567 2227 1656 2262 Nam
1685 2226 1717 2262 si

359 2293 512 2327 tantillae
533 2289 781 2335 discrepantiae
802 2289 1102 2335 interpolationem
1125 2293 1186 2323 aut
1207 2286 1436 2332 corruptelam
1459 2287 1616 2331 probant,
1637 2287 1715 2320 nul—

359 2353 413 2386 lus
435 2363 543 2396 paene
565 2361 683 2400 yersus
704 2349 862 2384 Sallustii
883 2353 952 2391 est,
975 2348 1057 2392 quin
1079 2351 1259 2392 corruptus
1281 2348 1450 2391 putandus
1471 2347 1527 2381 sit.
1549 2345 1639 2393 [Sed
1661 2350 1715 2381 m-

358 2410 409 2446 lia
431 2410 560 2444 iudicia
589 2410 687 2455 aegri
716 2409 847 2455 ingenii
877 2408 1011 2445 somnia
1041 2419 1114 2444 esse
1145 2420 1186 2443 ex
1209 2419 1251 2443 eo
1274 2417 1480 2452 cognoscas,
1511 2405 1600 2450 quod
1621 2403 1712 2440 idem
1736 2425 1741 2427 Δ

360 2469 564 2504 Gerlachius
594 2469 629 2503 in
660 2470 713 2503 ed.
743 2469 877 2504 minore
907 2473 1090 2512 utrumque
1124 2469 1332 2503 vocabulum
1362 2464 1514 2502 retinuit.
1534 2484 1580 2490 —-
1603 2465 1713 2508 Super

360 2540 423 2574 pro
445 2530 488 2563 de
511 2540 618 2563 aurea
639 2531 751 2563 aetate
772 2528 902 2563 dictum
922 2529 1061 2574 quidem
1083 2528 1163 2571 fuit,
1186 2529 1243 2563 sed
1265 2528 1379 2562 multo
1394 2523 1602 2570 frequentius
1621 2525 1712 2569 apud

360 2588 505 2623 seriores
534 2588 569 2621 in
601 2599 664 2621 usu
696 2592 792 2630 erat;
823 2589 868 2624 cf.
894 2589 1027 2632 Zumpt.
1061 2588 1216 2625 Granum.
1250 2588 1325 2621 Lat.
1350 2587 1384 2628 §-
1408 2585 1464 2620 65.
1500 2597 1535 2629 p.
1557 2584 1635 2619 261.
1659 2584 1711 2618 ed.

360 2648 419 2683 lv.
441 2647 652 2682 Boettichcri
674 2649 756 2683 Lex.
787 2648 899 2684 Tacit.
933 2648 970 2683 h.
994 2659 1024 2684 v.
1050 2660 1084 2692 p.
1108 2647 1187 2683 419.
1222 2647 1361 2692 Grysar.
1384 2646 1454 2681 Art.
1483 2645 1604 2680 Latine
1625 2644 1711 2679 scri-

359 2707 459 2743 beudi
482 2719 518 2752 p.
540 2706 617 2742 462.
642 2709 674 2750 §-
698 2707 731 2742 ὃ.
