1826 3276
395 170 442 199 v1
805 145 1334 192 PRAEFATIO.

396 267 491 314 Sed
526 264 722 326 quamvis
751 264 927 319 vereor,
958 276 1016 306 ne
1039 259 1314 310 nihilominus
1350 259 1419 318 id,
1449 259 1574 318 quod
1606 275 1634 305 a
1663 275 1739 306 me

397 370 495 429 ipso
539 365 599 409 ad
642 364 758 409 hanc
803 362 1038 406 editionem
1090 359 1390 403 adornandam
1438 359 1615 404 allatum
1663 365 1742 419 est,

396 466 525 512 valde
558 470 687 508 tenue
717 463 769 507 sit
803 465 847 505 et
879 458 1098 529 scriptoris
1131 459 1418 519 praestantiae
1449 474 1608 519 parum
1634 473 1744 503 con-

398 566 587 618 venienS‚
620 567 767 606 tamen
797 575 850 605 eo
885 564 1003 604 certe
1023 557 1186 616 aliquid
1217 558 1602 602 commendationis
1626 557 1747 602 hunc

400 665 559 708 librum
602 661 852 706 habiturum
899 673 995 703 esse
1038 673 1194 717 spero,
1240 657 1363 716 quod
1404 672 1620 718 prospera
1651 657 1744 701 for-

401 770 505 808 tuna
540 761 647 806 mihi
691 759 874 818 contigit
918 759 1039 803 novis
1086 757 1346 816 quibusdam
1386 758 1542 802 criticis
1575 753 1746 816 praesi-

403 863 484 907 diis
518 862 594 916 uti,
628 859 783 917 quibus
816 858 862 901 in
894 858 1042 917 priore
1075 848 1293 901 volumine
1318 856 1586 902 recensendo
1614 856 1750 900 desti-

404 967 519 1007 tutus
553 974 686 1005 eram.
752 958 948 1002 Primum
981 957 1096 1002 enim
1125 956 1306 1001 adhibui
1344 957 1483 1002 varias
1518 956 1752 1015 scripturas

407 1060 569 1106 codicis
610 1058 881 1114 Misnmsis,
925 1072 953 1102 a
992 1057 1099 1102 Viro
1140 1056 1514 1101 Excellentissimo
1535 1086 1550 1112 ,
1590 1055 1754 1101 Ioanne

407 1161 659 1217 Schulzio‚.
695 1162 888 1202 enotatas
901 1191 914 1214 ,
959 1156 1176 1216 mihique,
1221 1161 1271 1200 ut
1311 1157 1482 1200 narravi
1521 1155 1566 1200 in
1606 1151 1783 1202 Praef(

409 1261 540 1307 Tom.
559 1261 608 1318 1.,
637 1259 871 1304 liberaliter
899 1257 1075 1302 traditas
1090 1289 1104 1313 ,
1145 1271 1282 1315 quae,
1319 1257 1522 1315 quoniam
1554 1256 1758 1301 absoluto

410 1361 588 1406 demum
631 1359 820 1404 Catilina
857 1357 915 1401 ad
955 1372 1028 1402 me
1070 1360 1384 1416 pervenerunt,
1417 1361 1522 1400 tunc
1553 1356 1600 1401 in
1630 1370 1759 1400 usum

412 1454 559 1505 vocai‘i
601 1474 690 1503 non
742 1463 959 1518 poterant.
1034 1456 1117 1501 His
1171 1456 1354 1500 accessit
1403 1455 1520 1513 aliud
1563 1455 1760 1509 ciusdem

411 1561 490 1606 viri
522 1559 851 1604 benevolentiae
880 1563 1012 1616 atque
1040 1555 1296 1601 humanitati
1323 1555 1519 1600 debitum
1543 1556 1758 1601 auxilium.

412 1661 563 1716 Quum
596 1659 710 1704 enim
745 1658 1070 1719 comperissem,
1093 1658 1139 1702 in
1171 1654 1436 1700 bibliotheca
1464 1656 1588 1716 regia
1613 1655 1760 1701 Bero-

413 1759 567 1804 linensi
599 1758 829 1802 nonnullos
873 1758 1065 1802 Sallustii
1107 1756 1282 1801 codices
1317 1756 1548 1813 asservari,
1594 1755 1761 1801 Schul-

412 1860 527 1915 zius,
557 1858 635 1902 Vir
660 1858 998 1913 Illustrissimus,
1029 1871 1130 1902 meo
1162 1861 1324 1916 rogatu
1356 1861 1508 1900 auctor
1539 1855 1623 1901 fnit
1646 1855 1761 1900 Wil-

414 1959 573 2014 kenio‚
609 1958 722 2005 illius
755 1956 1047 2002 bibliothecae
1079 1956 1310 2016 praefecto
1347 1942 1539 2012 summo,
1572 1960 1622 2000 ut
1650 1955 1761 2000 duos

415 2059 551 2105 libros
578 2074 723 2106 manu
765 2058 958 2118 scriptos
992 2055 1082 2102 huc
1118 2056 1226 2103 mihi
1256 2057 1471 2112 mitteret,
1503 2055 1660 2114 quibus
1693 2057 1764 2101 in·-

415 2159 648 2219 spiciendis
682 2163 727 2204 et
751 2164 960 2218 quantum
991 2158 1087 2202 fieri
1127 2157 1271 2217 potuit
1305 2156 1630 2217 diligentissime
1663 2169 1764 2200 cum

419 2260 595 2320 vulgata
626 2259 842 2319 scriptura
876 2258 1151 2303 conferendis
1183 2258 1349 2303 factum
1382 2262 1460 2314 est,
1484 2261 1533 2302 ut
1563 2255 1621 2300 de
1649 2255 1764 2301 mul-

419 2360 474 2403 tis
506 2360 613 2406 locis
649 2360 805 2404 certius
846 2375 900 2404 ac
939 2359 1081 2407 verius
1115 2358 1307 2403 iudicare
1341 2371 1474 2417 posse
1504 2355 1611 2400 mihi
1638 2338 1766 2399 vide-

421 2474 504 2504 rer.
582 2459 754 2506 Horum
797 2459 1010 2507 librorum
1051 2474 1186 2517 quem
1228 2458 1383 2503 vocavi
1425 2455 1766 2504 Berolinmsem

419 2560 621 2619 priunum
635 2591 648 2615 ‚
683 2560 788 2604 olim
819 2559 1017 2606 Santenii
1049 2559 1158 2615 fuit,
1201 2573 1255 2604 ex
1289 2559 1408 2603 cuius
1441 2556 1708 2603 bibliotheca
1738 2571 1767 2601 a

425 2660 578 2705 Diezio
608 2666 782 2718 emptus
815 2666 970 2721 postea
1001 2659 1127 2707 huius
1157 2659 1235 2704 viri
1258 2659 1516 2704 liberalitate
1543 2658 1588 2706 in
1604 2656 1765 2703 biblio-
