1826 3276
462 149 823 192 IUGURTHA.
883 147 1019 192 cAP.
1049 149 1151 192 XV.
1452 155 1509 195 98

53 295 61 303 ·
105 269 264 328 paucis
310 267 610 329 respondent:
656 267 970 328 Hiempsalem
1014 267 1075 312 ob
1117 266 1346 312 saevitiam
1379 281 1505 312 suam

107 366 168 410 ab
213 365 419 411 Numidis
466 365 778 437 interfectum3
825 364 1138 410 Adherbalem
1181 365 1299 410 ultro
1333 365 1502 410 bellum

102 463 394 522 inferentem,
429 469 670 524 postquam
707 467 943 523 superatus
979 463 1058 519 sit,
1094 462 1236 522 queri,
1273 461 1399 522 quod
1432 462 1502 508 iu·—

99 561 259 606 iuriam
288 561 442 606 facere
475 560 759 620 nequivisset.
830 559 1100 620 Iugurtham
1125 560 1183 625 ab
1214 559 1384 606 Senatu
1414 576 1502 622 pe-

100 664 220 716 tere,
266 673 323 704 ne
368 673 418 703 se
457 658 590 702 alium
627 661 842 718 putarent
886 672 939 701 ac
979 656 1249 702 Numantiae
1293 658 1498 719 cognitus

98 762 242 814 esset,
286 769 375 801 neu
422 755 560 800 verba
602 754 768 800 inimici
816 760 918 798 ante
963 753 1083 798 facta
1137 769 1218 798 sua
1261 762 1495 815 ponerent.

93 920 226 963 fuisse,
258 931 374 965 quamt
389 922 516 967 vulgas
548 921 781 967 interpretum
805 924 975 957 autumet.
1023 919 1154 955 Utilius
1187 922 1282 954 certe
1312 922 1390 956 erat
1417 932 1495 956 mo-

91 993 196 1024 nere,
229 981 440 1018 sententiam
474 982 594 1018 addito
627 983 834 1027 pronomine
863 993 1006 1028 prorsus
1037 982 1147 1016 aliam
1180 981 1351 1025 evadere,
1386 993 1496 1026 quam

92 1043 168 1080 sine
188 1054 243 1078 eo.
290 1044 343 1078 Ea
365 1047 418 1078 est
441 1043 534 1078 enim
557 1045 773 1089 pronominis
796 1045 871 1087 vis,
898 1049 936 1079 ut
960 1043 1136 1089 significet
1158 1044 1343 1078 saevitiam
1366 1043 1496 1079 Hiem-

90 1105 184 1150 psali
206 1105 314 1139 fuisse
333 1106 536 1150 propriam,
560 1115 774 1148 saevamque
796 1103 872 1138 eius
895 1111 1063 1140 naturam
1085 1104 1256 1140 Numidas
1279 1105 1325 1139 ad
1350 1105 1495 1140 caedem

90 1167 284 1212 impulisse.
331 1167 434 1211 Quae
464 1178 589 1202 caussa
620 1170 659 1201 ut
692 1166 815 1200 valere
847 1169 986 1209 poterat
1018 1167 1064 1201 ad
1088 1167 1223 1200 factum
1244 1167 1495 1208 excusandum,

89 1229 140 1264 ita
162 1229 276 1263 multo
303 1228 420 1263 levius
450 1228 561 1270 foret,
591 1227 621 1262 si
656 1227 698 1261 ob
731 1227 918 1262 saevitiam
949 1227 1085 1262 occisus
1102 1227 1302 1270 ·diceretur;
1337 1238 1420 1262 nam
1444 1227 1495 1262 sic

87 1290 205 1336 magis
226 1289 407 1335 singulam
430 1289 573 1333 aliquod
598 1289 755 1332 factum,
784 1299 890 1333 quam
913 1290 1115 1324 universum
1138 1300 1275 1324 morem
1298 1288 1494 1335 significari

87 1356 196 1397 patet.
242 1352 296 1386 De
319 1363 385 1386 usu
407 1350 626 1396 pronominis
661 1362 692 1384 v.
718 1351 933 1385 Ramshorn.
970 1351 1130 1402 Gramm.
1164 1351 1241 1386 Lat.
1275 1351 1310 1396 §-
1342 1350 1431 1394 158,
1456 1349 1493 1386 4.

87 1425 122 1458 p.
146 1413 228 1449 340.
248 1431 294 1437 —
323 1413 458 1448 Ultro
483 1414 609 1447 bellum
632 1413 844 1456 inferentem
868 1412 892 1447 i.
915 1425 946 1446 e.
973 1424 1019 1447 eo
1044 1412 1253 1447 iniuriarum
1275 1424 1355 1458 pro
1364 1424 1492 1459 gres-

86 1486 137 1510 su
153 1486 188 1509 m
217 1478 257 1509 ut
280 1474 344 1508 bel.
368 1475 527 1518 inferret.
562 1474 608 1508 cf.
633 1474 675 1507 de
699 1473 806 1508 huius
829 1473 1030 1518 particulae
1051 1477 1220 1518 potestate
1243 1477 1277 1508 et
1300 1486 1365 1508 usu
1389 1478 1493 1510 acute

86 1536 322 1580 disputantem
346 1535 482 1570 Ludov.
513 1534 764 1570 Doederlinum
788 1535 825 1570 in
848 1535 1044 1581 Synonym.
1076 1537 1156 1571 Lat.
1189 1536 1232 1570 Τ.
1257 1536 1318 1570 111.
1343 1547 1378 1580 p.
1409 1535 1492 1571 102.

85 1596 241 1641 Herzog.
267 1596 314 1630 ad
335 1596 434 1632 Caes.
454 1597 498 1631 Β.
523 1596 566 1630 G.
590 1597 619 1638 1,
642 1595 676 1630 9.
701 1608 735 1640 p.
754 1595 812 1630 29.
862 1598 1034 1642 Exempla
1057 1598 1169 1632 multa
1193 1597 1376 1641 praebebit
1395 1599 1489 1632 Dra-

86 1657 276 1692 kenborch.
311 1657 359 1691 ad
390 1656 468 1690 Liv.
501 1657 575 1697 XL,
600 1657 658 1698 12,
678 1657 712 1691 4.
736 1675 783 1683 —
812 1657 1030 1703 Nequivisset
1055 1659 1195 1694 Cottius
1217 1670 1259 1694 ex
1282 1659 1490 1695 melioribus

85 1717 187 1752 libris
210 1721 304 1752 recte
326 1716 465 1761 scripsit
486 1729 550 1761 pro
573 1718 720 1762 vulgato
744 1721 937 1763 nequisset,
951 1755 957 1761 ,
971 1721 1066 1765 quod
1089 1720 1263 1755 Weissius
1287 1732 1356 1754 non
1380 1721 1490 1755 aliam

85 1779 132 1814 ob
155 1790 335 1822 caussam,
369 1790 478 1823 quam
500 1779 585 1823 quia
608 1779 645 1814 in
668 1780 887 1824 interpolatis
910 1781 989 1815 edd.
1015 1781 1168 1827 legitur,
1200 1781 1354 1826 repetiit.
1373 1801 1420 1807 —-
1443 1783 1490 1818 Se

83 1843 165 1876 aute
188 1841 299 1875 alium
320 1852 410 1874 unus
427 1841 559 1876 Wassii
582 1845 618 1876 et
642 1846 712 1876 tres
733 1853 775 1875 ex
799 1842 897 1877 Italis
917 1842 1100 1876 Gerlachii
1123 1843 1224 1877 codd.
1247 1854 1318 1877 non
1341 1843 1485 1879 habent.

0 1924 65 1939 s—
83 1901 262 1945 Cor-tium,
294 1902 356 1946 qui
387 1902 537 1944 abiecit,
567 1914 752 1947 sequerer,
777 1903 809 1938 si
844 1904 1007 1938 meliores
1032 1904 1117 1938 libri
1145 1905 1183 1938 in
1206 1904 1335 1939 omisso
1359 1915 1489 1949 prono-

81 1963 176 1999 mine
199 1963 455 2006 consentirent3
489 1975 573 1998 nam
607 1965 729 1998 abesse
759 1976 863 2008 posse
886 1964 1099 1999 ostendimus
1118 1966 1163 2000 ad
1188 1966 1266 2002 Cat.
1293 1966 1425 2009 XXXI,
1449 1967 1485 2001 7.

81 2029 117 2060 et
139 2025 184 2060 ud
221 2025 301 2070 lug.
325 2026 417 2068 xlv,
450 2026 506 2069 3.;
549 2027 611 2060 sed
642 2026 728 2061 h.1.
761 2026 924 2071 proxima
954 2038 999 2062 ne
1034 2027 1161 2061 vocula
1185 2027 1292 2062 facile
1322 2027 1487 2074 intercipi

80 2085 209 2131 potuit.
229 2106 277 2138 -7-
301 2086 474 2122 Putarent
502 2099 565 2132 per
600 2088 741 2133 synesin
775 2089 821 2123 ad
855 2089 1025 2123 Senatum
1048 2089 1225 2131 relatum3
1259 2089 1303 2123 de
1326 2100 1396 2134 qua
1418 2101 1483 2124 nu-

81 2147 172 2182 meri
197 2159 239 2182 ex
265 2159 367 2183 sensu
391 2148 506 2194 potius
531 2161 640 2193 quam
671 2161 713 2184 ex
737 2150 975 2195 grammatica
1007 2150 1124 2185 forma
1146 2150 1327 2196 pendentis
1350 2151 1488 2186 rationo

81 2209 235 2244 diximus
256 2208 303 2244 ad
337 2210 440 2244 Catil.
474 2211 646 2254 XXXIX,
668 2210 702 2246 3.
729 2224 764 2256 p.
789 2212 871 2247 183.
920 2213 1037 2255 Quam
1061 2212 1243 2248 familiare
1265 2218 1384 2248 autem
1407 2214 1486 2250 fue-

80 2269 127 2305 rit
150 2269 323 2304 Romanis
355 2277 498 2309 senatus
533 2276 568 2307 et
591 2279 791 2309 senatorum
814 2274 992 2308 notionem
1018 2274 1234 2319 cogitatione
1258 2275 1483 2321 permiscere,

78 2331 212 2378 ingenti
237 2332 478 2376 exemplorum
502 2334 604 2378 copia
627 2335 747 2370 docuit
770 2336 1034 2371 Drakenborch.
1058 2337 1103 2370 ad
1129 2335 1205 2370 Liv.
1227 2337 1286 2379 lv,
1311 2335 1370 2378 58,
1389 2336 1483 2371 4.—

66 2394 133 2430 ,ne
156 2394 308 2429 dictione
332 2395 439 2428 verba
476 2401 581 2431 ante
607 2399 712 2441 sacta
742 2409 911 2443 ponere
946 2410 981 2433 v.
1015 2392 1137 2433 notata
1161 2398 1206 2432 ad
1230 2399 1306 2432 Cat.
1333 2398 1423 2442 LIlI,
1445 2398 1484 2434 3.

67 2455 150 2506 =Cic.
177 2456 220 2490 de
255 2455 327 2492 Ost'.
352 2457 389 2498 1,
414 2455 471 2490 24.
511 2455 570 2493 84.
605 2459 687 2493 Non
710 2460 766 2494 hic
786 2459 938 2504 ponebat
962 2470 1116 2493 rumores
1140 2465 1224 2494 ante
1247 2461 1410 2506 salutem.
1433 2460 1482 2496 cf.

76 2515 196 2552 fland.
222 2516 266 2551 de
290 2517 440 2553 Particc.
466 2519 545 2554 Lat.
569 2519 613 2553 Τ.
636 2520 666 2555 Ῑ.
691 2532 728 2566 p.
749 2521 845 2563 386„
868 2520 929 2565 qui
952 2520 1134 2554 verissime
1157 2521 1315 2565 monuit,
1352 2521 1433 2556 inde
1456 2532 1480 2556 a

78 2582 246 2623 vergente
267 2579 409 2614 demum
433 2591 543 2614 aurea
567 2583 683 2616 aetate
705 2582 799 2615 hunc
822 2581 958 2615 dicendi
982 2582 1127 2616 modum
1151 2581 1353 2617 invaluisse.
1394 2582 1479 2616 lau-

75 2650 205 2675 mauno
230 2641 438 2676 Gerlachius
462 2643 633 2685 persuasit
655 2643 778 2678 tmesin
802 2654 889 2686 esse,
914 2655 956 2677 ex
980 2655 1046 2678 usu
1070 2640 1308 2688 antiquiorum
1332 2644 1480 2688 scripto>⁴

73 2711 156 2736 rum
188 2702 360 2748 petitam,
396 2703 496 2747 quasi
530 2703 693 2749 legitima
732 2703 825 2740 ratio
847 2708 955 2740 'esset
987 2717 1056 2740 neu
1086 2706 1194 2741 verba
1227 2710 1476 2751 anteponerent

67 2763 182 2806 sacta.
