1826 3276
369 177 452 217 564
556 216 557 221 ,
733 171 775 211 C.
807 167 1124 211 SALLUSTI
1154 167 1369 210 CRISPI

370 289 505 344 iubet,
541 287 644 340 item
676 283 728 326 L.
762 281 1010 325 Bellienum
1036 287 1303 350 praetorem,
1335 289 1567 343 praeterea
1594 286 1732 330 omnis

372 381 566 437 undique
601 378 804 421 senatorii
840 377 1026 433 ordinis,
1070 378 1329 434 quibuscum
1373 379 1582 422 mandata
1613 379 1733 424 Boc-

371 511 477 544 vitate
506 509 590 544 satis
621 511 782 543 accurate
818 509 1022 544 narraverit.
1082 509 1161 543 Alia
1190 520 1246 542 res
1273 514 1335 553 est,
1359 510 1389 544 si
1412 511 1517 545 turris
1539 511 1657 556 regiae
1678 523 1737 545 ex-

370 569 559 614 pugnatio,
582 569 679 602 nulla
710 569 915 603 difficultate
944 569 1132 614 insigniore
1155 569 1342 613 impedita,
1366 582 1407 604 ex
1435 571 1541 606 Marii
1563 572 1738 606 voluntate

370 629 546 673 processit.
605 629 657 663 Ita
679 629 770 663 enim
794 628 878 664 satis
903 628 970 663 fuit
993 629 1106 663 dicere
1126 634 1306 674 postquam
1329 633 1534 674 consecto
1556 632 1737 677 negotio

370 689 483 730 redit,
519 699 752 732 agnoscesque
786 688 966 733 ingenium
997 700 1038 724 ac
1068 700 1201 724 morem
1233 688 1412 733 Sallustii,
1436 690 1498 732 qui
1519 691 1623 725 rebus
1644 691 1739 724 haud

371 748 656 782 memorabilibus
684 760 752 782 non
784 749 1008 791 immoratur,
1039 754 1109 783 uno
1134 750 1240 782 verbo
1263 760 1366 793 saepe
1388 750 1576 784 defunctus.
1625 750 1741 793 Quare

370 809 496 851 infecto
518 800 751 843 librariorum
766 809 863 843 malo
886 809 1038 843 acumini
1059 801 1177 843 deberi
1204 820 1336 844 censeo.
1360 804 1405 835 —‘
1442 810 1515 852 Quo
1538 810 1642 854 longe
1663 810 1739 853 plu-

370 867 451 902 rimi
466 867 548 902 libri
563 872 720 910 mentm-3
744 868 849 913 pauci
866 870 957 913 quod
971 869 1112 911 habent,
1127 869 1250 903 scribis
1272 869 1486 904 attractionis
1508 881 1610 904 usum
1633 869 1738 914 igno-

369 928 546 969 rantibus,
580 927 675 962 cuius
708 939 749 962 ea
779 928 869 963 ratio
902 932 974 971 est,
1007 933 1045 964 ut
1066 929 1252 964 relativum
1275 940 1343 963 non
1364 930 1558 964 accusativo
1581 932 1739 973 ponatur,

370 999 474 1031 quem
498 987 613 1031 poscit
633 989 802 1030 verbum,
838 988 897 1022 sed
930 988 1061 1032 pariter
1091 1001 1171 1023 cum
1197 988 1346 1031 nomine,
1380 989 1424 1023 ad
1455 989 1547 1033 quod
1578 989 1739 1029 refertur,

371 1049 523 1082 ablativo
555 1058 638 1082 casu
669 1048 881 1082 euuncietur.
910 1048 955 1084 cf.
979 1048 1120 1083 Terent.
1143 1049 1270 1083 Heaut.
1295 1049 1324 1091 l,
1348 1049 1382 1091 1,
1401 1046 1459 1083 35.
1502 1049 1581 1083 Hac
1604 1049 1740 1094 quidem

372 1119 499 1149 causa,
535 1119 619 1152 qua
643 1109 715 1143 dixi
738 1110 812 1144 tibi.
858 1107 1006 1142 Bentlei.
1034 1110 1068 1142 et
1093 1107 1275 1143 Heindorf.
1300 1109 1346 1142 ad
1367 1110 1454 1143 Hor.
1475 1109 1550 1145 Sat.
1573 1109 1604 1151 1,
1625 1109 1661 1151 6,
1684 1108 1740 1143 15.

374 1167 527 1201 Notante
550 1167 684 1210 iudice,
708 1179 791 1212 quo
823 1168 924 1210 nosti,
946 1168 1082 1212 populo.
1127 1168 1237 1203 Plura
1258 1169 1300 1202 de
1322 1179 1365 1202 ea
1387 1179 1425 1203 re
1447 1169 1606 1203 dixerunt
1627 1169 1740 1202 Krue-
1779 1207 1781 1209 ,

369 1237 473 1271 gerus
496 1226 532 1260 iu
555 1227 645 1261 libro
670 1229 712 1262 de
740 1228 953 1263 Attractione
974 1227 1060 1272 ling.
1083 1227 1144 1262 lat.
1165 1228 1290 1271 §.1⁰5
1311 1240 1385 1273 sqq.
1404 1241 1438 1274 p.
1459 1228 1531 1263 25⁷
1552 1240 1625 1272 sqq.
1649 1229 1740 1273 Aug.

371 1287 600 1320 Grotct'endus
623 1287 658 1321 in
682 1288 841 1322 Gramm.
865 1288 942 1322 Lat.
965 1287 1070 1329 ampl.
1094 1288 1127 1328 §-
1150 1286 1229 1321 518.
1253 1299 1285 1331 p.
1312 1287 1391 1323 423.
1414 1288 1552 1323 Walch.
1570 1289 1738 1323 Emendd.

370 1346 471 1380 Livv.
495 1357 528 1389 P.
554 1346 600 1380 80
624 1358 673 1390 sq.
721 1348 882 1381 Ceterum
905 1358 970 1390 quo
1003 1347 1199 1381 intenderat
1222 1348 1325 1381 multi
1346 1347 1548 1392 interpretes
1570 1349 1664 1382 male
1685 1358 1741 1381 re·
1779 1363 1781 1366 ·

373 1407 488 1440 ferunt
512 1406 556 1440 ad
579 1407 687 1440 verba
714 1407 842 1441 Cirtam
865 1406 976 1448 redit,·
1011 1416 1092 1440 nam
1122 1405 1204 1449 quid
1235 1417 1321 1451 opus
1350 1410 1424 1441 erat
1461 1408 1598 1442 disertis
1625 1406 1742 1447 verbis

371 1477 517 1500 narrare
540 1464 694 1500 Marium
717 1465 759 1498 de
785 1465 900 1499 reditu
923 1465 1117 1509 cogitasse,
1151 1465 1211 1508 qui
1240 1468 1347 1501 nollet
1369 1467 1497 1501 diutius
1520 1478 1542 1501 a
1562 1467 1658 1501 Cirta
1679 1467 1742 1500 ab·

372 1526 470 1560 esse?
503 1527 689 1560 Praeterea
721 1536 828 1568 quum
858 1525 1239 1568 plusquamperfectum
1273 1527 1317 1560 ad
1348 1537 1423 1560 rem
1455 1525 1568 1560 reditu
1589 1525 1742 1570 priorem

371 1589 520 1629 spectet,
556 1584 788 1619 clarissimum
821 1587 873 1617 est
903 1584 1011 1617 verba
1041 1595 1105 1628 quo
1137 1584 1332 1621 intenderat
1364 1586 1534 1630 pertinere
1565 1585 1610 1620 ad
1640 1595 1741 1620 voces

371 1646 511 1691 negotio
535 1648 706 1689 consecto,
737 1656 784 1678 sc.
810 1643 916 1678 turris
938 1644 1198 1688 expugnandae.
1249 1646 1492 1682 Intendere
1513 1647 1662 1691 aliquid,
1686 1645 1742 1680 vel

371 1706 529 1741 absolute
563 1705 740 1739 intendere
760 1707 821 1738 ‘est
849 1704 1059 1748 propositum
1092 1704 1239 1748 habere,
1275 1707 1375 1748 velle,
1409 1708 1605 1749 decernere,
1629 1706 1676 1741 cf.
1706 1717 1737 1739 c.

370 1766 480 1807 XXV,
512 1762 568 1800 10.
600 1766 679 1807 cn,
712 1765 749 1799 1.
778 1767 812 1798 et
835 1775 924 1808 quae
947 1763 1096 1798 diximus
1119 1765 1163 1799 ad
1190 1777 1219 1799 c.
1245 1764 1398 1808 LXXIV,
1421 1766 1454 1799 1.
1479 1760 1738 1800 Drakenborch.

370 1825 415 1859 ad
435 1824 509 1859 Liv.
534 1825 674 1866 XXXV,
696 1825 754 1866 11,
778 1824 834 1859 13.
865 1823 1050 1857 Ruhnken.
1084 1824 1128 1858 ad
1157 1825 1297 1860 Terent.
1321 1825 1426 1860 Andr.
1449 1827 1493 1868 11,
1515 1826 1550 1867 2,
1574 1825 1608 1860 6.
1654 1826 1740 1858 Ver-

371 1886 497 1919 borum
523 1885 679 1919 ordinem
703 1883 931 1925 Gerlachius,
962 1884 1117 1928 aliquam
1147 1885 1318 1919 librorum
1349 1889 1482 1929 partem
1508 1889 1660 1928 secutus,
1690 1885 1741 1919 sie

371 1944 548 1979 exhibuit:
583 1945 708 1988 insecta
739 1945 902 1990 negotio,
942 1956 1006 1988 quo
1042 1944 1248 1979 intenderat.
1295 1945 1408 1987 Quem
1436 1955 1498 1978 nos
1521 1945 1676 1979 dedimus
1697 1955 1740 1978 ex

372 2006 544 2040 Cottianis
560 2006 657 2039 codd.
677 2005 836 2039 omnibus
857 2003 1097 2047 nonnullisque
1119 2006 1208 2038 ltall.
1234 2004 1421 2046 Gerlachii,
1445 2004 1560 2038 verior
1582 2004 1738 2044 videtui-3

372 2066 500 2109 quippe
524 2065 604 2100 talis
626 2069 701 2108 est,
735 2076 838 2111 quem
861 2064 999 2099 librarii
1022 2063 1160 2099 facilius
1182 2064 1218 2098 in
1240 2065 1388 2099 alterum
1411 2067 1603 2107 mutarent,
1633 2074 1738 2109 quam

371 2130 506 2160 contra.

464 2186 599 2219 Sullam
624 2185 675 2218 ab
712 2185 843 2219 Utica
874 2184 1012 2228 venire]
1043 2185 1095 2219 Ab
1132 2185 1251 2226 Utica,
1282 2185 1376 2228 quod
1403 2184 1439 2218 in
1469 2183 1628 2218 omnibus
1662 2183 1738 2218 edd.

372 2247 476 2288 deest,
501 2246 605 2290 primi
628 2243 833 2288 recepimus,
859 2256 896 2278 re
919 2245 995 2288 ipsa
1018 2247 1052 2278 et
1075 2245 1171 2278 codd.
1193 2243 1398 2278 auctoritate
1417 2243 1608 2289 flagitante.
1650 2243 1738 2277 Nam

371 2306 421 2340 ita
445 2309 555 2340 exstat
580 2305 615 2338 in
638 2305 736 2338 codd.
752 2303 931 2339 Castilion.
954 2305 1085 2338 duobus
1101 2305 1265 2348 Popmae,
1289 2303 1447 2338 omnibus
1472 2305 1597 2339 Palati.
1618 2306 1739 2338 octavo

372 2368 525 2408 excepto,
550 2365 710 2399 Arondel.
734 2365 823 2408 ch.
848 2363 923 2397 Vin.
950 2366 982 2397 1.
1006 2365 1039 2398 2.
1065 2365 1171 2409 Berg.
1194 2363 1310 2398 Struv.
1328 2364 1449 2397 Franc.
1469 2353 1738 2398 heimramm.

373 2424 408 2458 2.
433 2425 550 2458 Guelf.
575 2425 609 2458 4.
636 2424 670 2458 6.
695 2424 728 2460 9.
753 2423 807 2457 1⁰.
832 2423 886 2457 11.
910 2423 967 2457 12.
998 2423 1093 2458 Eeid.
1125 2425 1169 2458 Κ.
1199 2423 1271 2456 Eri.
1294 2423 1376 2456 Bas.
1401 2422 1435 2456 4.
1459 2423 1544 2456 Tur.
1573 2422 1608 2458 1.
1631 2422 1737 2456 Bern.

372 2484 407 2519 3.
439 2485 545 2520 Misn.
579 2484 720 2526 Goerl.,
750 2484 869 2517 multis
898 2483 1011 2525 1tall.‚
1043 2484 1232 2529 eodemque
1262 2482 1355 2516 ducit
1385 2485 1545 2525 corrupta
1566 2482 1738 2526 scriptura

371 2545 474 2578 Rem.
509 2545 542 2578 1.
572 2543 606 2577 2.
639 2544 719 2580 sen.
751 2544 785 2577 1.
819 2542 958 2577 Fabric.
993 2542 1026 2576 1.
1059 2544 1110 2576 ab
1140 2549 1273 2578 tucca
1297 2542 1423 2576 venire.
1469 2542 1515 2577 At
1537 2542 1574 2576 in
1595 2542 1677 2576 Seu.
1700 2542 1735 2578 2.

372 2604 497 2639 Reuss.
519 2604 613 2637 Vrat.
642 2603 675 2636 1.
698 2603 730 2636 2.
753 2603 870 2636 Berol.
892 2603 924 2636 1.
949 2601 982 2636 2.
1014 2602 1183 2646 scriptum
1208 2605 1259 2636 est
1289 2602 1338 2636 ad
1371 2603 1526 2645 Uticam,
1559 2612 1635 2646 quo.
1657 2612 1735 2636 seu-

369 2662 478 2696 tentia
498 2673 566 2695 non
587 2661 700 2695 minus
719 2661 836 2706 inepta
857 2662 1020 2703 efficitur,
1043 2673 1148 2705 quam
1171 2665 1364 2696 ceterorum
1386 2661 1555 2695 librorum
1578 2661 1734 2702 lectione,

368 2721 428 2764 qui
451 2721 566 2755 verbis
587 2721 631 2755 ab
660 2722 760 2756 Utica
781 2725 910 2758 carent.
953 2721 1120 2765 Capitalis
1140 2724 1191 2757 est
1221 2721 1314 2756 enim
1345 2732 1442 2756 error
1465 2720 1607 2756 Grutori
1623 2724 1734 2764 ‘atque
