1826 3276
353 167 436 206 534
714 158 760 200 G.
789 155 1109 199 SALLUSTI
1137 155 1346 199 CRISPI

356 275 500 318 litibus
516 302 519 304 -
535 275 798 330 exaequatus
846 284 947 314 cum
987 269 1254 329 imperatore
1296 269 1420 314 labos
1461 272 1705 317 volentibus
1752 292 1762 298 >⁴

355 448 453 482 quem
476 436 651 470 mitterent
674 435 759 468 satis
781 433 981 474 constabat,
1013 443 1138 476 quam
1169 432 1275 474 illud,
1297 433 1416 467 ducem
1437 435 1713 470 extraordinaria

356 508 440 532 cura
482 494 704 539 deligendum
746 505 836 536 esse,
874 493 936 526 ubi
976 503 1038 535 pro
1066 499 1184 526 tamen
1217 491 1435 526 scribendum
1465 504 1539 528 esse
1569 488 1644 528 tam
1674 494 1712 529 ἰιι

356 558 518 600 promptu
540 557 608 595 est,
632 564 720 596 quae
742 553 801 586 vix
824 555 934 595 potest
955 551 1151 584 coniectura
1173 551 1360 595 appellari,
1392 553 1562 596 frequenti
1584 559 1658 588 tam
1680 558 1714 588 et

357 621 471 650 tamen
493 613 740 658 particularum
771 611 990 653 confusione,
1021 622 1056 646 v.
1079 611 1335 646 Drakenborch.
1361 612 1403 646 ad
1427 610 1502 646 mv.
1526 613 1635 654 xxu,
1658 612 1715 656 59,

356 674 411 709 13.
444 674 497 707 Ex
521 673 631 707 altero
654 683 782 716 genere
807 674 858 706 est
880 671 977 705 locus
1000 670 1091 705 Livii
1115 671 1238 712 XXVI,
1261 671 1320 713 31,
1343 671 1376 705 2.
1425 671 1463 705 Ν
1470 682 1521 704 on
1550 673 1632 715 quid
1650 683 1715 718 ego

350 734 494 777 fecerim
520 733 557 766 ia
581 732 846 776 disquisitionem
869 730 983 771 venit,
1008 741 1135 774 quam
1165 731 1247 775 quid
1270 731 1328 767 isti
1347 731 1425 775 pati
1446 731 1633 774 debuerfflt,
1656 733 1718 766 ubi

356 793 550 835 complures
585 791 682 825 codd.
717 802 833 825 veram
868 790 1073 834 scripturam
1106 790 1182 824 sed
1213 789 1294 833 quid
1318 792 1466 824 tuentur.
1511 791 1719 835 Depravatio

360 855 476 886 autem
498 862 539 885 eo
563 854 640 885 orta
663 852 731 892 est,
755 850 843 894 quod
857 876 868 893 ,
892 860 997 894 quum
1020 850 1055 884 in
1078 849 1196 884 Lovel.
1221 848 1254 882 1.
1281 851 1316 882 et
1337 849 1371 882 4.
1403 853 1493 884 esset
1512 846 1719 886 ‘sudhum-

359 911 486 956 quid,
500 929 503 932 >
519 910 599 944 inde
624 910 658 943 in
679 909 760 944 aliis
783 910 915 944 factum
938 911 988 943 est
1010 921 1107 943 nam
1130 909 1310 954 quicquid3
1337 919 1380 942 ex
1401 916 1482 945 nam
1505 914 1622 946 autem
1643 914 1720 946 rur'-

359 982 419 1006 eus
450 973 563 1004 ortum
595 981 708 1014 quam.
741 970 859 1004 lustin.
890 969 975 1011 ΧΠ,
1006 967 1050 1011 8,
1083 969 1118 1002 4.
1177 969 1330 1002 Tandem
1357 980 1456 1004 orare
1488 969 1563 1014 (sc.
1596 971 1724 1006 milites

360 1029 635 1073 Alexandrum),
666 1033 706 1063 ut
735 1029 898 1074 reliquias
931 1029 1052 1063 saltem
1082 1039 1163 1062 suas
1187 1028 1343 1071 paternis
1372 1030 1556 1073 aepulchm
1585 1014 1722 1073 icadas,

360 1100 502 1134 quorum
531 1100 615 1122 non
649 1088 772 1122 studiis
802 1088 1005 1132 deficiatur,
1039 1099 1164 1133 quam
1196 1087 1313 1129 anm‘s,
1346 1088 1407 1121 ubi
1428 1091 1623 1134 reponenda
1645 1092 1722 1127 edd.

361 1148 489 1192 antiqq.
515 1148 624 1182 -lectio
658 1148 738 1181 sed
768 1149 878 1182 annis.
924 1149 1047 1183 Nostro
1079 1147 1189 1193 igitur
1217 1148 1296 1181 loco
1319 1158 1509 1191 paucorum
1533 1150 1629 1184 eodd.
1651 1155 1724 1185 tam

362 1220 430 1242 non
451 1208 654 1243 habentium
677 1201 848 1251 scriptura
869 1219 979 1251 neque
1004 1208 1127 1242 Latina
1149 1210 1214 1249 est,
1237 1218 1359 1251 neque,
1385 1209 1416 1242 si
1437 1212 1546 1259 esset,
1569 1220 1725 1244 eommo-

363 1267 446 1301 dum
477 1279 613 1302 sensum
644 1268 834 1312 praeberet.
883 1267 988 1302 Haud
1020 1267 1122 1301 dubie
1149 1267 1240 1300 enim
1263 1267 1448 1301 Sallustius
1470 1268 1583 1303 dicere
1603 1269 1725 1314 voluit,

363 1327 515 1361 Marium
539 1339 619 1361 sane
641 1328 681 1361 ob
706 1328 934 1371 diffidentiam
958 1327 1124 1371 aliquam,
1148 1329 1186 1360 ιιι
1208 1327 1305 1361 decet
1326 1330 1466 1361 cautum
1488 1338 1531 1361 ac
1552 1331 1728 1363 strenuum

363 1386 634 1430 imperatorem,
668 1387 812 1432 vigilias
846 1387 961 1431 ipsum
994 1385 1210 1426 circumisse,
1240 1386 1299 1419 sed
1331 1387 1472 1421 multo
1511 1389 1658 1432 magis
1689 1394 1730 1423 ut

365 1446 515 1490 exemplo
551 1457 611 1479 suo
642 1447 766 1481 milites
798 1448 972 1482 excitaret.
1004 1465 1048 1471 -
1087 1445 1212 1479 Statim
1235 1448 1312 1488 post
1334 1446 1437 1491 longe
1460 1445 1604 1490 plurimi
1629 1448 1728 1482 codd.

364 1506 494 1539 habent
526 1506 721 1549 diffidentia
752 1507 911 1550 futuri
925 1532 933 1548 ,
966 1517 1082 1551 quae
1124 1505 1378 1549 imperavisset,
1421 1505 1457 1539 in
1489 1516 1557 1549 qua
1593 1507 1731 1542 soloeca

365 1569 541 1600 structura
563 1566 772 1600 defendenda
797 1566 1027 1610 nequicquam
1050 1565 1252 1598 laborarunt
1274 1564 1476 1608 interpretes
1499 1569 1533 1599 et
1553 1577 1731 1611 gramma-

366 1624 439 1659 tici.
485 1625 538 1660 Ad
562 1636 669 1659 unum
696 1625 787 1658 enim
811 1636 949 1667 omnes,
985 1625 1081 1657 velut
1113 1623 1250 1657 Cortius
1274 1624 1317 1658 ad
1341 1625 1376 1658 h.
1402 1625 1440 1667 1.‚
1466 1625 1664 1662 Perizonius
1687 1628 1732 1662 ad

366 1686 480 1719 Saact.
505 1684 592 1719 mn.
615 1685 660 1729 11,
685 1685 720 1721 9.
752 1697 787 1730 p.
808 1685 890 1721 268.
923 1685 976 1718 ed.
1008 1684 1112 1727 Bau„
1137 1684 1391 1719 Ramshornius
1415 1685 1571 1721 Granum.
1601 1687 1674 1722 Lat.
1697 1689 1731 1730 §-

367 1744 447 1778 2⁰6.
470 1744 511 1778 A.
534 1744 568 1778 4.
591 1755 624 1780 a.
648 1757 683 1788 p.
706 1745 785 1779 697.
818 1746 871 1779 ed.
896 1745 924 1780 l.
954 1743 990 1777 id
1022 1743 1122 1777 unice
1157 1747 1291 1788 agunt,
1324 1749 1363 1779 ut
1384 1744 1518 1780 numeri
1547 1745 1733 1792 singularis

369 1815 449 1837 cum
481 1803 609 1848 plurali
639 1804 911 1838 coniunctionem
945 1803 1146 1845 defendant,
1178 1815 1245 1838 non
1275 1803 1333 1839 via
1366 1809 1399 1839 et
1420 1805 1571 1849 ratione,
1592 1808 1651 1841 sed
1673 1819 1732 1842 ex-

369 1863 493 1908 emplis
506 1887 517 1906 ,
541 1866 575 1897 et
596 1863 687 1897 inter
709 1875 746 1898 se
771 1864 933 1906 diversis,
955 1866 990 1898 et
1013 1874 1036 1897 a
1058 1868 1174 1897 nostro
1197 1864 1274 1898 loco
1296 1864 1535 1908 alienissimis,
1566 1877 1655 1912 quae
1676 1868 1734 1902 vel

367 1935 491 1967 parum
517 1923 695 1957 emendate
719 1923 754 1957 in
777 1924 854 1958 edd.
877 1925 1061 1969 leguntur,
1084 1924 1140 1956 vel
1173 1935 1234 1966 per
1255 1935 1292 1958 se
1314 1935 1398 1958 sana
1420 1929 1651 1969 portentosam
1675 1937 1735 1960 ex-

369 1983 590 2026 plicationem
621 1987 762 2027 experta
794 1987 894 2028 suut,
928 1983 1048 2027 qualia
1079 1983 1257 2028 tetigimus
1288 1982 1333 2017 ad
1370 1983 1469 2019 Catil.
1495 1986 1620 2028 an,
1644 1986 1676 2021 1.
1700 1998 1734 2030 p.

369 2041 416 2077 85
438 2054 487 2086 sq.
515 2045 550 2076 et
579 2042 624 2076 ad
656 2043 752 2085 LVI,
775 2043 808 2079 5.
843 2056 877 2088 p.
905 2043 982 2078 29⁴1.
1030 2043 1099 2077 Sed
1131 2048 1170 2078 ut
1199 2054 1386 2087 parumper
1414 2046 1639 2079 concedamus
1666 2045 1736 2080 diei

373 2113 471 2146 posse
486 2103 625 2146 futuri,
650 2114 755 2147 quae,
781 2104 874 2146 quod
895 2104 989 2138 nullo
1012 2103 1115 2137 modo
1137 2104 1243 2145 licet,
1267 2104 1454 2146 maiorem,
1478 2115 1583 2148 quam
1605 2105 1738 2140 numeri

371 2161 568 2222 diversitas,
593 2161 811 2196 insolentiam
834 2163 942 2197 habet
961 2163 1184 2208 participium
1208 2175 1248 2197 ex
1273 2164 1471 2208 diffidentia
1493 2169 1622 2209 aptum.
1644 2165 1736 2199 Num

373 2226 473 2266 putas
496 2232 647 2266 unquam
670 2221 799 2256 dictum
822 2222 948 2268 fuisse,
971 2228 1031 2258 aut
1053 2224 1207 2268 potuisse
1228 2223 1319 2266 dici,
1344 2228 1381 2259 ut
1403 2225 1470 2259 hoc
1491 2228 1593 2267 utar,
1617 2225 1738 2258 anxius

372 2293 446 2315 sum
485 2282 775 2326 dissidentia
814 2285 1026 2319 redituri
1075 2284 1205 2326 eius,
1246 2296 1344 2328 quem
1389 2284 1502 2318 misi?
1543 2284 1599 2318 vel
1638 2294 1738 2328 spes

374 2342 512 2375 amici
545 2343 731 2377 venturi
762 2355 817 2377 me
833 2343 993 2388 fefellit?
1015 2344 1054 2378 ln
1075 2344 1134 2378 his
1156 2349 1189 2379 et
1214 2343 1387 2379 similibus
1410 2347 1449 2380 ιιι
1468 2343 1658 2391 necessario
1679 2355 1739 2378 ac·

373 2401 550 2435 cusativus
583 2413 664 2436 cum
698 2403 761 2438 inf.
793 2404 1000 2448 requiritur,
1030 2403 1082 2439 ita
1114 2405 1220 2438 etiam
1243 2409 1357 2440 nostro
1379 2406 1455 2439 loco
1481 2415 1521 2439 ex
1544 2403 1739 2448 diffidentia

374 2461 463 2495 nihil
487 2461 582 2495 aliud
606 2473 709 2506 quam
733 2464 820 2498 haec
843 2467 1015 2498 structura
1036 2465 1184 2508 pendere
1206 2463 1324 2509 potest.
1366 2464 1431 2499 Cui
1453 2474 1663 2509 quamquam
1686 2465 1739 2499 fa-

376 2521 441 2554 cile
463 2521 546 2555 satis
548 2521 626 2562 flat,
662 2522 692 2556 si
722 2534 801 2557 cum
826 2525 995 2558 Muellero
1019 2528 1054 2559 et
1086 2524 1219 2558 Weisio
1242 2523 1544 2568 scribassutura,
1567 2535 1675 2569 quae,
1699 2527 1739 2559 ut

377 2579 530 2613 nonnulli
555 2580 662 2614 eodm
668 2582 820 2617 Gruter-i
842 2583 992 2625 habent,
1017 2586 1152 2628 tamen,
1177 2583 1258 2627 quia
1282 2583 1331 2618 ita
1351 2583 1506 2618 lectionis
1529 2593 1657 2628 magna
1679 2594 1740 2618 va-

376 2639 482 2674 rietas
512 2638 607 2675 nullo
639 2628 742 2675 modo
773 2646 884 2686 potest
918 2620 1108 2688 explicari,
1141 2609 1341 2678 insolentius
1371 2642 1502 2687 aliquid
1525 2653 1547 2678 a
1554 2638 1741 2678 Sallustio

376 2699 540 2743 scriptum
563 2711 636 2734 esse
658 2707 812 2745 apparet
862 2703 987 2737 Verum
1012 2702 1123 2748 igitur
1147 2707 1307 2747 putamus
1329 2703 1419 2748 quod
1445 2701 1480 2736 in
1513 2700 1626 2736 Guelt'
1650 2701 1684 2736 7.
1708 2705 1741 2737 et
