1826 3276
421 167 505 209 452
774 160 819 202 C.
853 158 1177 202 SALLUSTI
1213 154 1436 208 GRISPI

360 286 409 328 15
421 277 586 338 probra
619 275 902 319 obiectantur.
973 271 1259 329 Quamquam,
1298 283 1387 333 ego
1416 279 1613 320 naturam
1643 255 1774 320 unam

425 379 469 417 et
512 382 790 415 communem
833 366 1027 411 omnium
1067 368 1321 423 existumo,
1359 367 1439 412 sed
1481 369 1774 415 fortissumum

362 481 410 518 16
424 478 643 524 quemque
685 461 1097 522 generosissumum.
1179 462 1249 506 Ac
1290 462 1325 506 si
1361 462 1462 530 iam!
1492 478 1548 508 ex
1578 466 1774 524 patribus

423 560 570 604 Albini
605 565 682 602 aut
725 555 903 600 Bestiae
948 557 1109 614 quaeri
1135 562 1307 616 posset,
1353 572 1483 602 mene
1510 555 1568 602 an
1599 559 1696 603 illos
1724 574 1777 603 ex

423 670 470 699 se
505 654 632 715 gigni
679 651 931 707 maluerint,
973 650 1081 709 quid
1125 666 1413 711 responsuros
1458 632 1661 708 creditis,
1698 653 1777 696 nisi

345 766 411 807 *17
425 765 518 794 sese
561 749 725 793 liberos
775 760 908 804 quam
960 743 1172 806 optumos
1202 746 1429 791 voluisse?
1472 746 1644 802 Quodsi
1685 748 1779 790 iure

515 921 548 962 §-
571 916 634 962 15„
679 919 894 962 Quamquam
919 926 983 961 ego
1009 934 1046 940 —-
1073 916 1256 961 existumo]
1282 903 1496 963 Quamquam
1516 916 1553 952 iu
1574 914 1780 954 enunciatio-

423 990 466 1013 ne
490 977 660 1023 simplici,
691 989 780 1022 quae
815 975 982 1021 apoduein
1011 986 1079 1010 non
1109 977 1238 1019 habet,
1267 977 1471 1013 sententiam
1492 975 1670 1020 adiungit,
1694 985 1782 1018 quae

422 1030 660 1074 antecedentia
691 1037 867 1082 corrigens
889 1036 1032 1070 modum
1062 1035 1133 1071 illis
1155 1035 1256 1080 quasi
1276 1035 1422 1080 imponit
1443 1046 1553 1080 neque
1574 1035 1666 1069 ultra
1687 1034 1722 1068 in
1744 1045 1783 1067 re

421 1097 599 1143 proposita
621 1097 826 1131 versandum
849 1106 923 1130 esse
943 1095 1129 1140 significat.
1160 1096 1205 1129 cf.
1228 1096 1364 1140 Zumpt.
1386 1097 1464 1131 Lat.
1487 1095 1644 1132 Gramm-
1667 1094 1700 1135 5.
1723 1091 1780 1134 67,

421 1158 456 1192 3.
479 1169 512 1201 p.
535 1156 617 1191 279.
645 1156 699 1190 ed.
729 1155 786 1189 IV.
820 1154 899 1189 Car.
931 1155 1047 1190 Beier.
1080 1155 1123 1190 ad
1158 1156 1230 1190 Cic.
1262 1156 1305 1190 de
1335 1155 1406 1190 off.
1429 1155 1484 1199 11,
1506 1154 1570 1195 12,
1592 1152 1648 1188 48.
1682 1151 1782 1186 etad

422 1218 515 1252 Lael.
538 1228 568 1250 c.
592 1216 626 1258 9,
649 1217 683 1250 2.
707 1227 741 1259 p.
764 1213 821 1248 50.
845 1213 1024 1249 Heindorf.
1047 1215 1092 1255 ad
1114 1216 1202 1250 Hor.
1227 1215 1301 1250 Sat.
1325 1215 1378 1258 11,
1400 1215 1436 1259 2,
1457 1213 1525 1248 41..
1539 1212 1620 1248 Otto
1643 1211 1687 1246 ad
1710 1209 1783 1245 Cic.

422 1277 465 1310 de
488 1275 587 1310 Finn.
609 1275 639 1317 1,
661 1275 695 1318 1,
715 1275 749 1308 2.
772 1273 891 1308 Bremi
922 1274 966 1308 ad
996 1274 1082 1318 Nep.
1105 1274 1208 1309 Attic.
1231 1286 1260 1310 c.
1286 1274 1378 1316 XVI,
1398 1274 1433 1308 2.
1479 1271 1672 1307 Vernacula
1691 1271 1784 1304 hunc

423 1346 560 1370 sensum
583 1333 763 1378 exprimas.
776 1333 955 1377 particulis
977 1333 1151 1374 wiewnht,
1177 1333 1317 1377 jedoch.
1338 1351 1384 1358 —
1411 1333 1489 1366 Vim
1511 1331 1572 1366 sed
1593 1329 1784 1375 particulae

423 1394 566 1429 minime
600 1393 772 1437 perspexit
805 1391 962 1434 Coi-tius,
998 1392 1073 1426 eius
1095 1393 1172 1426 loco
1193 1392 1240 1426 sic
1266 1391 1430 1436 scriptum
1452 1389 1779 1430 fuissemniicionv,

423 1453 505 1498 quia
534 1452 702 1487 sententia
731 1451 968 1496 comparativa
989 1450 1069 1485 talis
1100 1451 1165 1485 sit:
1194 1452 1271 1493 „uti
1305 1455 1466 1486 naturam
1497 1460 1602 1484 unam
1634 1452 1668 1483 et
1689 1459 1783 1482 com-

423 1523 563 1547 munem
594 1511 748 1546 omnium
778 1511 968 1552 existumo,
1007 1511 1056 1544 sic
1086 1509 1323 1544 fortissumum
1352 1520 1523 1554 quemque
1553 1507 1784 1554 generosissu-

423 1583 523 1606 mum
553 1571 731 1605 existumo.
744 1573 768 1590 ‘⁶
813 1570 880 1604 His
908 1568 1011 1613 nugis
1040 1568 1178 1603 reiectis
1209 1570 1324 1604 Faber
1355 1570 1416 1604 sed
1447 1580 1508 1614 per
1529 1567 1784 1603 anacoluthiam

421 1624 606 1675 quandam*
626 1629 835 1679 adversandi
866 1632 1038 1673 potestate
1063 1632 1177 1663 censet
1207 1629 1252 1663 ad
1282 1628 1553 1664 enunciationem
1585 1627 1782 1673 negativam

421 1691 566 1732 referri,
602 1701 706 1734 quam
737 1688 925 1723 Sallustius
959 1691 1074 1722 mente
1095 1688 1234 1732 quidem
1255 1676 1466 1732 conceperit,
1499 1688 1560 1722 sed
1581 1687 1694 1722 verbis
1716 1698 1784 1722 nou

421 1741 583 1786 accurate
606 1748 819 1792 expresserit.
867 1747 1003 1792 Quippe
1025 1747 1125 1782 illum
1154 1749 1222 1782 hoc
1245 1746 1359 1781 dicere
1382 1746 1547 1782 volutem
1571 1747 1651 1782 Non
1671 1747 1782 1780 maio-

421 1823 499 1846 rum
531 1809 664 1844 meritis
695 1812 730 1842 et
760 1806 971 1852 imaginibus
992 1807 1210 1852 gloriandum
1233 1805 1411 1849 existimo,
1442 1807 1533 1849 quod
1562 1806 1622 1843 isti
1641 1806 1783 1844 faciunt,

421 1872 482 1906 sed
510 1869 737 1904 fortissimum
767 1867 1270 1912 quemquegonerosissimum
1299 1877 1384 1900 esse.
1430 1865 1499 1900 Sed
1531 1867 1619 1912 haec
1650 1877 1784 1911 quoque

422 1929 606 1976 explicatio
629 1928 747 1973 paullo
779 1930 830 1961 est
857 1926 1071 1968 intricatior,
1099 1937 1209 1970 neque
1231 1925 1370 1971 ingenio
1401 1926 1438 1959 h.
1462 1926 1487 1960 1.
1509 1926 1783 1961 accommodata.

423 1991 476 2024 Ea
499 1993 550 2024 est
575 1988 666 2023 enim
689 1987 875 2022 sententiae
897 1986 1008 2029 ratio,
1042 1987 1080 2019 ut
1109 1996 1178 2019 non
1200 1986 1271 2021 alia
1301 1996 1410 2029 eaque
1431 1984 1567 2030 integra
1587 1985 1782 2021 enunciatio

423 2051 456 2084 ei
482 2051 698 2094 opponatur,
724 2047 783 2081 sed
806 2050 844 2081 ut
866 2045 1100 2090 praedicatum
1123 2045 1168 2078 ad
1189 2045 1403 2090 angustiores
1421 2045 1507 2079 fines
1527 2049 1726 2086 revocetur,
1749 2047 1784 2080 et

422 2110 528 2155 quasi
550 2109 700 2153 quadam
723 2106 921 2151 exceptione
942 2107 1156 2147 coarctetur,
1187 2105 1244 2138 cui
1272 2105 1324 2139 rei
1346 2105 1406 2140 sed
1427 2100 1594 2139 inservire
1613 2103 1685 2139 iam
1707 2114 1784 2137 mo-

421 2171 560 2205 nuimus
582 2169 626 2204 ad
644 2168 724 2202 eat.
747 2168 804 2209 Li,
827 2166 883 2200 13.
906 2178 941 2210 p.
955 2162 1035 2200 245.
1059 2167 1093 2199 et
1117 2175 1222 2208 supra
1243 2165 1288 2199 ad
1308 2165 1444 2207 LXXV,
1459 2164 1494 2199 4.
1538 2164 1657 2208 Quare
1677 2174 1783 2207 quum

422 2235 580 2265 naturam
630 2238 735 2262 unam
773 2231 807 2261 et
839 2226 988 2260 omnium
1027 2235 1235 2259 communem
1266 2237 1337 2260 esse
1365 2223 1624 2269 pronunciasset
1652 2227 1783 2264 auctor,

423 2301 513 2334 quae
543 2287 663 2323 adiicit
701 2298 765 2331 per
797 2286 858 2320 sed
889 2285 1095 2329 particulam
1133 2284 1185 2319 sic
1213 2285 1408 2330 astringunt
1438 2283 1540 2318 illam
1571 2282 1782 2323 seutentiam,

423 2349 522 2393 quasi
545 2349 655 2389 dicat,
671 2347 744 2382 fita
776 2350 953 2388 tamen,
985 2349 1033 2380 ut
1058 2345 1191 2388 ⁴fortiss.
1211 2355 1374 2390 quemque
1394 2353 1549 2390 generos·
1571 2346 1782 2387 putem.—

419 2410 506 2454 'Post
526 2407 833 2453 generosissumum
868 2404 968 2438 multi
1001 2405 1099 2441 codd.
1122 2405 1252 2439 addunt
1274 2415 1368 2446 esse,
1390 2402 1480 2447 quod
1502 2401 1589 2436 ΝΜ.
1614 2401 1781 2436 Commcl.

424 2468 508 2502 Bas.
535 2468 568 2502 1.
590 2465 683 2500 Leid.
707 2465 747 2498 L.
778 2464 950 2508 multique
971 2463 1033 2498 alii
1055 2463 1235 2508 ignorant,
1263 2467 1297 2499 ct
1318 2466 1412 2498 recte
1431 2461 1591 2506 quidem3
1627 2471 1662 2496 v,
1683 2460 1728 2494 ad
1751 2471 1781 2493 c.

425 2527 616 2568 LXXXIX,
636 2525 670 2558 7.
700 2523 850 2557 Weisius
872 2534 956 2558 vero
978 2523 1104 2568 puerili
1131 2524 1301 2559 latinitate
1321 2532 1522 2568 generosum
1552 2530 1623 2556 esse
1644 2519 1782 2563 scripsit

425 2598 465 2620 ex
481 2586 556 2621 cdd.
579 2584 717 2629 Gryph.
740 2583 838 2624 min„
860 2583 1049 2628 ingolstad.
1071 2587 1108 2618 et
1130 2595 1172 2618 ex
1194 2583 1268 2619 cod.
1297 2583 1403 2617 Fabr.
1425 2581 1460 2615 1.

511 2644 543 2684 §-
567 2642 624 2677 16.
670 2643 720 2693 Ac
742 2643 770 2676 si
790 2643 860 2676 iam
878 2664 924 2670 —
950 2644 1070 2688 quaeri
1090 2645 1223 2688 posset]
1247 2644 1349 2677 Hanc
1370 2631 1574 2678 sententiam
1595 2650 1639 2674 ex
1660 2638 1778 2673 Sallu-

422 2702 488 2737 stio
511 2701 674 2746 expressit
706 2702 911 2738 Plutarchus
939 2702 974 2736 in
999 2702 1070 2737 vita
1093 2701 1198 2737 Marii
1220 2713 1250 2749 οι.
1275 2702 1336 2736 lx.
1380 2697 1652 2740 'Euvwfl’ointm
1675 2699 1711 2734 εἰ
1730 2695 1780 2742 μή
