1826 3276
376 197 460 238 286
738 193 780 237 C.
813 192 1378 242 SALLUSTICR-ISPI

377 308 452 352 ubi
495 318 717 365 quemque
758 307 1003 369 periculum
1051 318 1265 370 ceperat,
1315 312 1388 356 ibi‘
1426 313 1626 361 resistere
1681 330 1732 360 ac

376 402 660 461 propulsare,
695 416 816 450 arma
849 402 958 459 tela,
994 406 1095 463 equi
1129 406 1231 463 viri,
1267 405 1416 473 liostes
1451 415 1583 468 atque
1617 411 1733 456 cives

382 496 619 556 permixti,
677 495 785 540 nihil
843 499 1022 543 consilio
1070 514 1216 559 neque
1262 501 1447 561 imperio
1488 504 1563 564 agi
1583 535 1597 558 ‚
1641 505 1732 550 fors

339 581 538 639 2omnia¹
557 605 737 651 regere3
770 592 916 650 itaque
951 595 1134 640 multum
1167 595 1254 640 diei
1276 605 1582 656 processerim„
1600 613 1734 663 quum

340 688 599 732 Setiamtum
628 693 810 732 eventus
847 689 891 732 in
922 689 1089 734 incerto
1122 696 1226 735 erat.
1294 690 1498 751 Denique
1533 693 1734 738 omnibus

375 783 528 826 labore
562 788 607 826 et
650 788 772 827 aestu
811 783 1054 844 languidis,
1095 785 1329 841 Metellus,
1373 787 1450 832 ubi
1483 787 1605 832 videt
1637 789 1735 833 Nu—

375 878 514 922 midas
545 878 685 921 minus
718 878 903 933 instare,
941 880 1170 939 paullatim
1205 881 1361 926 milites
1390 882 1435 926 in
1459 897 1594 927 unum
1628 898 1735 928 con-

375 973 517 1028 ducit,
560 973 736 1018 ordines
787 976 972 1019 restituit
989 1009 1003 1032 ,
1049 982 1094 1020 et
1141 976 1332 1021 cohortis
1376 977 1637 1038 legionarias
1672 979 1735 1022 lv

374 1068 613 1113 advorsum
646 1069 819 1129 pedites
863 1069 1057 1121 hostium
1091 1071 1292 1115 collocat.
1362 1072 1532 1117 Eorum
1573 1087 1736 1134 magna

373 1258 424 1290 set
447 1254 654 1290 Gerlachius
674 1255 875 1291 insolentius
898 1256 1027 1291 dictum
1051 1267 1143 1298 esee,
1167 1256 1218 1291 ita
1240 1259 1367 1299 tamen,
1390 1261 1429 1292 ut
1449 1251 1568 1293 *cubita
1589 1256 1737 1301 periculi

371 1315 505 1350 invasio
527 1316 735 1361 designetur.
758 1336 802 1342 ——
827 1318 938 1361 Atque
961 1319 1040 1350 ante
1061 1315 1150 1349 cives
1173 1315 1296 1360 optimi
1318 1319 1434 1351 tenent
1455 1310 1564 1359 codd,
1597 1322 1635 1352 ut
1654 1318 1735 1352 Bas.

373 1375 406 1409 1.
431 1374 509 1409 Seu.
542 1375 574 1408 1.
609 1374 702 1411 Leid.
726 1377 766 1411 L.
798 1376 909 1411 Paris.
937 1376 972 1410 b.
997 1387 1026 1410 c.
1051 1387 1084 1410 x.
1108 1387 1140 1410 z.
1177 1378 1221 1409 ac
1253 1380 1434 1420 praeterea
1471 1377 1572 1412 multi
1606 1377 1734 1420 Cottii,

372 1435 489 1470 Leidd.
514 1434 714 1477 Gerlachii,
739 1447 819 1469 cum
841 1436 937 1470 Italis
960 1436 1032 1469 rere
1055 1436 1234 1478 omnibus3
1257 1435 1379 1470 relicui
1399 1447 1467 1472 non
1488 1437 1629 1479 habent,
1650 1437 1735 1473 scri-

372 1496 428 1529 bis
450 1494 545 1528 haud
570 1493 692 1537 dubie,
725 1495 808 1539 quia
830 1495 1065 1530 antecedentia
1087 1496 1256 1530 vocabula
1280 1494 1487 1538 ἀσυνδέτως
1508 1497 1624 1541 posita
1644 1500 1734 1542 sunt,

371 1555 534 1599 copulam
552 1553 797 1589 omittentibus.
829 1554 899 1589 Sed
922 1554 1011 1588 nihil
1032 1566 1157 1599 cogere
1175 1558 1214 1590 ut
1236 1555 1340 1590 etiam
1363 1560 1537 1600 postrema
1555 1557 1605 1592 sic
1628 1566 1734 1593 enun-

371 1615 524 1655 cientur,
555 1613 671 1658 quivis
691 1614 807 1657 videt,
841 1624 1051 1659 quamquam
1074 1614 1326 1648 concedendum
1349 1618 1421 1659 ent,
1453 1616 1559 1652 etiam
1581 1617 1655 1652 eine
1676 1628 1736 1653 co-

370 1675 454 1719 pula
481 1674 589 1708 verba
620 1677 713 1708 recte
742 1675 885 1709 habere.
917 1691 964 1700 —-
997 1673 1124 1709 Statim
1153 1677 1228 1718 post
1258 1675 1419 1720 plerique
1441 1676 1588 1712 editores
1608 1681 1734 1722 puncto

369 1738 448 1780 post
480 1745 602 1781 regere
634 1733 746 1778 posito
768 1733 886 1778 itaque
908 1726 1069 1769 videntur
1102 1735 1139 1770 vi
1170 1735 1277 1780 igitur
1298 1735 1494 1779 particulae
1514 1737 1734 1782 intellexisse,

369 1794 463 1840 quod
484 1794 529 1829 ab
553 1794 589 1828 h.
612 1794 636 1828 l.
660 1793 812 1828 alienum
843 1797 917 1836 ost3
948 1795 1042 1830 valet
1073 1794 1165 1830 enim
1188 1799 1223 1830 et
1243 1795 1297 1830 ita
1310 1820 1321 1837 ,
1352 1795 1394 1830 de
1424 1807 1492 1840 quo
1523 1807 1558 1834 v.
1589 1797 1634 1832 ad
1655 1797 1732 1832 Cat.

370 1855 463 1896 XIV,
483 1854 517 1890 1.
532 1873 576 1879 —
593 1853 663 1887 Pm
685 1853 756 1888 diei
778 1853 915 1888 Curtius
934 1854 1004 1890 fide
1024 1856 1124 1890 unius
1150 1854 1239 1897 cod„
1262 1866 1330 1899 quo
1347 1855 1546 1893 ciacconius
1569 1868 1649 1891 usus
1671 1859 1734 1902 est,

369 1913 510 1959 scripsit
533 1913 601 1955 die,
623 1914 717 1956 quod
740 1915 938 1958 probarem,
962 1915 991 1949 si
1014 1915 1132 1958 paullo
1155 1915 1301 1950 certiore
1321 1915 1524 1952 auctoritate
1545 1916 1733 1959 niteretur,

369 1974 431 2010 sed
453 1984 487 2008 v.
510 1973 555 2007 ad
577 1984 608 2008 c,
635 1973 753 2015 XLIII,
763 1973 797 2007 2.
845 1975 898 2008 De
920 1973 996 2018 ipsa
1017 1975 1189 2009 locutione
1210 1975 1254 2009 cf.
1277 1979 1396 2011 notata
1417 1976 1462 2011 ad
1483 1986 1514 2011 c.
1537 1976 1633 2049 XXI,
1646 1975 1681 2012 2·.
1687 1994 1732 2002 -

374 2035 485 2078 Quum
507 2031 698 2076 particulae
719 2044 821 2067 usum
842 2033 1020 2078 tetigimus
1042 2034 1087 2069 ad
1109 2046 1138 2068 c.
1158 2035 1281 2078 XLIX,
1303 2035 1339 2070 3.

460 2095 495 2136 5.
517 2092 540 2126 3
558 2111 602 2118 -
620 2091 656 2129 5.
702 2095 831 2128 Eorum
854 2105 986 2138 magna
1005 2093 1105 2138 pars]
1127 2093 1291 2139 Imperite
1307 2093 1512 2130 Gerlachius
1533 2104 1596 2138 pro
1619 2105 1734 2128 eorum

370 2152 517 2198 requirit
539 2163 703 2197 quorum,
737 2152 836 2197 quasi
865 2163 1002 2187 necesse
1034 2152 1081 2187 sit
1113 2157 1290 2189 auctorem
1312 2155 1441 2201 ubique
1469 2151 1735 2194 enunciationes,

370 2224 459 2259 quae
481 2212 699 2256 explicationi
731 2211 937 2255 inserviunt,
968 2213 1250 2256 praecedentibus
1283 2218 1378 2250 arcte
1406 2213 1608 2249 annectere.
1642 2213 1734 2248 Ean-

370 2274 451 2309 dem
472 2271 639 2307 orationis
669 2272 937 2306 conformandae
959 2271 1128 2306 rationem
1151 2273 1336 2309 Sallustius
1357 2277 1492 2309 secutus
1513 2276 1564 2308 est
1594 2283 1623 2309 c.
1647 2273 1733 2315 HV,

372 2335 430 2369 1⁰.
454 2333 516 2368 ubi
533 2331 741 2368 Gerlachius
762 2331 851 2365 nihil
876 2331 1019 2366 notavit.
1042 2331 1089 2365 cf.
1114 2332 1188 2367 Cat.
1212 2335 1312 2378 LIX,
1337 2334 1370 2371 6.
1400 2335 1476 2380 lug.
1499 2333 1611 2375 LXII,
1639 2331 1673 2366 4.
1698 2336 1734 2366 et

372 2394 406 2428 7.
429 2393 551 2436 LXVI,
573 2392 607 2429 3.
629 2413 676 2421 --
697 2392 890 2427 Verborum
912 2402 1020 2436 neque
1044 2393 1112 2426 illis
1134 2396 1250 2427 castra
1274 2404 1344 2428 esse
1358 2395 1422 2428 etc.
1445 2395 1615 2439 structura
1636 2394 1733 2435 pate-

371 2452 429 2488 bit
448 2464 491 2487 ex
512 2452 640 2487 notatis
660 2452 705 2488 ad
728 2453 802 2487 Cat.
832 2452 933 2494 XXI,
964 2451 1000 2486 3.
1046 2452 1119 2486 Illis
1151 2455 1268 2486 autem
1300 2453 1343 2488 ad
1377 2452 1548 2486 Romanoa
1578 2447 1734 2496 spectare

375 2513 484 2548 nolim
505 2523 716 2557 quemquam
738 2524 817 2547 cum
841 2512 1029 2547 Gerlachio
1050 2512 1194 2556 mirari,
1228 2516 1290 2547 aut
1311 2511 1498 2547 insolenter
1518 2511 1646 2554 dictum
1669 2522 1734 2556 pu—

373 2577 467 2614 tare,
499 2572 535 2606 in
567 2572 712 2616 obliqua
740 2571 834 2607 enim
867 2571 1023 2607 oratione
1053 2573 1112 2607 ille
1140 2572 1341 2617 pronomine
1371 2571 1586 2617 significatur
1614 2570 1664 2611 is,
1688 2570 1732 2604 ad

373 2643 478 2691 quem
497 2632 661 2678 dirigitur
692 2632 825 2675 oratio;
858 2632 954 2667 cuius
976 2643 1057 2667 usus
1078 2632 1168 2667 ratio
1190 2632 1382 2677 quaerenda
1405 2636 1457 2666 est
1477 2629 1512 2664 in
1535 2628 1734 2664 confusione

376 2703 623 2738 personarum,
654 2693 825 2728 narrantis
842 2692 1054 2739 cogitatione
1083 2703 1163 2726 cum
1185 2691 1274 2734 eius3
1306 2692 1366 2735 qui
1388 2691 1530 2734 loquens
1552 2687 1734 2730 inducitur,

379 2756 605 2788 commutata.
652 2752 737 2787 Vide
758 2756 875 2788 notata
897 2752 939 2788 ad
964 2763 993 2787 c.
1018 2752 1140 2795 XLIX,
1157 2751 1190 2798 3.
1214 2754 1248 2785 et
1269 2751 1312 2785 ad
1331 2749 1415 2792 LVI,
1432 2748 1465 2785 4.
1489 2769 1530 2773 —
1550 2748 1586 2783 N
1594 2759 1639 2784 ee
1654 2746 1731 2792 Ing.
