1826 3276
375 177 432 218 38
740 175 1125 218 G.SALLUST1
1154 178 1372 222 CRISPI

345 289 522 335 3vebat.
594 287 813 332 Terrebat
840 303 939 332 eum
969 295 1123 333 natura
1147 294 1391 338 mortalium
1421 296 1551 340 avida
1577 296 1737 355 imperi

377 390 422 426 et
447 397 662 442 praeceps
690 383 748 426 ad
776 383 1039 442 explendam
1061 385 1191 428 animi
1214 387 1475 446 cupidinem,
1508 396 1738 450 praeterea

374 478 682 536 opportunitas
718 492 821 520 suae
862 478 1189 537 liberorumque
1229 483 1382 527 aetatis
1397 516 1410 540 ‚
1453 499 1569 542 quae
1608 486 1738 530 etiam

373 571 606 615 <mediocris
632 572 746 615 viros
777 587 858 631 spe
887 573 1082 632 praedae
1115 581 1382 622 transvorsos
1411 579 1527 638 agit,
1556 579 1616 623 ad
1646 580 1735 623 hoc

374 666 515 710 studia
544 666 836 711 Numidarum
865 667 908 710 in
938 668 1196 728 Iugurtham
1226 686 1432 729 accensa,
1479 689 1533 718 ex
1565 674 1735 732 quibuS‚

371 871 407 903 1,
433 870 542 904 Paris.
566 871 600 904 b.
624 882 653 916 c.
676 883 710 905 x.
734 883 765 907 z.
795 872 914 908 Berol.
939 872 973 906 2.
1008 873 1110 907 Misn.
1134 874 1280 908 Eccard.
1306 875 1424 910 Guelf.
1446 877 1481 911 6.
1503 887 1537 909 v.
1562 876 1607 910 ad
1629 877 1733 911 catil.

372 930 524 971 xxvm,
549 930 581 964 1.
605 941 638 973 p.
661 929 741 964 130.
776 932 850 975 lug.
869 933 961 973 XXI,
985 932 1017 965 1.
1042 950 1086 958 -
1110 933 1237 967 Statim
1260 937 1336 977 post
1359 946 1397 968 eo
1418 938 1499 970 ante
1520 936 1660 980 negotio
1682 947 1735 969 re-

368 988 562 1034 satuimus,
595 992 687 1033 quod
709 1003 777 1025 non
799 991 911 1025 solum
947 991 1110 1026 orationis
1145 993 1368 1036 perspicuitas
1391 999 1425 1027 et
1446 994 1600 1039 gravitas
1622 999 1738 1039 postu-

370 1051 430 1091 lat,
453 1051 512 1084 sed
534 1050 640 1085 etiam
657 1062 810 1084 summus
833 1051 931 1085 codd.
947 1062 1139 1086 consensus.
1185 1051 1335 1085 Temere
1357 1053 1448 1086 enim
1474 1052 1612 1087 curtius
1630 1065 1735 1087 unum

370 1111 485 1144 Gnelf.
510 1111 543 1144 4.
567 1117 700 1145 secutus
719 1121 905 1154 pronomen
928 1111 1098 1153 expunxit.
1131 1130 1176 1135 —
1215 1113 1355 1145 Volvere
1379 1112 1421 1145 de
1444 1113 1580 1146 difficili
1604 1118 1637 1148 et
1660 1114 1736 1148 diu—

368 1173 471 1204 tunm
494 1169 739 1203 deliberatione
770 1169 916 1210 ‹licitur-3
955 1170 1001 1204 cf.
1026 1181 1055 1202 c.
1081 1170 1201 1213 cvm,
1225 1170 1257 1204 3.
1305 1170 1439 1204 Similis
1463 1175 1515 1205 est
1535 1184 1616 1207 usus
1638 1175 1734 1207 verbi

368 1230 526 1270 trahere;
561 1242 596 1264 v.
619 1230 664 1264 ad
688 1230 879 1273 LXXXIV,
903 1229 938 1263 4.
974 1231 1026 1264 De
1050 1241 1124 1264 cum
1146 1230 1402 1274 praepositione
1425 1231 1469 1264 cf.
1495 1235 1615 1266 notata
1637 1233 1682 1266 ad
1703 1230 1733 1267 ο.

368 1291 428 1330 Χί,
450 1289 485 1324 8.

456 1350 489 1390 §-
511 1347 543 1382 3.
590 1349 741 1383 terrebat
763 1349 860 1392 eum]
899 1349 1007 1390 Eum,
1030 1360 1092 1393 pro
1115 1360 1182 1392 quo
1207 1349 1242 1382 in
1265 1349 1339 1383 solo
1361 1349 1476 1388 Guelf.
1499 1350 1537 1384 2.
1561 1361 1583 1384 a
1606 1362 1659 1394 pr.
1686 1363 1734 1384 m.

364 1407 497 1452 legitur
529 1408 637 1448 cm‘m,
671 1409 807 1442 Coi-tius
830 1407 990 1442 omnibus
1013 1407 1111 1442 libris
1134 1409 1252 1443 invitis
1275 1408 1386 1444 eiecit.
1419 1428 1463 1434 —
1493 1410 1545 1444 De
1566 1414 1736 1454 potestate

364 1472 401 1501 et
423 1472 593 1501 structura
619 1479 783 1513 praeceps
814 1469 976 1503 vocabuli
1009 1479 1044 1502 v,
1067 1469 1111 1502 ad
1136 1468 1237 1502 Catil.
1262 1466 1442 1511 xxxvn,
1463 1469 1496 1508 4.
1526 1481 1559 1514 p.
1584 1470 1665 1504 172.
1689 1490 1733 1495 —

367 1529 458 1561 Suae
482 1528 724 1572 liberorumque
746 1540 866 1563 omnes
888 1530 959 1563 fere
982 1528 1062 1562 libri
1081 1529 1229 1570 habent3
1255 1529 1379 1563 Rivius
1401 1532 1516 1563 tamen
1538 1541 1580 1564 ex
1602 1530 1735 1574 aliquot

364 1586 435 1622 auin
457 1587 563 1621 edidit
586 1599 760 1632 suaeque
792 1594 835 1622 et
865 1590 1068 1631 liberorum,
1105 1600 1194 1632 quae
1217 1589 1404 1643 scriptura,
1441 1600 1544 1632 quam
1567 1591 1734 1625 incertum

365 1649 416 1679 est
446 1657 529 1680 num
561 1646 652 1692 Teg.
685 1651 718 1681 et
749 1648 866 1682 Leidd.
899 1648 940 1681 A.
963 1649 1006 1682 Β.
1033 1648 1072 1683 C.
1097 1649 1138 1682 F.
1164 1649 1206 1684 G.
1229 1649 1271 1683 N.
1297 1649 1520 1691 confirment,
1552 1649 1586 1683 in
1618 1661 1734 1694 omnes
1800 1666 1803 1674 ⁴

365 1705 442 1740 edd.
465 1705 611 1739 transiit.
657 1706 724 1740 Sed
747 1718 855 1750 quum
878 1707 1003 1751 optimi
1033 1708 1244 1752 plurimique
1266 1709 1349 1742 libri
1371 1708 1407 1742 in
1429 1712 1566 1752 recepta
1588 1708 1734 1744 lectione

366 1765 588 1806 consentiant,
612 1769 683 1799 tam
706 1767 836 1811 exigua
857 1768 1126 1812 discrepantium
1149 1769 1338 1803 auctoritas
1360 1779 1439 1803 eam
1461 1780 1530 1803 non
1548 1772 1659 1812 potest
1679 1769 1731 1801 in-

360 1824 529 1870 fringere.
575 1825 694 1869 Neque
716 1826 862 1862 alicuius
883 1828 1051 1862 momenti
1073 1831 1143 1870 est,
1177 1829 1267 1871 quod
1288 1832 1359 1863 tres
1382 1830 1491 1864 Curtii
1514 1829 1612 1863 codd.
1635 1829 1731 1862 exbi-

361 1885 445 1919 ,beat
468 1885 646 1919 liberorum
670 1898 819 1931 suaeque
842 1889 989 1928 aetatis,
1013 1890 1074 1921 aut
1095 1888 1185 1930 quod
1210 1887 1244 1921 in
1268 1889 1350 1923 Bas.
1375 1888 1407 1922 l.
1431 1899 1472 1922 ac
1498 1889 1586 1922 Med.
1611 1887 1649 1921 8.
1675 1889 1731 1922 ll.

360 1943 438 1977 sine
459 1944 532 1978 ulla
552 1945 678 1987 copula
701 1950 810 1981 exeun
830 1959 934 1988 suae,
970 1949 1150 1981 liberorum
1173 1948 1311 1982 aetatis.
1369 1948 1484 1991 Quam
1507 1947 1729 1990 posteriorem

358 2003 532 2037 rationem
553 2006 726 2047 quomodo
750 2007 957 2041 Gerlacliius
979 2011 1163 2051 propterea
1186 2007 1270 2042 ferri
1293 2018 1391 2050 posse
1412 2008 1606 2050 putaverit,
1641 2010 1731 2053 quod

361 2063 464 2106 plura
484 2063 520 2096 in
539 2063 600 2096 hoe
620 2065 732 2108 capite
748 2067 874 2108 insint,
905 2079 928 2100 a
945 2067 1085 2111 vulgari
1108 2067 1244 2100 dicendi
1258 2077 1322 2100 usu
1339 2068 1454 2101 aliena
1466 2093 1475 2108 ,
1499 2079 1600 2102 nemo
1623 2068 1728 2102 facile

362 2121 543 2166 intelliget.
576 2141 621 2147 -
657 2124 837 2159 Mediocris
867 2127 903 2160 h.
928 2127 950 2159 l.
975 2130 1045 2160 est:
1083 2137 1148 2160 non
1172 2136 1276 2169 supra
1298 2129 1479 2172 vulgarem
1511 2128 1653 2162 modum
1674 2128 1726 2162 ni-

362 2184 451 2223 tens,
473 2182 610 2216 modica
628 2193 742 2217 rernm
767 2185 964 2219 condicione
987 2189 1180 2228 contentum
1204 2187 1295 2230 quod
1318 2184 1526 2230 quamquam
1546 2199 1614 2221 non
1637 2188 1729 2221 mul-

364 2245 438 2275 tum
462 2241 580 2276 differt
603 2253 627 2276 a
647 2243 786 2277 notione
809 2246 972 2286 modesti,
994 2249 1110 2280 tamen
1133 2257 1200 2280 non
1224 2247 1325 2290 plane
1347 2250 1397 2280 est
1419 2247 1526 2289 idem,
1550 2251 1589 2282 ut
1611 2247 1730 2280 volunt

364 2300 582 2344 interpretes3
619 2303 667 2339 cf.
690 2314 720 2338 c.
746 2305 845 2346 vlu,
869 2305 902 2339 l.
939 2305 1130 2350 Iugurthae
1160 2319 1246 2340 ποη
1278 2307 1550 2342 mediocrem
1578 2309 1727 2342 animum

362 2360 603 2396 accendebant.
629 2380 673 2387 -
707 2364 931 2398 Tramvorsoe
955 2366 1034 2410 agit
1058 2365 1082 2399 i.
1107 2378 1136 2399 e.
1160 2377 1181 2399 n
1207 2371 1297 2400 recta
1322 2367 1446 2402 avertit
1467 2370 1502 2401 et
1523 2367 1558 2404 in
1582 2379 1728 2412 pravum

361 2419 548 2454 abstrahit.
595 2421 639 2456 cf.
665 2434 695 2457 c.
719 2424 810 2465 xiv,
834 2425 891 2458 20.
918 2436 1058 2469 vereor,
1091 2438 1134 2460 ne
1154 2438 1235 2470 quos
1260 2426 1402 2470 privata
1424 2426 1582 2463 amicitia
1604 2428 1726 2472 lugur—

365 2481 447 2514 thae
460 2492 584 2525 param
606 2484 749 2528 cognita
771 2489 1067 2520 transversos
1090 2492 1215 2530 agat.
1261 2487 1347 2522 cato
1370 2487 1460 2531 apud
1484 2487 1575 2522 Gall.
1600 2488 1672 2529 Vn,
1696 2487 1727 2522 3.

366 2542 542 2576 Secundae
560 2553 615 2576 ree
634 2544 771 2578 laetitia
794 2551 1088 2580 transvorsos
1112 2547 1301 2580 trudere
1323 2547 1430 2581 solent
1459 2559 1482 2581 a
1501 2551 1591 2581 recte
1609 2558 1725 2581 eonsu-

359 2601 465 2634 .1endo
485 2605 588 2646 atque
603 2603 839 2648 intelligendo.
885 2605 1017 2640 Seneca
1035 2607 1101 2650 Ep.
1124 2607 1244 2641 cvnl.
1266 2609 1303 2641 ἰπ
1319 2607 1524 2652 praecipitia
1538 2618 1654 2640 cursus
1663 2607 1726 2640 istc

369 2660 506 2695 deducit
528 2681 572 2687 -
595 2663 717 2697 deiude
736 2675 780 2697 ne
795 2665 950 2700 resistere
971 2666 1106 2711 quidem
1128 2668 1221 2710 licet,
1246 2678 1347 2712 quum
1367 2667 1474 2712 eoepit
1496 2671 1625 2705 tram
1634 2677 1725 2706 *wr-

372 2727 437 2754 soe
459 2732 568 2772 ager
580 2734 596 2756 e
611 2724 779 2765 felicitas·
831 2725 937 2760 Gonr.
1670 2737 1672 2739 ’
