1826 3276
424 205 803 255 IUGURTHA.
846 206 972 251 CAP.
1000 205 1124 251 XIV.
1414 208 1475 252 83

73 330 142 374 tus
181 333 276 387 est,
324 327 505 373 alterius
542 327 644 388 ipse
682 341 773 387 ego
813 338 970 370 manus
1013 322 1175 384 impias
1207 323 1280 369 vix
1311 322 1470 385 effugi.

74 425 208 483 Quid>
231 425 403 486 agam?
446 429 523 469 aut
568 437 660 483 quo
697 423 994 484 potissumum
1031 421 1184 467 infelix
1214 415 1470 468 accedam?
1487 427 1538 468 15

75 510 267 568 Generis
316 522 543 583 praesidia
578 521 726 566 omnia
764 520 977 566 exstincta
1020 525 1153 574 sunt3
1197 525 1353 580 pater,
1409 520 1474 565 uti

72 597 257 669 necesse
293 626 410 677 erat,
459 626 643 663 naturae
675 617 918 674 concessit,
954 611 1104 673 fratri,
1156 630 1294 676 quem
1323 618 1473 662 minu-

73 733 148 763 me
178 716 353 773 decuit,
382 716 665 777 propinquus
695 728 783 775 per
818 713 963 759 scelus
994 713 1132 757 vitam
1162 714 1353 774 eripuit,
1401 713 1474 759 af-

73 815 209 871 fines,
262 813 451 871 amicos,
494 813 776 874 propinquos
823 817 997 856 ceteros
1039 810 1176 854 alium
1211 811 1297 854 alia
1323 811 1476 857 clades

73 910 334 972 oppressit3
381 911 503 971 capti
545 910 603 955 ab
642 908 867 970 Iugurtha
902 924 1009 970 pars
1050 908 1096 952 in
1140 923 1321 953 crucem
1365 909 1477 966 acti,

71 981 179 1070 pars
214 1007 366 1052 bestiis
412 1007 578 1052 obiecti
618 1013 756 1060 sunt3
800 1006 969 1066 pauci,
1018 1004 1180 1064 quibus
1219 1007 1376 1051 relicta
1410 1013 1479 1051 est

76 1106 236 1164 anima,
274 1105 412 1150 clausi
439 1106 487 1150 in
516 1105 713 1150 tenebris
743 1119 850 1149 cum
868 1117 1078 1149 moerore
1107 1108 1153 1148 et
1178 1103 1303 1149 luctu
1326 1110 1480 1149 morte

78 1232 158 1263 tum
181 1227 228 1263 sit
251 1227 508 1262 declaravimus
531 1228 578 1262 ad
601 1227 708 1262 Catii.
732 1227 790 1269 LI,
813 1226 849 1262 7.
874 1238 911 1272 p.
935 1226 1018 1263 239.
1034 1245 1080 1253 -
1104 1227 1305 1272 Diligenter
1336 1227 1436 1262 abest
1459 1237 1483 1262 a

75 1289 219 1325 Fabi-ic.
242 1289 279 1326 2.
310 1288 411 1323 νηῒ.
436 1287 472 1322 2.
504 1288 583 1322 vin.
607 1290 644 1326 2.
676 1289 797 1324 Guelf.
821 1288 856 1324 3.
889 1288 986 1323 Laid.
1010 1288 1061 1332 11„
1085 1287 1178 1333 Teg.
1202 1287 1298 1321 Med.
1323 1287 1358 1322 7.
1383 1286 1418 1322 8.
1449 1291 1485 1322 et

77 1362 149 1387 uno
172 1350 326 1393 Wass'ii3
352 1353 535 1395 praeterea
557 1350 654 1386 Vrat.
679 1351 714 1385 1.
752 1351 815 1386 col.
848 1350 921 1392 dil„
958 1349 1086 1397 Guelf„
1101 1348 1136 1384 4.
1161 1349 1346 1392 dilienter,
1372 1348 1407 1384 ⁷.
1433 1349 1484 1383 li-

77 1413 248 1448 benter
280 1412 357 1456 eol„
392 1422 463 1454 quo
493 1415 671 1456 permotus
703 1411 843 1446 Cottius
865 1411 1078 1446 vocabulum
1102 1409 1244 1454 delevit,
1269 1413 1367 1444 ratus
1390 1410 1486 1455 glos-

77 1484 154 1510 sam
178 1484 273 1517 ense,
298 1473 344 1507 nd
367 1473 477 1507 colere
500 1473 648 1507 verbum
671 1472 919 1508 illustrandum
943 1471 1148 1516 ascriptam.
1195 1471 1267 1506 Sed
1285 1475 1381 1506 recte
1396 1472 1488 1506 Ger-

77 1534 218 1570 lachius
241 1533 380 1568 monuit
402 1532 438 1567 id
470 1534 542 1568 tale
563 1545 661 1579 esse,
691 1538 733 1569 ut
764 1534 852 1569 nulli
875 1533 1022 1568 librario
1047 1531 1280 1577 explicatione
1303 1543 1410 1577 egere
1433 1530 1490 1565 vi-

81 1595 157 1631 deri
180 1594 353 1641 potuerit;
388 1605 499 1638 quare
531 1594 568 1629 in
602 1595 749 1639 antiquo
781 1595 902 1639 aliquo
936 1595 1013 1631 cod.
1038 1607 1123 1629 casu
1146 1593 1282 1638 aliquid
1309 1594 1490 1628 turbatum

81 1659 189 1701 puto,
212 1656 304 1690 unde
328 1655 392 1689 alii
415 1656 534 1690 labem
558 1661 758 1699 traxerunt,
781 1662 822 1691 ut
846 1657 1019 1691 coniicere
1042 1657 1126 1691 licet
1149 1668 1191 1690 ex
1214 1654 1388 1699 scriptura
1410 1655 1490 1688 cod.

83 1717 269 1758 Gommel„
292 1715 355 1750 ubi
387 1715 503 1760 prima
526 1729 651 1752 manns
674 1718 834 1753 exaravit
867 1719 1059 1764 diligerent
1090 1719 1251 1752 colerent.
1298 1717 1347 1752 Ut
1380 1716 1492 1761 igitur

83 1778 322 1823 plurimorum
354 1777 528 1813 librorum
562 1787 748 1814 consensus
780 1790 905 1813 vocem
939 1784 1078 1820 tuetur,
1111 1777 1165 1812 ita
1188 1779 1297 1814 etiam
1321 1778 1493 1814 sententia

84 1850 164 1873 enm
187 1838 447 1883 quodammodo
470 1840 645 1883 postulat,
679 1840 854 1885 siquidem
877 1841 1006 1875 multus
1030 1840 1130 1875 labor
1153 1840 1311 1874 maxime
1334 1839 1495 1875 amicitia

84 1900 277 1946 diligenter
299 1900 447 1935 colenda
468 1901 668 1945 suscipitur.
687 1920 732 1927 —
762 1902 923 1936 Ceterum
946 1900 1074 1946 explic.
1101 1901 1145 1935 ad
1171 1912 1202 1936 c.
1227 1902 1272 1943 11,
1286 1899 1332 1935 '4.

177 1962 212 2004 §.
237 1960 283 1995 13
301 1980 345 1987 —-
364 1958 421 1995 15.
470 1962 608 1998 adesset
630 1962 750 2007 vobis]
784 1962 923 1996 Curtius
955 1962 1095 1996 inverno
1131 1960 1254 1996 ordine
1276 1972 1495 2007 numeroque

84 2022 187 2057 verbi
217 2026 353 2069 mutato
385 2022 493 2058 edidit
525 2025 621 2058 vobis
653 2024 815 2058 adessent
825 2034 838 2063 ,-
874 2023 934 2058 sed
964 2023 1116 2069 pluralis
1146 2034 1216 2057 uno
1247 2026 1385 2057 tantum
1415 2022 1493 2056 cod.

85 2084 227 2120 Fabric.
260 2083 362 2118 Rivii
394 2084 543 2127 nititur,
575 2097 687 2130 neque
720 2085 763 2119 in*
795 2085 859 2120 tali
892 2097 1004 2128 nexu,
1035 2085 1098 2120 ubi
1129 2083 1288 2130 proxime
1317 2083 1496 2128 praecedit

83 2147 292 2192 praestitit,
326 2145 488 2180 ferendus
511 2150 580 2186 een
612 2158 646 2181 v.
682 2147 822 2191 Zumpt.
856 2146 1018 2182 Gramm.
1049 2147 1128 2184 Lat.
1160 2148 1192 2189 §.
1217 2145 1277 2188 69,
1301 2145 1335 2179 2.
1359 2148 1434 2180 not.
1459 2145 1494 2182 1.

86 2218 125 2251 p.
148 2204 219 2241 295
241 2218 294 2251 sq.
320 2207 375 2241 ed.
401 2207 460 2243 IV.
509 2207 606 2243 Ordo
627 2213 748 2243 autem
771 2209 964 2243 verborum
987 2206 1099 2241 invito
1122 2206 1242 2241 Curtio
1266 2210 1421 2241 mutatus
1438 2206 1496 2240 vi·-

88 2267 214 2309 detur,
237 2279 346 2312 quum
370 2274 490 2302 omnes
513 2270 615 2306 codd.
647 2270 686 2304 in
716 2270 863 2315 vulgato
894 2269 1102 2313 conspirent.
1150 2268 1350 2303 motionem
1373 2268 1496 2303 adesse

88 2328 215 2370 οιίστιί,
251 2328 345 2372 quod
375 2328 553 2374 significat
581 2332 762 2376 praesenti
796 2331 928 2366 auxilio
953 2331 1106 2376 aliquem
1129 2331 1274 2371 iuvare,
1299 2329 1388 2363 bene
1406 2329 1495 2364 iuu-

87 2390 215 2425 stravit
237 2390 442 2436 Herzogius
465 2393 508 2426 ad
533 2393 631 2428 Caes.
657 2394 700 2428 B.
727 2393 773 2430 G.
796 2393 872 2435 VH,
895 2392 953 2427 62.
980 2393 1028 2427 cf.
1052 2393 1323 2428 Drakenborch.
1348 2393 1392 2427 ad
1416 2391 1495 2427 Liv.

66 2419 147 2492 qVl,
171 2446 291 2494 32³6.
311 2451 410 2494 xxi,
434 2452 470 2495 6,
493 2454 527 2489 1.
546 2473 591 2480 ——
610 2455 679 2489 Per
701 2454 848 2489 otium·
866 2454 891 2490 ἰ.
915 2465 946 2488 e.
971 2464 1060 2499 pace
1073 2466 1087 2495 ‚·
1110 2465 1146 2487 ν.
1171 2453 1217 2488 ad
1234 2453 1308 2488 Cat.
1332 2454 1495 2495 xxxvl,

87 2510 125 2547 4.
151 2520 188 2556 p.
214 2510 297 2546 16⁴1.
322 2512 400 2558 lug.
424 2513 517 2557 xm,
541 2514 575 2548 4.
599 2515 724 2560 LXVI,
746 2516 781 2551 2.
816 2517 933 2550 Verba
956 2521 1057 2551 ratus
1082 2521 1135 2550 est
1159 2515 1375 2564 coniunctum
1399 2515 1497 2550 nobis

82 2574 163 2617 sore
186 2571 224 2607 in
248 2573 408 2618 plur-imis
441 2575 606 2619 Gruteri,
639 2576 752 2613 cortii
784 2581 819 2612 et
853 2577 1036 2612 Gerlachii
1069 2576 1167 2610 codd.
1192 2565 1262 2609 hoc
1293 2575 1415 2610 ordine
1445 2576 1497 2610 le-

89 2637 245 2680 guntur-3
268 2633 305 2669 in
329 2635 449 2670 Leidd.
475 2648 559 2672 vero
587 2643 622 2673 et
645 2638 819 2673 nonnullis
842 2638 921 2672 aliis
945 2642 997 2672 est
1019 2642 1087 2671 rat.
1114 2642 1165 2672 est
1189 2637 1267 2671 nob.
1291 2638 1379 2672 com'.
1397 2640 1493 2681 sore,

89 2696 182 2740 qnod
206 2695 323 2731 minus
357 2697 482 2742 placet.
530 2701 594 2735 Est
626 2711 695 2735 non
726 2703 907 2744 comparet
932 2699 969 2733 in
999 2700 1071 2734 Ine.
1098 2698 1134 2734 1.
1159 2698 1281 2734 Guelf.
1305 2696 1340 2733 (i.
1364 2703 1397 2733 et
1421 2698 1493 2742 12„

89 2766 240 2801 qnorum
271 2758 342 2792 fide
374 2759 513 2794 eortius
546 2766 581 2796 et
612 2761 823 2796 Gerlachius
849 2761 885 2796 in
922 2762 977 2795 ed.
1003 2760 1140 2795 maiore
1162 2761 1376 2794 deleverunt.
1426 2759 1496 2794 Sed

90 2829 199 2864 quum
222 2819 405 2856 Adherbal
438 2821 596 2867 singulas
619 2823 777 2858 familiae
799 2834 886 2858 aune
908 2834 963 2857 res
986 2826 1259 2865 commemoret,
1293 2820 1408 2865 aptius
1431 2825 1495 2860 est,

1129 2895 1212 2938 ὅ*
