1826 3276
409 183 466 223 44
762 181 806 223 C.
837 181 1172 224 SALLUSTI
1202 183 1423 227 CRISPI

545 294 661 339 VIII.
732 295 799 337 Ea
841 301 1103 354 tempestate
1145 297 1190 340 in
1225 299 1415 341 exercitu
1454 305 1604 343 nostro
1643 300 1767 344 fuere

411 390 658 447 complures
697 389 796 431 novi
836 395 968 446 atque
1003 390 1198 444 nobiles,
1242 392 1399 447 quibus
1441 393 1613 438 divitiae
1649 394 1767 438 bono

409 483 686 540 honestoque
726 484 919 542 potiores
966 490 1085 527 erant
1106 517 1118 540 ‚
1161 485 1329 529 factiosi
1368 486 1520 542 domi,
1565 494 1766 547 potentes

410 577 530 636 apud
558 577 723 633 socios,
759 578 863 621 clari
894 580 1034 639 magis
1055 594 1187 637 quam
1215 579 1406 637 honesti,
1442 582 1515 639 qui
1529 581 1768 642 Iugurthae

408 685 498 714 non
530 671 798 716 mediocrem
842 674 1033 718 animum
1061 675 1348 734 pollicitando
1379 676 1698 734 accendebant,
1733 678 1768 721 si

407 764 599 826 Micipsa
628 782 705 810 rex
737 767 998 826 occidisset,
1033 769 1149 825 fore,
1192 770 1253 814 uti
1282 771 1398 815 solus
1425 771 1582 831 imperi
1610 772 1768 816 Numi-

406 924 584 959 coniuncto
620 936 652 960 v.
685 926 728 960 ad
759 926 833 961 eat.
858 927 978 970 Lvnl,
999 928 1034 962 2.
1067 939 1100 972 p.
1131 926 1212 962 8⁰4.
1230 946 1274 953 —
1310 929 1392 971 Quis
1414 929 1513 962 rebus
1542 928 1648 962 estin
1671 929 1768 964 codd.

409 985 502 1019 vrat-
532 986 564 1019 1.
588 984 669 1022 Sen.
692 986 723 1020 1.
749 987 865 1020 Guelf.
889 989 923 1024 1.
940 988 974 1024 2.
1000 988 1112 1022 Palat.
1134 988 1166 1021 1.
1194 987 1228 1022 2.
1261 987 1376 1023 Berol.
1401 987 1435 1023 2.
1459 987 1555 1023 Leid.
1573 987 1616 1023 N·
1646 987 1767 1022 relicui

406 1047 521 1078 tenent
543 1045 684 1088 quibus,
717 1046 806 1088 quod
838 1046 991 1081 librariis
1020 1047 1056 1081 in
1080 1047 1227 1091 proclivi
1257 1047 1325 1081 fuit
1347 1058 1474 1091 ponere
1495 1057 1558 1090 pro
1581 1047 1676 1092 quis,
1708 1047 1769 1082 sed

405 1115 470 1138 non
495 1108 623 1139 contra.
649 1106 694 1139 cf.
719 1105 796 1150 lug.
820 1107 915 1150 XIII,
938 1107 971 1155 6.
990 1107 1095 1148 XXV,
1119 1107 1153 1147 4,
1177 1106 1305 1147 XXXI,
1328 1105 1363 1141 3.
1385 1106 1528 1147 LXXX,
1541 1104 1575 1140 5.

495 1164 585 1198 vm.
633 1167 664 1207 §.
690 1163 722 1196 1.
768 1167 966 1210 complures]
989 1166 1105 1201 StruV.
1129 1165 1247 1200 Guelf.
1270 1162 1327 1198 10.
1347 1165 1440 1200 Vrat.
1462 1164 1496 1200 2.
1521 1177 1622 1211 quam
1642 1166 1767 1210 plures,

405 1234 509 1266 quam
533 1224 681 1258 formam
711 1225 951 1259 damnavimus
981 1225 1024 1259 ad
1057 1226 1130 1259 Cat.
1154 1225 1256 1266 XIX,
1278 1225 1312 1259 2.
1344 1237 1378 1270 p.
1400 1222 1460 1259 92.
1493 1225 1539 1259 cf·
1561 1225 1719 1269 Epheme

403 1282 454 1315 rei
488 1283 597 1319 schol.
628 1293 662 1318 a.
683 1284 785 1318 1829.
817 1286 861 1320 11.
895 1286 959 1320 No.
984 1284 1064 1321 130.
1094 1296 1127 1328 p.
1154 1284 1254 1320 1⁰7⁰.
1279 1303 1324 1309 --
1354 1285 1394 1318 In
1416 1283 1636 1327 sequentibus
1662 1283 1768 1319 inter-

402 1342 616 1386 punctionem
642 1354 662 1377 a
688 1343 863 1378 Muellero
897 1343 1107 1389 propositam
1139 1343 1247 1377 secuti
1277 1354 1412 1384 sumus;
1442 1344 1549 1388 vulgo
1578 1343 1692 1378 editur
1706 1345 1768 1387 fa-

402 1402 522 1443 ctiosi,
550 1403 641 1437 domi
669 1408 841 1446 potentes,
874 1405 968 1449 apud
995 1404 1099 1438 socios
1134 1404 1220 1437 clari
1248 1415 1292 1438 m.
1316 1414 1347 1447 q.
1371 1403 1419 1445 114,
1452 1403 1543 1447 quod
1567 1414 1634 1437 nou
1657 1404 1767 1438 solum

403 1462 515 1495 verbis
529 1487 538 1504 ,
575 1463 634 1496 sed
665 1462 770 1496 etiam
802 1465 976 1498 sententiis
1005 1464 1106 1498 valde
1138 1463 1379 1497 inconcinnum
1400 1466 1461 1497 est.
1507 1462 1596 1497 Nam
1618 1467 1767 1506 praeter-

401 1532 504 1564 quam
539 1522 628 1564 quod
662 1523 896 1567 oppositorum
926 1524 1020 1558 ratio
1049 1525 1151 1567 plane
1183 1523 1364 1563 turbatur,
1393 1532 1501 1565 paene
1531 1523 1685 1566 ineptum
1716 1526 1768 1557 est

401 1581 485 1614 istos
513 1582 669 1615 homines
700 1583 821 1626 apud
854 1583 1000 1617 socios
1031 1586 1163 1617 tautum
1197 1584 1306 1617 claros
1339 1582 1454 1626 magis
1483 1592 1587 1625 quam
1614 1581 1767 1616 honestos

401 1641 491 1681 dici,
527 1653 633 1684 quum
658 1642 737 1675 luce
766 1641 892 1674 clarius
913 1642 974 1684 sit,
1004 1643 1207 1677 Sallustium
1229 1642 1265 1675 in
1287 1640 1486 1675 universum
1509 1642 1551 1674 de
1572 1653 1691 1675 eorum
1713 1641 1767 1675 in-

396 1701 498 1744 genio
522 1704 556 1734 et
578 1700 732 1734 moribus
753 1699 921 1734 iudicium
942 1702 1073 1735 tulisse.
1118 1702 1227 1736 Tales
1248 1701 1370 1735 iisdem
1393 1701 1474 1735 fere
1498 1700 1614 1735 verbis
1635 1701 1767 1735 notavit

356 1765 361 1770 '
402 1761 477 1796 [aiv.
501 1762 589 1802 vul,
613 1760 670 1802 27,
692 1761 725 1795 6.
775 1761 923 1802 Quidam
944 1762 1055 1805 pretio
1078 1762 1196 1804 asciti,
1221 1762 1343 1795 clari
1364 1762 1480 1806 magis
1501 1761 1591 1795 inter
1619 1762 1767 1806 popula-

400 1832 457 1854 res
481 1832 583 1865 quam
606 1821 804 1861 honesti,
829 1824 863 1855 et
885 1821 1000 1854 Tacit.
1022 1821 1113 1855 Hist.
1137 1822 1188 1863 11,
1211 1821 1269 1862 10,
1290 1821 1338 1856 in.
1388 1821 1503 1855 Vibius
1528 1821 1688 1865 Crispus,
1710 1822 1764 1855 ἰπ-

402 1886 455 1916 ter
490 1881 643 1914 claros
677 1881 791 1924 magis
822 1891 924 1924 quam
954 1882 1042 1914 inter
1067 1882 1216 1914 bonos.
1249 1881 1363 1914 conr.
1388 1899 1430 1905 --
1465 1880 1543 1914 Non
1563 1883 1765 1916 mediocrem

401 1942 552 1975 animum
583 1939 756 1983 quomodo
789 1939 1054 1984 intelligendum
1082 1940 1125 1973 sit
1155 1940 1287 1983 patebit
1317 1951 1359 1974 ex
1389 1939 1488 1974 dictis
1516 1942 1560 1975 ad
1593 1953 1621 1975 c.
1647 1942 1705 1983 VI,
1729 1941 1764 1977 3.

401 2001 478 2034 coll.
503 2011 582 2033 cum
605 1999 730 2033 notatis
755 2000 857 2036 Catil.
882 2000 943 2043 111,
969 2000 1000 2034 1.
1024 2019 1069 2025 —
1093 2001 1162 2033 Pro
1181 2000 1402 2043 pollicitando
1423 1999 1525 2044 pauci
1553 2002 1765 2045 tenent-pol-

401 2061 553 2100 licendo,
578 2059 669 2102 quod
685 2070 748 2092 cur
769 2059 882 2093 minus
904 2058 1093 2093 sententiae
1125 2059 1305 2094 conveniat
1325 2059 1575 2095 declaravimus
1597 2061 1642 2094 ad
1662 2061 1764 2095 Catil.

401 2121 587 2162 xxxvm,
611 2119 645 2155 1.
677 2131 710 2163 p.
734 2118 813 2152 177.
836 2119 882 2152 cf.
906 2119 982 2163 Ing.
1007 2120 1095 2160 ΧΠ,
1118 2119 1152 2153 3.
1175 2139 1222 2144 -
1249 2121 1303 2153 De
1326 2120 1491 2154 orationis
1522 2120 1685 2164 obliquae
1705 2132 1762 2160 ra-

399 2181 512 2222 tione,
536 2190 636 2214 sensu
659 2190 700 2212 ex
724 2179 830 2212 verbo
855 2180 1084 2214 accendebant
1103 2179 1297 2224 pendentis,
1329 2180 1374 2213 cf.
1399 2191 1486 2223 quae
1515 2179 1764 2224 disputavimus

402 2242 444 2274 ud
470 2239 573 2276 Catil.
596 2239 688 2281 XXI,
714 2239 747 2274 3.
771 2251 805 2283 p.
821 2239 901 2275 106.
924 2240 967 2272 cf.
992 2240 1066 2283 lug.
1087 2251 1117 2274 c.
1141 2239 1233 2281 XIV,
1245 2239 1303 2274 20.
1326 2240 1435 2282 XVII,
1456 2240 1491 2274 3.
1516 2240 1704 2285 XXXVIII,
1726 2241 1762 2274 2.

400 2301 579 2341 LXXVII,
598 2301 631 2333 1.
664 2299 834 2340 LXXXII,
858 2298 892 2332 3.
925 2299 1155 2340 Lxxxvm,
1184 2299 1218 2335 5.
1243 2319 1287 2324 —
1325 2300 1463 2345 Imperii
1489 2300 1597 2334 habet
1625 2299 1704 2334 Seu.
1727 2301 1759 2335 2.

400 2361 502 2394 Fabr.
525 2360 559 2394 2.
583 2362 689 2393 Heus.
714 2359 783 2392 Ine.
805 2358 839 2391 2.
864 2358 973 2392 Palat.
991 2358 1026 2392 2.
1056 2359 1138 2393 Bas.
1163 2359 1195 2393 1.
1220 2360 1306 2393 Tur.
1325 2360 1379 2402 1.;
1411 2361 1447 2394 in
1469 2359 1608 2394 rennuis
1628 2361 1762 2394 librarii

400 2420 442 2458 ad
467 2419 635 2452 notiorem
658 2419 801 2452 ablativi
825 2423 1031 2451 structuram
1067 2419 1219 2462 prolapsi
1239 2425 1328 2454 sunt.
1375 2420 1572 2454 Genitivum
1595 2421 1762 2464 exemplis

400 2479 613 2513 defendimus
637 2479 678 2512 ad
703 2479 779 2512 Cat.
806 2479 942 2522 XLVII,
966 2478 1000 2511 2.
1033 2490 1064 2521 p.
1088 2479 1166 2512 215.
1191 2479 1392 2514 Orationem
1415 2478 1633 2520 ἀσύνδετον,
1656 2481 1759 2524 parti-

400 2540 478 2573 cula
500 2539 647 2572 caussali
682 2541 717 2571 et
750 2542 829 2572 ante
851 2539 957 2572 verba
982 2538 1017 2572 iu
1043 2540 1115 2582 ipso
1145 2541 1208 2572 etc.
1244 2542 1278 2573 et
1304 2542 1336 2582 §.
1367 2539 1401 2574 2.
1431 2541 1510 2574 ante
1528 2539 1714 2583 periculose
1735 2551 1759 2574 a

399 2599 517 2643 paucis
539 2601 605 2632 etc.
630 2597 775 2639 omissa,
808 2597 984 2642 tetigimus
1014 2599 1058 2632 ad
1090 2598 1189 2633 Catil.
1224 2598 1393 2641 XXXIX,
1416 2598 1449 2632 4.
1482 2610 1518 2642 p.
1542 2597 1622 2632 184.
1644 2618 1679 2624 -
1707 2599 1759 2633 Do

399 2658 436 2692 vi
458 2658 658 2699 locutionis,
688 2668 756 2702 qna
778 2657 909 2701 aliquid
933 2659 966 2693 ἰη
993 2659 1105 2704 aliquo
1130 2670 1199 2694 esse
1222 2659 1279 2694 vel
1305 2658 1410 2694 alicui
1431 2659 1538 2694 inesse
1559 2658 1702 2701 dicitur,
1723 2670 1755 2693 v.

400 2719 443 2754 ml
467 2718 566 2754 catil.
592 2718 698 2760 xvn,
721 2718 755 2752 2.
780 2729 811 2763 p.
837 2717 892 2752 82.
