1826 3276
489 175 850 225 IUGURTHA.
912 173 1052 221 GAP.
1082 174 1147 220 cI.
1416 178 1503 222 53⁶1

111 292 262 340 tamen
295 293 555 354 respublica
581 295 752 356 pariter
781 309 836 339 ac
856 289 1140 343 'saevissumo
1166 293 1358 355 imperio
1383 293 1502 340 bene

109 397 247 452 atque
281 391 448 437 decore
481 398 624 454 gesta.
852 378 856 382 ”
888 370 893 382 ²
1405 436 1407 438 ,

186 512 198 557 j
240 489 329 535 01.
384 489 529 550 Igitur
572 476 734 548 quarto
769 488 965 548 denique
999 486 1073 533 die
1111 487 1237 534 haud
1268 463 1412 551 longe
1443 490 1502 535 ab

112 586 309 649 oppida
330 585 456 632 Cirta
498 587 700 647 undique
751 586 882 631 simul
933 586 1238 647 speculatores
1287 587 1361 631 citi
1406 602 1506 632 sese
1537 569 1542 574 ἢ

110 707 264 744 militum
294 707 553 744 conciliandum
583 708 722 744 Cottius
757 708 847 743 bene
876 702 1033 750 monuit,
1066 708 1148 743 coll.
1183 719 1214 743 c.
1247 709 1447 752 LXXXVI,
1469 708 1507 745 3.

110 771 225 813 XLV,
247 770 281 805 1.
310 770 436 815 LXIV,
470 769 504 806 5.
528 790 575 797 —-
608 770 663 817 De
698 768 815 804 verbis
847 775 1045 804 consuetam
1063 789 1111 795 -
1128 770 1303 805 habuisset
1333 778 1375 804 v.
1404 770 1448 805 ad
1473 782 1506 806 c.

110 831 286 875 LXXXV,
308 831 344 869 ⁶1.
367 848 415 856 ——-
439 830 520 866 Nisi
541 835 662 866 tamen
688 830 885 875 particulas
908 842 978 865 non
999 831 1126 866 referri
1148 832 1193 866 ad
1217 832 1327 866 verba
1348 831 1508 875 proxime

109 891 374 939 praecedentia,
407 892 468 927 sed
499 892 544 927 ad
568 891 780 927 seutentiam*
797 891 1013 938 cogitatione
1040 893 1268 937 supplendam
1283 918 1293 934 ‚
1320 892 1393 926 iam
1417 891 1508 926 dixi-

110 967 190 991 mus
213 955 258 990 ad
280 967 310 990 c.
334 953 460 997 XXIV,
484 953 520 989 5.
540 953 621 988 coll.
646 957 799 989 annotat.
825 954 870 988 ad
893 965 922 987 c.
948 954 1054 996 XCV,
1078 953 1112 988 3.
1160 955 1214 988 Ita
1238 957 1356 988 autem
1379 965 1507 989 nexum

111 1016 362 1053 sententiam
393 1014 590 1059 supplebis:
622 1015 796 1049 Incertum
827 1015 960 1060 igitur,
1001 1015 1074 1050 utri
1104 1016 1222 1050 verius
1254 1015 1509 1057 iudicaverint,-

103 1079 204 1126 'nisi
235 1083 393 1114 tamen
424 1077 506 1110 hoc
535 1080 705 1111 certum
738 1081 818 1120 est,
842 1075 1193 1121 rempubL—decore
1215 1081 1357 1122 gestam
1375 1089 1508 1112 esse.—

106 1137 372 1185 'Re'mpubh'cum
396 1139 482 1173 bene
503 1148 628 1183 gerere
651 1136 735 1181 quid
758 1140 850 1172 esset
873 1146 982 1181 quum
1005 1136 1155 1172 nesciret
1176 1137 1352 1180 Weisius,
1386 1128 1508 1172 invitis

87 1211 93 1214 ⁷
112 1201 276 1238 omnibus
298 1200 399 1235 codd.
421 1198 595 1244 publicam
618 1197 761 1233 delevit.
789 1198 956 1234 Pessime.
1002 1198 1078 1233 Ilus
1099 1198 1195 1233 enim
1217 1199 1336 1234 verbis
1366 1198 1402 1234 in
1426 1198 1508 1234 uni-

111 1274 254 1298 versum
284 1261 506 1308 significatur
544 1261 647 1295 rebus
687 1260 798 1306 gestis
841 1261 997 1294 bonum
1040 1261 1277 1305 publicum
1307 1260 1366 1305 (v.
1399 1261 1445 1294 ad
1474 1271 1506 1295 e.

112 1325 222 1366 XXV,
245 1324 299 1368 ὅ.)
326 1324 450 1358 iuvare
472 1326 510 1356 et
533 1332 678 1367 augere.
704 1322 751 1355 cf.
774 1321 933 1356 Brisson.
957 1321 1001 1354 de
1023 1321 1197 1356 Formull.
1221 1322 1266 1357 11.
1289 1333 1323 1365 p.
1345 1320 1427 1356 192.
1452 1321 1507 1356 ed.

61 1399 65 1415 ε
110 1386 228 1421 Baeh.
252 1385 324 1420 Cic.
349 1383 387 1418 iu
409 1382 525 1418 Pisou.
549 1394 580 1419 c.
605 1381 663 1424 19,
686 1381 745 1416 25.
795 1382 948 1416 Senatus
973 1382 1010 1416 iu
1032 1383 1314 1418 consuetudinem
1336 1383 1445 1424 venit,
1468 1386 1510 1416 ut

112 1459 192 1490 eos,
215 1446 276 1492 qut*
308 1446 424 1481 bene
456 1443 791 1488 rempublicam
825 1443 1092 1489 gesserint,
1123 1443 1222 1477 novis
1245 1443 1430 1478 honoribus
1453 1445 1509 1487 af-

103 1509 222 1554 ficiat.
249 1507 338 1542 ibid.
367 1517 401 1549 e.
433 1505 502 1548 40,
524 1503 584 1541 9¹1.
632 1504 788 1539 Scribere
820 1504 869 1538 ad
891 1509 1052 1539 senatum
1077 1515 1100 1537 a
1123 1509 1160 1538 te
1190 1504 1302 1540 bene
1334 1515 1510 1549 rempu-

114 1570 281 1604 blicam
317 1577 415 1602 esse
446 1570 625 1612 gestam
655 1575 725 1598 nou
756 1575 861 1599 ausus
893 1576 940 1599 es.
972 1564 1022 1599 id.
1054 1565 1210 1610 Philipp.
1243 1566 1346 1608 XIV,
1371 1564 1417 1610 8,
1450 1565 1510 1601 24.

113 1629 332 1676 Supplicatz‘o
355 1628 396 1662 ob
419 1625 758 1672 rempublicam
789 1626 1111 1671 pulcherrime
1138 1633 1336 1672 gestam.
1360 1639 1393 1662 v.
1418 1629 1511 1662 Dra-

113 1692 305 1728 kenborch.
336 1690 381 1725 ad
413 1688 490 1724 Iaiv.
526 1686 670 1730 XXXI,
693 1686 761 1729 48,
782 1687 838 1720 12.
863 1687 962 1731 XLI,
988 1686 1047 1729 28,
1070 1687 1105 1722 9.
1130 1689 1239 1731 XLII,
1261 1688 1296 1732 9,
1321 1688 1355 1723 5.
1401 1690 1511 1724 Plura

115 1753 265 1789 eontulit
287 1749 487 1789 Gronovius
509 1749 555 1783 ad
578 1748 671 1788 VIII,
695 1746 753 1790 31,
777 1747 811 1781 2.
836 1769 882 1774 —
906 1749 1102 1783 Saevum
1125 1749 1308 1793 imperium
1330 1750 1367 1783 h.
1393 1750 1417 1784 Ι.
1441 1761 1511 1784 non

115 1819 168 1851 est
198 1815 356 1855 crudete,
388 1811 450 1847 sed
480 1810 586 1844 valde
615 1820 792 1852 severum,
825 1809 970 1852 durum,
1002 1810 1222 1845 humanitate
1253 1822 1321 1844 non
1344 1811 1512 1852 lenitum3

116 1877 163 1912 cf.
185 1870 294 1921 supra
317 1886 347 1909 c.
371 1873 476 1914 XLV,
499 1871 532 1906 1.
557 1874 592 1906 et
615 1871 804 1906 Ruhnken.
829 1870 875 1905 ad
897 1869 980 1907 Ter.
1005 1871 1111 1906 Andr.
1137 1871 1191 1915 V,
1213 1872 1248 1917 2,
1272 1871 1331 1906 27.
1354 1873 1514 1907 Draken-

116 1937 239 1973 borch.
264 1935 309 1971 ad
330 1934 409 1970 Liv.
431 1934 476 1978 11,
499 1932 558 1974 44,
581 1928 638 1966 10.

212 1997 269 2032 CI.
293 1997 327 2041 ἕ.
352 1995 388 2030 1.
430 1995 664 2040 speculatores
694 1993 780 2038 citi]
814 1993 1054 2039 Speculatores
1076 2006 1124 2030 sc.
1157 2005 1179 2030 a
1202 1993 1319 2029 Mario
1341 1994 1515 2039 praemis-

117 2059 160 2096 si.
182 2081 230 2087 —
253 2057 346 2100 citi,
368 2056 395 2091 i.
419 2068 451 2091 e.
475 2056 581 2090 citato
605 2065 720 2097 eursu,
744 2055 824 2097 cito,
847 2058 887 2090 ut
910 2054 999 2089 Tur.
1025 2055 1058 2089 1.
1085 2054 1180 2088 male
1201 2054 1313 2090 babet
1335 2067 1358 2090 a
1381 2067 1429 2090 m.
1444 2067 1514 2099 pr.,

117 2119 293 2157 adiectivo
323 2119 404 2154 loco
436 2117 597 2152 adverbii
632 2115 767 2161 posito;
799 2127 834 2150 v.
868 2117 914 2151 ad
944 2128 976 2151 c.
1008 2117 1211 2159 XXXVIII,
1236 2116 1270 2151 1.
1296 2117 1514 2151 Boetticher.

119 2183 206 2218 Lex.
229 2180 346 2216 Tacit.
374 2191 411 2225 ι».
435 2179 495 2214 37.
529 2181 564 2222 §-
587 2178 623 2213 4.
648 2178 694 2211 cr.
717 2177 834 2212 Plaut.
860 2165 1040 2221 Am'phitr.
1064 2178 1093 2219 1,
1117 2178 1150 2219 1,
1175 2176 1233 2212 89.
1259 2177 1306 2212 ib.
1331 2178 1372 2219 v,
1396 2178 1431 2220 1,
1454 2177 1514 2212 59.

119 2243 266 2279 Sueten.
288 2241 411 2276 Tiber.
443 2251 475 2274 c.
498 2239 660 2274 XXXIII.
695 2238 769 2273 Tit.
794 2250 826 2274 c.
850 2239 893 2273 V.
917 2238 1033 2274 Tacit.
1055 2239 1150 2273 Hist.
1174 2239 1239 2282 111,
1263 2238 1320 2273 47.
1346 2239 1445 2273 Caes.
1471 2239 1516 2274 B.

121 2305 169 2340 G.
190 2303 310 2348 1,.16,
332 2300 369 2337 5.
399 2318 444 2328 —
478 2301 724 2346 Intellegitur,
763 2299 857 2344 quod
889 2299 1148 2334 Ramshornius
1181 2301 1343 2334 Gramm.
1371 2300 1447 2333 Lat.
1483 2301 1516 2343 §-

122 2364 204 2402 168.
237 2365 282 2399 Β.
305 2363 339 2398 4.
370 2365 443 2397 not.
467 2362 503 2396 2.
534 2373 567 2407 p.
591 2361 672 2396 431.
705 2361 761 2396 ed.
784 2361 811 2395 I.
846 2364 940 2395 recte
973 2360 1175 2396 observavit
1209 2359 1450 2404 accusativum
1485 2371 1519 2395 c.

114 2427 218 2462 infin.
249 2435 393 2471 regere,
422 2423 540 2458 Faber
571 2422 745 2461 contendit
772 2422 833 2457 bic
867 2425 989 2457 contra
1022 2433 1163 2457 morem
1189 2433 1271 2456 cum
1301 2420 1520 2456 nominativo

123 2489 347 2524 coniunctum
377 2496 474 2527 esse3
507 2494 620 2528 neque
648 2483 686 2518 id
715 2483 790 2518 sine
822 2484 982 2527 exemplo
1013 2486 1084 2525 est3
1109 2483 1156 2518 of.
1181 2483 1253 2517 Cic.
1280 2483 1323 2516 de
1345 2482 1445 2518 Orat.
1469 2482 1517 2524 II,

123 2549 184 2595 ⁶8,
206 2548 289 2584 248.
333 2546 526 2582 ‘Hominum
547 2556 662 2579 mores
682 2545 736 2580 ita
769 2547 1002 2591 effinguntur,
1036 2549 1075 2579 ut
1099 2545 1220 2589 quales
1242 2544 1312 2578 sint
1335 2543 1519 2577 intelli-

125 2616 323 2658 gantur.
369 2607 439 2643 Sed
467 2607 551 2651 quid
583 2605 730 2651 impedit
744 2631 755 2649 ,
795 2605 982 2650 quominus
1014 2606 1121 2641 hostis
1152 2616 1218 2651 pro
1251 2616 1366 2640 accus.
1390 2603 1519 2649 plurali

125 2668 350 2710 habeamus?
381 2668 559 2704 Nimirum
590 2667 748 2702 librariis
779 2668 902 2702 eodem
926 2679 1066 2710 errore,
1090 2678 1159 2712 quo
1182 2667 1300 2702 Faber
1317 2691 1327 2709 ‚
1352 2664 1519 2709 deceptis,

127 2729 321 2766 accusativi
342 2729 378 2764 in
411 2731 442 2765 is
474 2727 674 2764 terminatio
702 2729 933 2775 corruptrices
955 2739 1078 2765 eorum
1108 2739 1233 2764 manus
1260 2727 1384 2764 evasit.
1406 2727 1453 2762 cf.
1475 2726 1520 2762 ad

125 2791 230 2829 Catil.
253 2792 282 2834 I,
305 2790 340 2854 1.
355 2791 432 2838 lug.
457 2791 580 2835 LXIV,
604 2791 641 2827 6.
664 2791 739 2834 XC,
763 2790 797 2827 2.
