1826 3276
344 174 427 215 488
704 167 750 209 G.
779 164 1098 209 SALLUSTI
1135 167 1350 212 CRISPI

312 289 498 340 2antea‚
533 282 672 326 maior
706 284 751 323 et
784 279 940 323 clarior
970 279 1127 324 haberi
1161 283 1322 341 coepit.
1393 281 1574 344 Omnia,
1607 301 1696 330 non

351 380 467 422 bene
501 375 697 420 consulta
729 373 881 429 mod0,
914 389 1068 418 verum
1103 376 1233 420 etiam
1268 391 1372 421 casu
1398 377 1502 421 (lata
1529 379 1573 422 in
1605 380 1696 424 vir-

346 478 484 517 tutem
523 468 830 522 trahebantur,
864 470 1042 529 milites,
1085 471 1287 515 modesto
1329 472 1515 532 imperio
1549 473 1700 531 habiti,

346 614 419 659 git,
449 612 577 658 gessit,
609 622 693 655 quas
723 610 859 645 cortina
882 614 977 647 recte
998 611 1163 646 iudicavit
1193 623 1262 646 non
1284 624 1346 656 pro
1369 613 1703 658 interpretationibus

349 671 447 705 verbi
475 671 633 715 patravit
659 670 836 704 habendas
870 681 962 710 esse,
993 671 1051 705 sed
1081 683 1122 706 eo
1145 674 1257 712 ortas,
1289 673 1380 715 quod
1403 677 1540 708 mature
1558 675 1704 709 verbum

349 732 386 766 in
419 733 578 765 contextu
605 729 791 770 exciderit;
825 740 931 773 quam
953 731 1114 770 lacunam
1135 730 1273 765 librarii
1297 742 1360 774 pro
1386 732 1525 777 ingenio
1547 735 1707 778 expleve—

349 794 441 826 runt.
486 790 569 824 Eius
604 790 657 824 rei
697 789 928 823 certissimum
966 787 1131 822 indicium
1162 789 1231 823 hoc
1258 795 1336 832 est,
1370 793 1461 835 quod
1491 793 1611 837 spuria
1641 795 1708 829 ista

351 850 459 883 verba
486 848 523 882 in
557 849 634 884 aliis
667 843 832 894 leguntur
855 851 935 893 post
964 853 1166 892 postquam,
1197 849 1234 883 in
1257 850 1336 884 aliis
1362 856 1436 894 post
1457 858 1548 896 rem,
1572 853 1608 887 in
1631 851 1710 889 aliis

351 909 498 952 denique
519 912 597 952 post
618 909 848 950 incommodo,
871 917 956 942 vera
977 910 1093 941 autem
1115 908 1304 952 scriptura,
1327 922 1431 954 quam
1454 913 1608 947 nonnulli
1627 913 1710 948 libri

351 973 546 1014 praestant,
570 970 604 1003 in
628 970 740 1004 Palat.
762 969 798 1003 2.
822 968 912 1003 inter
935 979 1053 1002 versus
1075 960 1291 1012 conspicitur.
1326 972 1377 1006 De
1400 959 1436 1007 vi
1451 972 1548 1007 verbi
1567 979 1712 1018 patrare

353 1041 387 1063 v.
411 1029 455 1064 ad
478 1041 508 1064 c.
531 1030 625 1070 xm,
645 1029 679 1062 1.

445 1092 476 1132 §-
499 1089 533 1123 2.
579 1101 647 1123 non
671 1091 754 1123 bene
777 1089 928 1123 consulta
951 1088 1088 1129 modo,
1117 1099 1266 1122 verum
1291 1090 1428 1124 etiam
1451 1103 1563 1126 casu
1585 1093 1711 1137 data]

354 1149 456 1194 Quod
478 1148 528 1183 ita
551 1148 664 1191 edidi,
695 1148 879 1193 praevideo
909 1147 1037 1181 multos
1067 1147 1102 1180 id
1135 1147 1323 1182 inconsulto
1348 1150 1479 1185 factum
1508 1163 1582 1185 esse
1604 1152 1715 1186 ‹lictu-

353 1220 432 1250 ros3
455 1220 564 1252 neque
586 1220 648 1252 pro
672 1212 767 1242 certo
791 1207 1043 1242 affirmaverim
1065 1218 1121 1240 me
1144 1218 1264 1241 verum
1300 1209 1448 1249 dedisse.
1483 1214 1658 1245 contentus
1679 1212 1716 1245 in

354 1270 431 1303 loco
459 1280 626 1312 perquam
648 1267 753 1301 dubio
776 1267 1056 1310 probabilitatem
1088 1270 1223 1301 secutus
1247 1279 1333 1302 esse.
1378 1270 1467 1303 Nam
1490 1268 1525 1303 in
1546 1270 1718 1314 plerisque

356 1329 514 1362 omnibus
547 1329 647 1363 codd.
677 1328 798 1361 desunt
829 1327 937 1361 verba
967 1327 1091 1367 modo,
1121 1338 1238 1361 verum
1261 1328 1365 1362 etiam
1389 1341 1470 1362 casu
1493 1329 1599 1371 data,
1629 1341 1718 1372 quae

356 1388 595 1422 tantummodo
619 1388 783 1431 leguntur
805 1386 841 1420 in
875 1385 996 1429 paucis
1026 1385 1191 1419 Glareani
1215 1387 1328 1429 codd,
1349 1388 1444 1423 Leid.
1472 1389 1513 1422 A.
1539 1389 1578 1424 C.
1601 1389 1718 1424 Guelf.

358 1447 390 1482 3.
408 1451 442 1481 et
465 1446 535 1488 11.,
558 1446 624 1480 nisi
646 1447 738 1490 quod
759 1445 819 1479 hic
842 1445 970 1479 calami
991 1445 1093 1489 lapsu
1111 1444 1218 1478 habet
1240 1457 1353 1479 rerum
1376 1458 1439 1490 pro
1461 1459 1600 1488 verum;
1624 1449 1720 1484 Laid.

358 1508 399 1542 A.
433 1510 548 1541 autem
581 1506 752 1550 particula
782 1506 879 1539 modo
909 1508 1029 1546 caret;
1069 1508 1248 1548 praeterea
1280 1505 1316 1539 in
1348 1507 1496 1552 Erlang.
1527 1511 1577 1542 est
1605 1510 1722 1543 omnia

359 1579 427 1600 non
450 1567 662 1600 consulta
695 1566 801 1598 bene
835 1564 952 1604 modo,
985 1574 1101 1596 verum
1133 1564 1238 1596 etiam
1272 1576 1354 1599 casu
1385 1566 1493 1609 data,
1526 1567 1562 1601 in
1585 1569 1720 1604 Bodlei.
1787 1572 1796 1578 '

361 1630 396 1660 et
426 1626 568 1660 Balliol.
601 1629 718 1659 autem
753 1625 869 1658 omnia
900 1635 968 1656 uon
1002 1624 1082 1656 bene
1115 1625 1268 1657 consulta
1290 1625 1408 1667 modo,
1440 1638 1584 1671 neque
1617 1629 1722 1663 ettam

363 1686 477 1719 data
509 1694 628 1718 casu.
675 1685 749 1718 lam
772 1683 802 1718 si
826 1684 1008 1728 vulgatam
1031 1682 1204 1717 examines
1227 1688 1408 1727 accurate,
1429 1686 1523 1721 haud
1546 1688 1650 1722 dubie
1669 1690 1724 1723 vi-

363 1744 459 1778 debis
482 1745 587 1778 verba
609 1756 676 1778 non
701 1745 783 1778 bene
806 1744 979 1784 consulta,
1011 1746 1085 1776 tam
1116 1743 1204 1776 nude
1236 1745 1407 1778 voeabula
1430 1734 1545 1793 omnia
1567 1758 1723 1791 compre-

362 1806 489 1847 hensa,
519 1805 587 1838 hoc
618 1808 736 1848 aperte
765 1805 941 1838 declarare
957 1826 968 1845 ,
1005 1802 1159 1837 Marium
1190 1803 1300 1837 multa
1332 1807 1392 1838 aut
1420 1806 1570 1848 plurima
1599 1812 1725 1842 temere

366 1865 499 1910 egisse,
521 1864 612 1909 quod
635 1875 742 1909 quum
766 1864 845 1898 aliis
867 1862 1049 1905 laudibus,
1078 1873 1100 1897 a
1122 1862 1290 1897 Sallustio
1315 1864 1349 1897 ei
1370 1864 1478 1907 datis,
1507 1869 1582 1900 tum
1603 1867 1648 1901 iis
1669 1879 1726 1902 re-

366 1928 517 1970 pugnat,
549 1935 639 1968 quae
668 1925 711 1958 de
742 1924 817 1958 eius
844 1922 1025 1968 prudentia
1060 1923 1179 1967 paullo
1219 1927 1298 1958 ante
1328 1935 1359 1958 c.
1394 1925 1477 1966 XC,
1501 1926 1534 1960 1.
1559 1927 1728 1961 narravit.

366 1985 484 2028 Neque
508 1985 552 2019 ad
578 1995 652 2018 rem
677 1984 784 2025 facit,
806 1983 898 2027 quod
920 1982 1056 2027 Cortius
1079 1994 1121 2017 ac
1143 1982 1258 2016 Faber
1278 1988 1467 2027 provocant
1489 1985 1534 2019 ad
1556 1997 1586 2019 c.
1609 1979 1726 2031 XCIV,

367 2045 401 2080 ⁶¹1.
424 2045 486 2078 ubi
511 2044 619 2078 Marii
642 2045 819 2078 temeritas
837 2046 931 2087 forte
954 2048 1105 2077 correcta
1127 2042 1276 2087 gloriam
1300 2054 1340 2076 ex·
1362 2044 1464 2088 culpa
1485 2043 1652 2079 invenisse
1675 2046 1730 2080 di-

368 2105 469 2139 citur.
514 2104 591 2138 Non
614 2103 774 2137 viderunt
794 2103 887 2137 enim
908 2107 942 2137 et
971 2104 1150 2149 singulare
1178 2102 1307 2135 factum
1331 2101 1382 2135 ibi
1404 2113 1426 2136 a
1447 2103 1613 2138 Sallustio
1632 2109 1730 2140 nota-

369 2164 422 2205 ri,
455 2166 490 2198 et
525 2175 615 2208 quae
646 2163 682 2196 h.
718 2163 743 2196 l.
774 2162 817 2196 de
848 2163 972 2196 favore
1006 2162 1157 2196 militum
1198 2167 1382 2196 narrantur
1425 2163 1470 2196 ad
1506 2166 1731 2208 praeteritum

371 2227 526 2267 tempus,
555 2227 590 2258 et
620 2222 664 2257 ad
695 2226 809 2267 gestas
839 2233 914 2264 res,
944 2231 1010 2254 non
1031 2221 1076 2255 ad
1098 2222 1268 2266 gerendas
1300 2225 1466 2264 spectare.
1510 2225 1563 2258 Ad
1584 2225 1652 2259 hoc
1674 2225 1731 2259 vix

372 2284 492 2317 credas
514 2295 582 2317 non
609 2284 691 2316 bene
715 2283 889 2325 consulta,
914 2292 1023 2324 eoque
1044 2281 1138 2314 malo
1161 2283 1260 2325 gesta
1282 2285 1316 2315 et
1338 2281 1606 2325 imprudentiam
1628 2288 1733 2328 atque

373 2343 600 2378 temeritatem
627 2342 724 2377 ducis
754 2343 915 2377 testantia
952 2341 997 2374 ab
1020 2340 1092 2374 ullo
1123 2340 1276 2384 potuisse
1298 2340 1334 2374 in
1356 2342 1493 2376 laudem
1515 2343 1628 2386 trahi3
1651 2355 1733 2379 nam

375 2404 479 2438 stulte
510 2406 670 2447 suscepta
699 2403 888 2447 stolideque
917 2403 1015 2446 gesta
1036 2410 1139 2434 nemo
1168 2401 1272 2434 facile
1294 2401 1502 2444 probaverit.
1548 2403 1592 2437 At
1614 2408 1736 2438 contra

375 2473 418 2497 ea
449 2466 502 2497 est
530 2463 760 2496 multitudinis
786 2466 911 2496 natura
941 2464 974 2495 et
1003 2459 1204 2504 ingenium,
1234 2464 1291 2502 ut,
1323 2461 1352 2494 si
1386 2461 1442 2494 cui
1471 2462 1550 2496 duci
1584 2463 1736 2505 faveant,

377 2534 445 2557 non
469 2534 510 2556 ea
532 2526 664 2557 tantum
689 2521 901 2555 admirentur
922 2525 957 2554 et
979 2519 1151 2553 celebrent
1165 2544 1176 2561 ,
1199 2531 1291 2564 qnae
1313 2521 1393 2558 eins.
1408 2521 1635 2560 consiliorum.
1653 2534 1736 2567 pru-

379 2581 515 2615 dentiae
545 2582 731 2622 debentur,
767 2581 827 2615 sed
861 2591 904 2614 ea
933 2591 1091 2625 quoque,
1125 2591 1212 2624 quae
1241 2592 1323 2614 casu
1354 2585 1416 2615 aut
1431 2583 1578 2624 fortuna
1602 2592 1643 2615 αο
1666 2582 1738 2616 sine

380 2641 477 2676 ducis
499 2641 620 2676 merito
642 2651 806 2685 prospera
836 2645 1042 2681 evenerunt,
1071 2640 1144 2673 eius
1168 2641 1290 2675 virtuti
1312 2641 1465 2674 tribuant
1485 2644 1519 2674 et
1539 2640 1575 2674 in
1598 2641 1738 2676 laudem

380 2700 531 2736 trahant.
578 2699 680 2744 Quod
704 2700 813 2745 igitur
833 2712 889 2735 res
910 2700 987 2745 ipsa
1009 2701 1176 2745 postulat,
1198 2704 1236 2734 ut
1258 2699 1293 2734 in
1326 2699 1456 2735 favoris
1478 2699 1607 2734 caussis
1628 2700 1738 2734 bene
