1826 3276
383 196 465 238 118
738 193 782 234 G.
818 191 1140 235 SALLUSTI
1169 191 1392 235 CRISPI

516 305 638 350 XIX.
682 307 843 350 Postea
877 306 1124 350 Phoenices
1133 340 1146 364 ,
1190 306 1261 349 alii
1295 305 1577 351 multitudinis
1623 304 1747 367 domi

391 401 650 446 minuendae
703 401 867 460 gratia,
918 416 1020 460 pars
1075 401 1234 460 imperi
1278 401 1483 460 cupidine
1519 401 1749 447 sollicitata

388 496 524 556 plebe
567 501 610 539 et
657 491 774 551 aliis,
816 510 1029 541 novarum
1070 511 1220 540 rerum
1273 495 1433 552 avidis,
1474 495 1748 556 Hipponem,

390 653 431 677 eo
462 645 630 687 augetur,
663 642 755 685 quod
785 641 821 675 in
853 643 969 676 eodem
1000 643 1164 677 orationis
1187 643 1334 677 membro
1358 641 1511 686 sequitur
1547 628 1748 686 perfectum,

389 711 500 743 neque
529 700 695 734 afferendi
725 700 843 735 Cor-tio
874 704 972 736 erant
999 703 1085 736 tales
1115 702 1207 745 loci,
1232 702 1293 737 ubi
1325 702 1447 737 infinit.
1469 712 1502 739 ,a
1523 702 1631 736 verbo
1653 700 1750 735 finito

389 760 659 803 interpunctione
679 760 812 795 maiore
835 761 1064 806 disiungitur,
1098 766 1137 797 ut
1159 763 1234 797 Cat.
1259 763 1364 804 XXI,
1397 762 1430 796 4.
1454 764 1490 796 et
1510 761 1586 806 lug.
1610 761 1695 803 XV,
1717 759 1752 794 2.

388 820 544 864 Denique
565 820 601 854 in
624 823 783 865 promptu
807 824 858 854 est
881 822 1012 855 scribas
1034 822 1171 856 facilius
1194 833 1236 856 ex
1259 834 1400 866 coegere
1421 822 1585 856 aberrare
1606 819 1754 864 potuisse

389 880 426 915 in
449 892 591 926 cogere,
615 892 720 925 quam
743 884 872 914 contra.
895 898 941 903 —
962 882 1032 915 Pro
1053 892 1206 926 possessa
1233 887 1284 916 est
1317 881 1398 915 Seu.
1419 881 1454 916 2.
1477 883 1513 915 et
1541 881 1666 914 Hense.
1689 880 1752 914 ob-

391 951 484 974 sessa
514 946 588 982 est,
621 939 743 974 scribis
771 939 870 973 verbi
901 941 1070 977 rationem
1101 953 1168 976 non
1200 942 1434 986 capientibus,
1456 951 1563 983 quam
1583 939 1753 984 explicavi

392 1001 436 1035 ad
469 1012 500 1035 e.
527 1001 625 1042 xvl,
656 1000 690 1035 5.
721 1019 767 1025 --
800 1001 1063 1034 Concedere
1091 1001 1128 1034 in
1153 1007 1290 1046 gentem
1322 1000 1462 1044 proprie
1491 1000 1670 1042 dicuntur,
1693 999 1753 1043 qui

361 1097 364 1100 ,
391 1061 471 1094 aliis
486 1060 630 1094 subiecti
644 1071 723 1095 cum
739 1060 782 1094 iis
800 1059 899 1103 quasi
921 1060 1133 1101 coalescunt3
1157 1061 1204 1098 cf.
1222 1060 1396 1093 Drakenb.
1413 1059 1458 1094 ad
1471 1058 1547 1093 Liv.
1563 1059 1754 1102 xxxvm,

391 1121 458 1163 16,
481 1120 523 1159 9.,
539 1121 674 1161 XXIX,
698 1120 760 1162 29,
784 1120 841 1154 10.
867 1120 1035 1160 XXXIX,
1058 1119 1099 1160 2,
1121 1119 1156 1155 4.
1178 1119 1297 1153 lustin.
1317 1119 1386 1160 lv,
1406 1118 1441 1153 2.

482 1181 576 1215 XIX.
624 1182 656 1223 §.
691 1181 723 1214 l.
771 1180 973 1221 Phoenices,
1013 1179 1077 1212 alii
1114 1198 1160 1204 —
1183 1179 1292 1224 pars]
1325 1179 1364 1211 In
1393 1176 1560 1221 partitiva
1589 1179 1755 1213 sententia

390 1241 594 1278 Sallustium
618 1250 721 1282 saepe
744 1239 954 1283 alii-pars
976 1250 1038 1281 pro
1059 1239 1238 1282 geminato
1269 1238 1332 1271 alii
1363 1237 1476 1272 dicere
1507 1237 1678 1273 monitum
1705 1244 1757 1274 est

391 1300 435 1334 ad
459 1300 533 1333 Cat.
558 1299 614 1341 11,
638 1298 670 1332 1.
695 1298 762 1331 Sed
786 1298 877 1340 quod
899 1298 1049 1340 partium
1071 1298 1314 1342 significationi
1343 1309 1412 1331 non
1443 1295 1658 1342 genitivum,
1687 1307 1756 1339 quo

391 1370 453 1393 ene
476 1358 828 1402 comprehendantur,
853 1358 913 1391 sed
934 1357 1186 1392 nominativum
1219 1357 1416 1402 praemisit,
1449 1356 1523 1390 eius
1556 1355 1609 1390 rei
1636 1366 1758 1391 caussa

390 1419 479 1452 haec
502 1422 572 1459 est,
604 1418 695 1462 quod
717 1418 905 1461 respiciens
928 1417 971 1452 ad
1003 1417 1182 1461 superiora
1214 1422 1301 1452 totos
1331 1416 1475 1461 populor
1509 1414 1575 1448 sibi
1605 1416 1756 1459 opponit,
1823 1419 1825 1421 ’

391 1477 442 1511 ita
474 1481 513 1511 ut
544 1477 677 1519 Persis,
712 1477 824 1511 Medis
857 1481 892 1511 et
930 1477 1102 1512 Armeniis
1134 1477 1361 1521 respondeant
1396 1475 1587 1509 Phoenices.
1642 1476 1759 1518 Quare

393 1537 563 1581 primaria
592 1537 759 1572 sententia
792 1549 860 1570 non
888 1538 1011 1580 pendet
1043 1548 1086 1570 ex
1112 1537 1254 1571 vocibus
1290 1537 1354 1570 alin·
1373 1555 1419 1560 —
1434 1545 1536 1579 pars,
1559 1545 1648 1578 quae
1669 1535 1758 1570 ratio

395 1597 524 1630 valeret
545 1597 699 1640 genitivo
721 1598 958 1638 antecedente,
982 1597 1041 1631 sed
1063 1597 1175 1640 potius
1198 1608 1239 1630 ex
1261 1597 1442 1630 universae
1469 1593 1584 1640 gentis
1612 1594 1759 1636 nomine,

395 1655 453 1689 cui
485 1656 659 1699 sequentia
689 1668 752 1700 per
774 1657 1024 1700 appositionem
1053 1658 1168 1691 addita
1189 1660 1289 1698 sunt,
1313 1659 1351 1689 ut
1374 1654 1491 1689 statim
1512 1657 1591 1698 post
1615 1657 1650 1688 et
1670 1656 1704 1697 ἓ.
1725 1654 1760 1690 5.

372 1715 523 1749 -iterum
549 1715 699 1757 factum3
722 1717 768 1752 cf.
802 1727 833 1750 c.
865 1717 912 1758 L,
946 1716 980 1751 4.
1011 1717 1266 1758 Numidae,
1301 1716 1364 1750 alii
1385 1720 1574 1759 postremos
1605 1715 1759 1758 caedere,

395 1786 507 1819 pars
530 1786 554 1808 a
577 1776 715 1810 sinistra
747 1788 788 1810 ac
816 1777 958 1810 dextera
987 1781 1144 1817 tentare3
1169 1777 1272 1818 XIV,
1298 1774 1354 1810 15.
1387 1774 1512 1812 XLVI,
1535 1772 1570 1808 4.
1593 1774 1702 1816 nvn,
1726 1774 1761 1810 4.

398 1835 493 1876 CIV,
516 1834 549 1868 3.
573 1835 738 1880 LXXIV,
763 1836 797 1871 1.
820 1837 894 1870 Cat.
919 1837 971 1878 11,
996 1837 1030 1871 l.
1054 1837 1187 1871 Eodem
1209 1836 1317 1870 modo
1335 1835 1451 1870 Tacit.
1472 1834 1559 1868 Ann-
1583 1833 1680 1876 XIV,
1704 1835 1760 1876 23,

397 1894 433 1928 2.
469 1895 690 1938 Barbari,
719 1908 782 1940 pro
809 1897 947 1941 ingenio
972 1898 1128 1942 quisque,
1160 1897 1246 1931 alii
1271 1906 1388 1940 preces
1412 1895 1554 1938 offerre,
1578 1895 1762 1938 quidam

399 1955 554 1989 deserere
569 1956 668 1990 vicos.
689 1975 735 1982 —
753 1952 802 1991 Et
825 1957 906 1990 aliis
919 1968 1085 1990 novarum
1105 1967 1219 1990 rerum
1239 1955 1351 1989 avidis
1369 1956 1478 1987 exstat
1500 1954 1538 1989 in
1557 1954 1642 1990 Νη.
1659 1956 1763 1991 Gom-

399 2015 480 2048 mel.
505 2015 588 2051 Bas.
614 2016 647 2051 1.
680 2014 820 2050 Fabric.
842 2015 876 2049 1.
901 2026 922 2049 a
943 2012 990 2052 m'.
1013 2027 1066 2059 pr.
1089 2015 1184 2049 Leid.
1209 2015 1251 2048 L.
1273 2014 1361 2058 Teg.
1386 2013 1533 2049 Goerlit.
1565 2014 1645 2049 Seu.
1669 2017 1702 2051 1.
1726 2017 1762 2051 2.

401 2085 442 2109 ac
473 2079 650 2118 praeterea
682 2075 719 2108 in
751 2075 870 2110 multis
901 2075 1032 2117 Cortii,
1061 2073 1331 2117 Havewampii,
1373 2073 1570 2116 Gerhchii,
1612 2075 1763 2111 aliorum

403 2135 502 2168 codd.
533 2134 737 2177 Aliquantus
771 2139 887 2169 tamen
920 2146 1084 2182 numerus
1114 2139 1147 2168 et
1179 2134 1268 2168 alis·
1298 2145 1372 2167 που.
1401 2145 1468 2167 rer.
1492 2135 1624 2169 avidi
1645 2137 1763 2180 habet,

403 2205 492 2238 quae
514 2194 686 2238 scriptura
714 2195 800 2228 olim
837 2195 978 2238 vulgata
1000 2193 1078 2227 inde
1101 2204 1124 2228 a
1148 2194 1298 2228 Grutero
1320 2197 1354 2227 et
1377 2193 1495 2227 Cortio
1520 2198 1614 2229 recte
1634 2195 1766 2240 impro-

402 2255 486 2289 bata
506 2257 568 2288 est.
591 2255 679 2288 Vere
701 2254 788 2289 vidit
818 2254 955 2288 Coi-tius
977 2254 1062 2287 alios
1084 2265 1152 2287 non
1173 2256 1330 2297 respectu
1351 2253 1625 2289 antecedentium
1647 2257 1764 2290 alci-

401 2326 486 2359 pars
510 2314 599 2357 dici,
621 2318 660 2348 ut
681 2314 784 2349 tertia
807 2325 927 2348 caussa
950 2313 1164 2347 coloniarum
1188 2314 1442 2348 condendarum
1465 2319 1763 2360 commemoretur,

404 2374 464 2410 sed
484 2374 716 2408 bimembrem
739 2386 812 2409 esse
834 2373 1036 2409 sententiam
1055 2385 1096 2408 ex
1123 2375 1309 2408 sollicitata
1337 2373 1557 2418 pendentem,
1587 2374 1638 2408 ita
1659 2378 1699 2410 ut
1723 2388 1765 2410 ex

405 2433 576 2477 singulari
609 2434 653 2468 ad
685 2435 766 2469 aliis
798 2435 1002 2479 suplendum
1030 2433 1074 2468 sit
1106 2435 1320 2475 sollicitatis,
1351 2434 1442 2478 quod
1472 2437 1555 2477 apte
1584 2435 1766 2471 confirmat

405 2493 570 2537 exemplis
599 2493 774 2528 Ciceronis
804 2505 846 2529 ex
879 2495 966 2539 Epp.
997 2494 1042 2528 ad
1077 2494 1214 2528 Famm.
1247 2495 1283 2536 Ι,
1320 2494 1366 2534 9,
1397 2493 1452 2528 63.
1483 2493 1555 2527 eius
1586 2496 1701 2530 omni
1731 2501 1766 2531 et

405 2553 568 2597 gratia
592 2557 626 2587 et
650 2555 814 2598 opibus
835 2555 883 2588 sic
893 2557 1015 2598 fruor,
1037 2558 1076 2588 ut
1099 2555 1192 2589 meis.
1216 2554 1301 2588 ibid.
1324 2553 1423 2595 xvi,
1447 2553 1488 2594 l,
1510 2552 1544 2589 5.
1569 2558 1603 2588 et
1617 2556 1765 2598 comites,

405 2617 440 2647 et
461 2608 699 2656 tempestates,
730 2620 763 2648 et
781 2625 904 2648 navem
927 2615 1133 2649 idoneam
1156 2620 1195 2649 ut
1218 2615 1348 2650 habeas
1365 2615 1549 2659 diligenter
1561 2615 1703 2650 videbis.
1719 2635 1765 2642 ·—-

406 2672 597 2716 Hipponem
619 2683 688 2706 non
716 2673 867 2718 intelligi
899 2674 1070 2719 Regium,
1098 2674 1158 2708 sed
1181 2674 1403 2717 Diarrhytum
1426 2672 1499 2706 sive
1523 2674 1706 2718 Zorytum,
1730 2675 1768 2709 in

402 2732 544 2777 regione
554 2732 746 2777 Zeugitana
768 2733 862 2768 hand
884 2734 1004 2777 procul
1026 2734 1071 2769 ab
1091 2734 1191 2768 Utica
1214 2732 1316 2768 situm
1333 2734 1488 2768 locorum
1504 2735 1587 2781 ordo
1610 2735 1767 2789 ostendit,
