1826 3276
420 172 794 217 IUGURTHA.
854 173 981 217 ΕΑΓ.
1012 135 1208 218 Lxxlil.
1442 180 1548 222 885⁷

8 297 15 304 '
45 343 50 349 ,
105 275 214 338 [teri
247 291 425 353 generis
460 290 687 355 humilitas
722 290 928 336 favorem
957 291 1216 347 addiderat3
1250 298 1449 338 ceterum
1483 294 1530 340 in

127 394 321 448 utroque
358 389 502 449 magis
537 389 684 433 studia
721 389 920 447 partium
967 405 1104 448 quam
1148 390 1382 457 bonapaut
1407 392 1527 437 mala

128 501 209 530 sua
235 485 545 532 moderabant.
604 486 846 530 Praeterea
875 486 1071 531 seditiosi
1107 488 1391 548 magistratus
1420 485 1558 534 vol-5

124 598 237 644 gum
271 575 523 644 exagitare,
558 582 794 627 Metellum
831 583 1035 647 omnibus
1069 585 1360 630 concionibus
1398 588 1524 648 capi-

123 772 235 807 nequc
254 760 379 806 plebi
410 758 540 794 militia
562 760 636 793 vol
651 760 752 795 enti
779 762 985 805 putabatur.
1036 761 1156 795 Minus
1179 773 1342 806 perversa
1366 764 1522 808 quidem,

123 822 216 868 quod
246 833 290 858 uc
317 824 532 857 structuram
571 821 714 865 attinet,
749 822 917 856 Palmerii
951 826 1003 857 est
1037 823 1260 857 coniectura:
1292 826 1523 861 volenti-

122 884 271 930 (emisso
295 884 442 928 animo)
466 884 509 917 de
533 884 626 917 amb.
657 888 888 927 acceperant3
922 884 982 918 sed
1006 888 1251 928 praeterquam
1267 910 1278 926 ‚
1301 887 1394 930 quod
1418 887 1523 922 valde

121 944 258 979 inutilis
279 948 353 987 est,
375 943 566 979 videndum
598 943 724 984 etiam,
758 955 803 978 ue
828 955 932 978 sensu
955 945 1108 980 deterior
1134 945 1199 987 sit,
1225 957 1332 990 quam
1357 949 1519 993 vulgata.

121 1006 286 1040 Ceterum
319 1005 504 1050 participia
538 1005 734 1040 ablativum
771 1004 929 1049 legitime
962 1005 998 1040 in
1022 1007 1036 1040 i
1060 1006 1268 1050 terminant,
1294 1008 1355 1043 ubi
1380 1011 1520 1046 notione

120 1065 288 1111 temporis
321 1067 460 1101 abiectu
491 1065 528 1100 in
562 1077 698 1101 meram
731 1066 897 1101 adiectivi
935 1066 1011 1101 vim
1037 1067 1182 1110 abeunt,
1217 1079 1286 1112 quo
1310 1071 1519 1106 substantivi

118 1123 246 1177 natura
279 1131 315 1162 et
346 1127 480 1162 indoles
512 1128 744 1169 describitur;
778 1139 810 1163 v,
849 1128 1063 1163 Ranishorn.
1104 1129 1265 1163 Gramm.
1299 1131 1375 1165 Lat.
1400 1134 1434 1174 §.
1458 1132 1516 1167 28.

119 1200 155 1234 p.
177 1188 235 1224 4⁵.
256 1189 320 1223 111.
352 1193 424 1224 not.
448 1188 483 1225 5.
508 1190 544 1226 b.
577 1191 630 1224 ed.
654 1190 682 1224 Ι.
718 1190 799 1224 Car.
823 1189 941 1226 Beier.
973 1190 1017 1224 ad
1054 1189 1126 1227 Cic.
1159 1191 1202 1224 do
1236 1190 1308 1226 (ΠΥ.
1331 1193 1376 1234 11,
1399 1193 1434 1235 7,
1458 1192 1517 1230 25.

118 1259 152 1293 Ρ.
176 1247 232 1283 50.
249 1265 296 1275 ·-
321 1250 420 1292 Quae
445 1256 552 1286 antea
575 1251 693 1285 decora·
714 1250 919 1295 scripsimus
944 1262 1026 1285 cum
1050 1241 1170 1285 Curtio
1193 1263 1236 1286 ex
1259 1253 1335 1287 cod.
1362 1255 1464 1290 Rem.
1482 1255 1516 1290 1.

116 1310 215 1346 Vrat.
237 1309 273 1344 3.
297 1311 440 1362 Medjoi.
465 1313 498 1347 1.
522 1316 557 1347 et
582 1313 698 1346 Venet.
726 1313 760 1349 3.
807 1313 880 1346 Alii
904 1312 997 1346 enim
1022 1311 1108 1346 libri
1142 1317 1220 1356 post
1244 1315 1362 1349 decori
1383 1317 1516 1352 addunt

108 1371 185 1416 suit
200 1395 213 1412 ,
234 1370 299 1405 alii
314 1374 459 1416 fuerat,
493 1385 581 1407 unus
605 1379 702 1416 erut,
734 1384 776 1407 ex
800 1384 869 1416 qua
902 1384 1034 1418 magna
1057 1373 1259 1408 diversitate
1285 1380 1380 1409 recte
1402 1376 1515 1411 conii-

114 1431 190 1467 cias
213 1432 359 1466 verbum
382 1433 547 1478 primitus
570 1435 727 1477 abfuisse
742 1459 754 1476 ,
768 1439 952 1482 5structura
975 1433 1059 1475 mli,
1082 1434 1224 1477 qualem
1248 1437 1447 1472 notavimus
1468 1439 1514 1472 ad

115 1492 219 1528 catil.
243 1493 382 1535 thll,
407 1494 441 1529 2.
466 1507 501 1539 p.
522 1494 604 1531 215.
652 1495 693 1530 Si
717 1500 836 1531 tamen
860 1496 1007 1530 verbum
1031 1495 1264 1531 necessarium
1289 1488 1514 1543 ducas‚'fuit

117 1554 317 1598 ponendum
349 1554 437 1598 erit,
467 1555 599 1601 qnippe
633 1557 728 1601 quod
764 1556 891 1601 optimi
917 1556 1015 1590 codd.
1040 1557 1139 1590 velut
1171 1557 1278 1592 Fabr.
1303 1559 1336 1594 1.
1371 1560 1452 1594 Seu.
1477 1561 1512 1595 1.

113 1614 199 1649 Bas.
222 1613 256 1648 l.
291 1614 379 1650 Tur.
402 1617 436 1651 1.
470 1617 584 1652 Paris.
610 1629 640 1652 c.
665 1629 700 1652 x.
730 1618 849 1652 Berol.
875 1617 910 1652 2.
941 1621 975 1651 et
1006 1617 1127 1651 Goerl.
1162 1629 1243 1652 cum
1275 1620 1395 1656 muitis
1431 1621 1512 1656 aliis

114 1678 265 1713 teneam.

205 1742 357 1772 ceterum
383 1737 421 1771 in
443 1742 588 1782 utrmque
614 1740 733 1785 magis
755 1740 874 1774 studia
901 1757 944 1764 ——
970 1739 1302 1784 moderabant]
1337 1741 1451 1776 Locus
1474 1741 1510 1776 in

113 1797 237 1843 paucis
259 1798 426 1843 difficilis,
450 1803 485 1834 et
507 1799 700 1844 scripturae
722 1799 853 1844 pariter
876 1799 1112 1844 discrepantia
1142 1811 1249 1844 quam
1282 1800 1510 1845 interpretum

112 1857 344 1902 explicatio-0
372 1864 529 1896 vexatus.
576 1862 694 1907 Vulgo
727 1872 793 1906 pro
825 1861 1056 1895 moder-abant
1087 1860 1202 1895 editur
1231 1859 1415 1894 moderata
1441 1861 1511 1904 (sc.

113 1918 233 1963 sunt),
258 1922 298 1955 ut
319 1920 426 1955 multi
450 1921 550 1958 codd.
572 1922 720 1963 hubent3
751 1923 844 1966 quod
867 1922 1014 1956 verbum
1039 1921 1181 1956 Cottius
1205 1920 1510 1970 quumlinterpre-

112 1983 317 2016 tatanem
342 1987 572 2027 regnarunt„
591 1983 803 2029 viguerunt,
837 1982 944 2018 totius
975 1982 1048 2017 loci
1081 1983 1286 2017 sententium
1319 1982 1411 2016 hanc
1434 1993 1510 2017 esse

111 2041 220 2077 dicits
259 2033 402 2088 „magis
425 2054 467 2077 ex
499 2044 624 2078 studiis
647 2045 803 2089 partium
829 2044 1012 2079 Metellum
1036 2043 1190 2085 invidia,
1226 2042 1381 2086 Marium
1405 2044 1511 2078 favor

111 2103 340 2149 sequebatur,
366 2115 474 2148 quam
505 2117 548 2139 ex
577 2106 680 2140 bonis
714 2105 902 2139 virtutibus
934 2109 994 2139 aut
1026 2105 1123 2138 vitiis
1147 2106 1302 2138 eorum“
1348 2103 1417 2137 Sed
1441 2104 1510 2139 ista

111 2162 353 2208 interpretatio
376 2169 417 2199 ut
438 2176 550 2210 neque
572 2167 720 2201 verbum
745 2167 877 2208 ulium,
907 2177 1018 2209 neque
1041 2165 1248 2200 sententiam
1272 2164 1432 2199 Saliustii
1456 2169 1510 2199 at-

112 2223 238 2270 tingit,
263 2224 314 2260 ita
333 2230 522 2271 propterea
544 2229 634 2263 falsa
655 2232 721 2272 est,
745 2228 841 2272 quod
864 2227 1050 2268 moderari,
1075 2225 1182 2261 activi
1206 2237 1325 2260 sensus
1348 2227 1508 2269 verbum,

66 2304 71 2309 ·
111 2286 210 2320 nuno
232 2286 336 2320 modo
358 2286 617 2324 intransitivum
639 2290 717 2324 fieri
741 2292 863 2333 potest,
886 2300 929 2323 ac
947 2299 991 2321 ne
1014 2287 1164 2322 minima
1187 2287 1326 2331 quidem
1346 2298 1387 2321 ex
1410 2292 1509 2331 parte

113 2346 160 2382 nd
189 2346 264 2382 vim
297 2349 483 2384 verborum
514 2363 667 2397 regnare
698 2355 732 2385 et
761 2351 882 2396 vigere
915 2349 1061 2384 accedit.
1109 2349 1207 2382 Tum
1239 2349 1328 2382 bona
1352 2353 1388 2383 et
1410 2350 1508 2383 mala

113 2403 266 2444 alicuius
297 2420 478 2454 uunquam
511 2411 710 2456 significant
751 2412 862 2446 animi
897 2410 1100 2456 ingeniique
1130 2409 1278 2444 virtutes
1314 2414 1376 2444 aut
1407 2410 1507 2454 vitia,

112 2469 174 2505 sed
203 2481 260 2505 res
293 2474 398 2516 utque
430 2471 669 2508 condicionem
691 2473 880 2507 secundam
913 2476 974 2506 aut
995 2471 1195 2525 adversam.
1246 2470 1400 2518 Denique
1422 2471 1508 2505 huic

113 2529 358 2575 explicationi,
391 2544 499 2577 quam
530 2532 620 2566 nihi!
653 2534 895 2575 commendat,
929 2532 1039 2566 etiam
1069 2526 1169 2576 ‹jbest
1205 2542 1270 2564 sua
1305 2542 1506 2575 pronomen,

112 2591 206 2635 quod
228 2591 267 2626 in
289 2594 462 2629 sententia
485 2605 507 2629 a
533 2593 652 2628 nortio
677 2594 853 2638 proposita
883 2593 983 2627 nullo
1008 2580 1110 2637 pacto
1135 2591 1278 2625 tolerari
1305 2603 1404 2635 posse
1429 2592 1507 2636 ipse

112 2652 249 2688 nescius
279 2655 455 2698 professus
477 2659 542 2697 est,
566 2655 602 2688 in
628 2655 835 2700 paraphrasi
859 2665 976 2688 eorum
1000 2652 1222 2688 substituens.
1272 2654 1362 2687 Eum
1385 2665 1504 2698 presse

113 2721 303 2758 sequuntur
336 2716 492 2761 Longius
509 2741 520 2758 ‚
550 2716 766 2755 Mnester-us,
800 2716 1034 2758 Iaumannus,
1069 2714 1135 2748 nisi
1159 2715 1250 2758 quod
1275 2714 1355 2758 hic,
1382 2718 1420 2749 ut
1443 2715 1504 2748 de-

112 2779 282 2812 monstret
303 2778 480 2813 moderari
503 2777 597 2812 idem
621 2789 696 2813 esse
718 2782 824 2823 atque
849 2777 972 2823 vigere
996 2779 1058 2812 aut
1079 2776 1218 2818 valere,
1249 2775 1399 2820 pessime
1422 2787 1503 2810 con-

177 2849 235 2907 11.
1160 2844 1225 2891 25
