1826 3276
363 153 447 196 554
727 147 775 192 G.
801 144 1123 190 SALLUSTI
1153 144 1368 190 GRISPI

365 280 510 326 pauca
542 277 626 324 pro
662 261 824 305 delicto
862 275 941 305 suo
979 261 1115 305 verba
1163 261 1291 306 facit:
1344 261 1407 306 Se
1448 276 1538 308 non
1574 262 1720 310 hostili

367 362 533 415 animo,
587 356 668 400 sed
725 356 784 399 ob
822 371 1033 415 >regnum
1082 356 1311 400 tutandum
1365 371 1488 400 arma
1535 359 1718 418 cepisse.

303 456 354 496 13
366 457 480 500 Nam
514 451 747 496 Numidiae
780 457 977 510 partem,
1015 451 1133 503 unde
1169 452 1212 496 vi
1243 450 1502 511 Iugurtham
1538 454 1721 513 expule-

365 552 441 608 rit,
484 550 577 592 iure
620 547 726 590 belli
772 561 896 590 suam
937 547 1124 600 factam3
1169 559 1277 590 eam'
1310 527 1471 590 vastari
1513 563 1540 592 a
1573 547 1721 592 Mario

363 645 457 706 pati
489 643 756 702 nequivisse3
789 647 1043 702 praeterea,
1087 641 1225 686 missis
1266 647 1394 686 antea
1427 643 1619 687 Romam
1653 643 1722 687 le-

302 750 351 792 14
362 742 499 802 gatis,
533 738 760 798 repulsum
797 739 855 781 ab
893 737 1093 784 amicitia.
1165 736 1374 781 Ceterum
1406 742 1556 782 vetera
1589 739 1723 782 omit-

362 927 405 951 eo
435 915 645 960 praesidium
676 913 828 958 quaerit,
857 913 953 958 qnod
981 913 1016 947 in
1046 913 1168 948 Nazar.
1204 905 1320 948 Mark.
1352 916 1397 948 Α.
1427 913 1518 958 Reg.
1548 913 1656 948 Fabr.
1687 913 1722 948 1.

362 977 444 1011 Sen.
475 976 508 1010 1.
540 975 616 1008 Vin.
647 975 680 1008 1.
712 974 830 1008 Guelf.
854 975 885 1011 1.
911 974 944 1008 3.
967 973 1001 1008 6.
1027 977 1061 1008 et
1091 973 1178 1007 Tur.
1200 973 1232 1006 1.
1257 974 1297 1007 ob
1317 973 1527 1017 praepositio
1549 973 1724 1008 desidem-

361 1040 429 1078 tur,
453 1040 541 1080 quae
562 1035 619 1068 vel
643 1045 727 1068 casu
749 1034 892 1075 excidit,
928 1033 986 1070 vel
1017 1034 1146 1067 omissa
1167 1037 1230 1076 est,
1252 1033 1335 1076 quia
1359 1033 1508 1067 insolens
1532 1033 1724 1068 videbatur.

361 1097 526 1140 Supinum
550 1099 667 1129 autem
691 1098 728 1128 ut
749 1094 905 1127 codicum
929 1093 1133 1128 auctoritate
1154 1091 1362 1134 destituitur,
1387 1091 1438 1126 ita
1459 1102 1481 1127 a
1503 1091 1636 1126 dicendi
1659 1103 1724 1126 usu

359 1167 500 1200 prorsus
531 1155 707 1189 abhorret.
752 1154 843 1188 Nam
876 1166 982 1197 quum
1014 1153 1196 1198 peculiaris
1226 1151 1330 1186 huius
1360 1151 1494 1186 formae
1515 1156 1666 1195 potestas
1687 1152 1724 1186 iu

361 1215 426 1249 loci
455 1214 594 1248 notione
626 1218 786 1249 cernatur
815 1215 874 1258 (v,
898 1214 989 1259 Aug.
1013 1211 1214 1248 Grotefendi
1237 1211 1392 1245 Gramm.
1417 1212 1491 1246 nat.
1514 1213 1622 1256 ampl.
1646 1213 1723 1247 Vol.

359 1276 402 1310 11.
435 1287 468 1319 p.
501 1274 580 1309 35⁰.
615 1274 650 1319 §.
682 1274 760 1308 441.
795 1275 954 1308 Gramm.
984 1273 1092 1310 schol.
1123 1285 1157 1316 p.
1182 1271 1262 1305 246.
1294 1273 1326 1313 5.
1350 1270 1462 1316 313.),
1489 1284 1554 1307 non
1578 1273 1724 1317 pendere

360 1338 489 1380 potest,
520 1335 587 1369 nisi
618 1345 660 1368 ex
692 1333 807 1367 verbis
839 1339 948 1368 motus
976 1331 1262 1377 significationem
1290 1332 1516 1375 habentibus3
1549 1334 1723 1367 aemilium

358 1407 420 1440 per
440 1406 478 1430 se
499 1405 675 1438 nunquam
697 1392 868 1436 exprimit.

450 1457 481 1498 §.
506 1454 562 1488 13.
608 1454 698 1488 unde
720 1455 756 1487 vi
780 1454 857 1498 Iug-
884 1451 1072 1496 expulerit]
1120 1453 1160 1485 111
1181 1452 1250 1486 hoc
1269 1450 1350 1485 *loco
1372 1450 1621 1484 incredibiliter
1644 1461 1720 1484 coe-

359 1514 444 1549 cutit
473 1514 689 1548 acutissimus
723 1507 938 1547 Geriachius‘.
998 1511 1067 1554 Qui
1097 1523 1203 1554 quum
1231 1510 1268 1544 in
1302 1511 1436 1544 maiore
1466 1510 1519 1544 ed.
1551 1513 1643 1544 recte
1672 1509 1724 1544 ita

358 1575 570 1618 scripsisset,
601 1577 640 1607 ut
666 1572 856 1613 edidimus,
887 1571 923 1604 in
947 1571 1150 1607 Commentt.
1174 1583 1206 1615 p.
1228 1571 1307 1605 329.
1330 1582 1399 1605 nou
1420 1570 1534 1606 solum
1557 1571 1724 1614 expulerit

359 1634 486 1669 mutari
509 1634 582 1667 vult
604 1633 639 1667 in
664 1633 851 1676 expulerat,
875 1631 1163 1674 quemadmodum
1184 1642 1266 1665 sane
1288 1634 1397 1665 exstat
1415 1630 1452 1665 in
1475 1630 1723 1674 compluribus,

358 1707 468 1740 neque
491 1698 605 1728 tamen
629 1691 937 1736 praestantioribus
959 1680 1151 1733 codicibus,
1182 1692 1241 1725 sed
1271 1691 1378 1726 etiam
1410 1692 1543 1725 Marius
1565 1691 1622 1724 vei
1645 1695 1724 1725 unte

357 1756 414 1790 vel
437 1758 513 1799 post
538 1752 746 1798 Iugurtham
771 1763 812 1784 ex
835 1750 1031 1785 coniectura
1053 1751 1270 1785 inserendum
1292 1755 1416 1786 censet.
1449 1752 1579 1786 Sed'ut
1599 1750 1722 1796 pingui

357 1814 496 1860 ingenio
519 1812 751 1858 excogitatum
776 1816 844 1850 est,
871 1811 978 1845 Marii
1000 1822 1122 1846 nomen
1146 1811 1181 1845 in
1204 1813 1240 1846 vi
1262 1823 1346 1846 voce
1370 1812 1500 1853 latere,
1524 1815 1585 1846 aut
1606 1822 1640 1845 m
1662 1811 1721 1845 lit-

356 1880 431 1909 tera
454 1878 533 1918 post
556 1873 770 1918 Iugurtham
794 1873 996 1915 absorptum
1018 1882 1091 1905 esse
1113 1871 1215 1914 (quis
1237 1871 1329 1906 enim
1352 1871 1545 1915 crediderit,
1570 1872 1721 1905 Marium

356 1936 430 1969 sola
453 1946 486 1968 m
510 1933 625 1968 littera
648 1932 682 1966 in
706 1933 803 1966 codd.
835 1931 1016 1976 scribi?)‚
1048 1931 1098 1965 ita
1129 1931 1296 1966 sententia
1327 1931 1472 1975 pessime
1502 1930 1720 1975 pervertitur,

357 1996 386 2030 si
411 1995 563 2029 Marium
588 1993 753 2036 expulerit
775 1991 872 2025 verbi
896 1991 1088 2025 subiectum
1110 2002 1185 2025 esse
1206 1992 1377 2026 statueris.
1434 1992 1486 2026 An
1509 1982 1656 2034 ineptius
1679 2001 1721 2024 ac

357 2056 462 2089 simul
484 2052 702 2099 arrogantius
724 2051 821 2095 loqui
845 2051 956 2094 potuit
978 2052 1146 2093 Bocchus,
1170 2051 1198 2085 si
1221 2052 1289 2085 hoc
1311 2051 1414 2085 dixit:
1437 2061 1515 2084 eam
1537 2049 1721 2084 Numidiae

356 2118 510 2158 partem,
541 2114 631 2147 unde
667 2113 802 2146 Marius
832 2112 954 2156 (cuius
978 2112 1130 2156 gratiam
1152 2111 1265 2145 missis
1286 2111 1412 2156 legatis
1434 2110 1639 2154 expetebat)
1663 2110 1721 2143 lu-

356 2175 523 2220 gurtham
547 2172 718 2216 expulerit
741 2172 914 2216 (quaeque
937 2172 982 2206 ob
1009 2171 1043 2205 id
1068 2172 1296 2205 Romanorum
1321 2174 1411 2212 erat,
1434 2170 1563 2214 quippe
1584 2169 1644 2214 qui
1666 2169 1720 2203 vi-

358 2240 467 2268 ctores
490 2236 614 2274 essent)
638 2233 714 2266 iure
736 2231 818 2266 beni
841 2243 938 2266 suam
963 2231 1140 2266 factam?!
1170 2232 1248 2265 Hoc
1269 2230 1378 2276 igitur
1400 2231 1520 2264 tulisse
1543 2231 1720 2264 Romanos

358 2307 399 2328 uc
422 2293 645 2335 concessisse,
680 2296 717 2327 ut
747 2292 878 2326 alienus
905 2291 940 2326 in
962 2302 1059 2325 suam
1082 2292 1247 2335 praedam
1270 2290 1473 2325 invaderet?
1507 2291 1580 2332 Quo
1603 2292 1718 2324 autem

359 2355 439 2388 belli
461 2354 535 2388 iure
558 2353 684 2395 fiebat,
711 2357 750 2387 nt
770 2352 931 2386 Bocchus
957 2351 1140 2386 Numidiae
1161 2355 1294 2394 partem
1319 2362 1342 2384 a
1366 2351 1480 2385 Mario
1503 2355 1640 2394 captam
1665 2349 1718 2383 ἧι-

358 2417 451 2447 ceret
481 2413 608 2447 suam?
640 2413 796 2456 Denique
826 2412 966 2446 ubinam
997 2411 1125 2456 iegitur
1146 2411 1353 2457 Iugurtham
1384 2414 1464 2445 tunc
1486 2409 1624 2453 quidem
1647 2408 1719 2442 Nu—

357 2473 486 2507 midiae
509 2477 606 2516 parte
628 2484 650 2507 a
674 2471 840 2507 Romanis
865 2472 1038 2516 expulsum
1056 2472 1184 2515 fuisse,
1221 2471 1281 2515 qui
1304 2469 1488 2504 exercitum
1513 2468 1614 2502 modo
1635 2468 1718 2508 huc,

358 2534 462 2568 modo
480 2533 564 2567 iiiuc
585 2533 733 2573 duceret,
756 2543 865 2575 neque
886 2532 921 2565 in
945 2542 1049 2573 unam
1072 2530 1248 2576 regionem
1270 2535 1358 2565 esset
1379 2528 1598 2573 compulsus?
1621 2528 1718 2562 flacc

359 2594 476 2627 omnia
508 2593 603 2627 solus
628 2592 836 2626 Gerlachius
869 2591 946 2634 scit,
975 2591 1046 2630 sed,
1079 2603 1141 2635 pro
1176 2592 1285 2631 dolor,
1319 2589 1478 2634 expedire
1507 2589 1634 2623 oblitus
1655 2590 1718 2622 est.

359 2655 427 2687 Sed
450 2653 563 2688 missis
591 2652 667 2694 his,
699 2653 865 2696 expulerit
897 2651 1156 2697 intelligendum
1185 2656 1237 2684 e-t
1259 2650 1301 2684 de
1331 2650 1403 2694 ipso
1426 2649 1582 2690 Boccho,
1613 2657 1716 2690 quem

358 2714 474 2748 Faber
496 2717 586 2748 recte
609 2712 696 2748 vidit
718 2713 805 2747 haec
828 2723 895 2749 non
919 2722 960 2746 ex
983 2720 1064 2746 vero
1091 2711 1223 2752 dicere,
1253 2709 1310 2744 sed
1335 2710 1494 2754 fingere,
1525 2710 1564 2742 ut
1586 2706 1716 2741 bonum
