1826 3276
495 130 878 229 IUGURTHA„
921 167 1051 213 cAP.
1083 168 1196 226 cxl.
1442 174 1529 216 325

136 292 278 344 tuere,
310 284 445 347 pauci
473 284 660 346 integri,
689 256 855 346 magna
886 300 994 346 pars
1030 285 1222 330 confecti
1257 286 1524 348 volneribus,

135 383 316 431 abeunt.
387 381 594 443 Denique
628 383 853 443 utrimque
886 383 1110 444 proelium
1146 397 1236 429 nox
1270 382 1460 431 diremit.
1535 387 1562 427 8

269 480 391 526 LXI.
462 479 676 526 Metellus
720 485 964 542 postquam
1017 480 1141 525 videt
1193 480 1359 526 frustra
1399 482 1525 528 ince-

131 584 284 639 ptum,
328 592 477 636 neque
521 577 741 638 oppidum
785 577 911 638 capi,
953 593 1103 637 neque
1138 578 1405 639 Iugurtham
1443 580 1525 625 nisi

133 691 189 721 ex
217 674 382 720 insidiis
424 678 503 718 aut
537 687 618 718 suo
654 673 757 718 loco
787 688 992 734 pugnam
1027 674 1204 733 facere,
1241 681 1286 720 et
1319 676 1408 720 iam
1444 692 1524 722 ae-

130 822 165 856 p.
198 810 334 847 Gluent.
365 822 396 846 c.
419 810 486 854 13,
513 809 570 846 38.
619 809 689 854 Qm'
720 821 826 856 quum
859 821 991 845 unum
1023 810 1095 846 iam
1127 815 1170 846 et
1202 812 1398 847 alterum
1434 813 1526 848 diem

129 872 399 908 desideraretur.
421 872 511 916 Epp.
531 871 575 906 ad
597 869 705 907 Attic.
729 871 829 914 xlv,
852 870 913 906 18.
961 872 1143 908 Adductus
1166 884 1241 908 sum
1267 873 1338 908 tuis
1361 879 1396 908 et
1419 875 1526 909 unis

129 939 175 969 et
207 932 383 970 alterz‘s
408 932 546 968 litteris.
571 932 695 966 Horat.
721 931 798 968 Sat.
822 931 851 975 1,
874 932 909 976 6,
935 931 1014 968 1⁰1.
1061 934 1249 968 Ducendum
1273 938 1307 968 et
1331 944 1444 969 unns
1470 935 1503 968 E
1512 940 1525 970 t

67 987 69 989 ¹
128 1006 239 1045 comer
261 995 307 1029 al
320 999 408 1036 ter,
430 994 485 1029 uti
507 994 599 1028 eolus
622 1004 667 1027 ne
689 1003 792 1027 rusve
812 1003 1005 1040 peregreve
1029 996 1182 1031 Exirem.
1229 996 1283 1030 De
1307 995 1435 1039 plurali
1459 1008 1524 1030 nu-

126 1066 225 1090 mero
246 1066 340 1090 unae
361 1055 460 1090 vocis
482 1066 517 1090 v.
542 1055 588 1090 ud
606 1054 682 1089 Cat.
707 1053 775 1098 VI,
801 1053 836 1090 2.
863 1073 905 1081 —
940 1056 1076 1100 Afflicti
1106 1068 1175 1091 non
1207 1059 1281 1099 est,
1315 1059 1354 1090 ut
1386 1056 1524 1091 Cottius

126 1115 398 1161 interpretatur,
420 1116 459 1151 in
480 1119 614 1152 terram
634 1115 809 1161 prolapsi,
834 1115 896 1149 sed
918 1117 1036 1160 potius
1059 1117 1096 1151 vi
1119 1117 1244 1152 deiecti
1269 1123 1302 1152 et
1326 1119 1435 1164 gravi
1458 1120 1524 1153 im·-

123 1183 208 1227 petu
225 1178 398 1225 prostrata·
421 1188 463 1212 ac
486 1176 631 1219 contusi,
654 1187 723 1221 quo
747 1187 850 1211 sensu
871 1176 942 1212 hoc
963 1177 1177 1212 vocabulum
1200 1178 1399 1222 frequenter
1422 1191 1524 1214 usur-

125 1240 203 1286 pari
225 1239 343 1276 docuit
363 1240 423 1274 Fr.
448 1236 647 1273 Gronovius
670 1236 706 1272 iu
731 1236 832 1272 Obss.
857 1237 917 1281 lv,
939 1237 973 1272 8.
999 1251 1034 1284 p.
1055 1238 1136 1274 598.
1162 1239 1216 1274 ed.
1241 1239 1340 1284 Lips.
1365 1241 1411 1278 cf.
1431 1241 1524 1275 infra

76 1302 84 1307 “
126 1313 157 1336 c.
181 1301 239 1344 Cl,
260 1299 318 1335 11.
344 1299 418 1337 Cic.
442 1299 479 1334 in
501 1300 574 1334 Pis.
609 1311 639 1333 c.
663 1297 722 1342 38,
745 1297 803 1332 93.
842 1298 919 1333 Liv.
947 1299 1055 1342 XXI,
1079 1298 1138 1342 58,
1162 1299 1195 1334 3.
1220 1299 1339 1335 Tacit.
1363 1302 1453 1337 Ann.
1477 1301 1522 1344 ΙΙ,

125 1362 183 1405 17,
207 1361 243 1398 4.
268 1361 403 1397 Seneca
436 1360 479 1395 de
502 1360 561 1395 Ira
583 1359 620 1404 1,
644 1357 703 1394 16.
743 1359 905 1395 Lambin.
931 1363 967 1396 et
988 1359 1104 1394 Bentl.
1130 1359 1175 1394 ad
1198 1360 1288 1395 Hor.
1311 1360 1387 1396 Sat.
1415 1361 1461 1403 11,
1488 1361 1521 1402 2,

124 1422 181 1459 79.
205 1442 251 1449 —
273 1423 345 1458 Pro
368 1421 474 1458 ceteri
495 1432 581 1456 cave
604 1421 726 1455 credas
757 1426 949 1457 ceterorum
980 1420 1090 1456 fuisse
1123 1420 1330 1463 dicendum,
1363 1421 1446 1466 quia
1468 1433 1523 1457 se-

126 1483 248 1530 quitur
266 1483 376 1530 pauci
383 1502 429 1508 -
446 1492 711 1528 magna-pam,-
734 1493 817 1517 nam
840 1493 978 1518 summa
1001 1481 1192 1517 sententiae
1215 1494 1285 1517 non
1309 1482 1345 1517 in
1366 1484 1522 1529 partium

125 1544 400 1591 significatione,
423 1543 484 1578 sed
507 1542 544 1577 in
570 1546 641 1578 toto
666 1541 776 1587 inest,
800 1555 909 1590 qum-e
931 1542 1173 1590 praedicatum
1198 1543 1243 1578 ad
1266 1544 1335 1579 hoc
1360 1544 1523 1589 pertinet,

124 1606 183 1642 cui
204 1609 324 1651 partes
345 1603 446 1650 quasi
468 1615 531 1648 per
556 1604 764 1650 epexegesin
786 1606 843 1640 vel
866 1605 1121 1651 oppositionem
1143 1605 1283 1641 additae
1312 1609 1403 1641 sunt.
1427 1606 1524 1641 Eun—

124 1669 204 1703 dem
227 1678 304 1702 rem
326 1666 400 1701 iam
423 1664 604 1710 tetigimus
626 1665 671 1699 ad
704 1677 735 1701 c.
759 1666 856 1708 XIX,
880 1667 915 1701 1.
948 1667 994 1701 ct'.
1019 1666 1100 1700 xtv
1115 1691 1126 1711 ,
1150 1665 1207 1701 15.
1256 1667 1407 1712 Affinis,
1431 1668 1523 1702 mm·-

119 1738 201 1772 eos,
223 1728 432 1775 propinquos
454 1731 585 1761 ceteros
608 1737 701 1760 meos
724 1727 867 1762 alium
899 1727 1002 1762 alia
1035 1727 1152 1763 clades
1180 1729 1360 1773 oppressit.
1397 1729 1520 1772 xm,

123 1791 158 1825 4.
186 1789 348 1836 'Legatos
371 1787 515 1823 alium
539 1787 594 1821 ab
619 1787 713 1822 alio
738 1788 893 1822 divorsos
914 1788 1139 1834 aggreditur.
1164 1787 1268 1823 Catil.
1293 1790 1337 1830 11,
1362 1788 1398 1826 1.
1443 1790 1518 1824 Re-

121 1863 186 1899 ges
209 1850 339 1886 divorsi
359 1861 468 1896 pars
491 1849 693 1896 ingenium,
717 1850 785 1884 ali
793 1849 807 1883 i
829 1848 952 1895 corpus
975 1850 1188 1885 exercebant.
1212 1850 1303 1894 mu,
1328 1848 1362 1884 8.
1413 1850 1520 1886 Mults·

121 1902 298 1948 volventes
329 1911 472 1946 hostilia
504 1910 683 1945 cadavera
718 1911 866 1946 amicum
899 1911 1006 1954 alii,
1034 1922 1147 1956 pars
1170 1911 1339 1957 hospitem
1364 1911 1518 1947 invenie-

123 1974 217 2009 bant.
265 1973 386 2018 Quare
410 1983 491 2006 cum
515 1971 551 2007 in
582 1971 641 2008 his
663 1971 856 2007 sententiae
878 1971 987 2015 ratio,
1002 1971 1223 2018 genitivum,
1257 1984 1360 2018 quem
1385 1973 1518 2017 dicunt,

119 2033 327 2081 partitivum
349 2043 418 2068 non
442 2033 622 2078 patiatur,
643 2044 714 2068 non
737 2033 997 2069 assentiendum
1019 2036 1072 2069 est
1093 2033 1234 2076 Fabro,
1256 2034 1318 2079 qui
1341 2034 1387 2069 ad
1411 2035 1517 2071 Cutil.

119 2096 164 2139 ll,
185 2095 219 2130 1.
243 2094 499 2130 nominativum
524 2096 570 2131 ad
604 2095 842 2131 Graecismum
874 2095 996 2130 refert.
1022 2115 1068 2121 -—
1104 2095 1289 2140 Quoquo
1323 2096 1445 2138 modo,
1479 2099 1519 2131 ut

120 2156 260 2192 Gor-tius
290 2161 325 2192 et
357 2156 567 2192 Gerlachius
599 2157 813 2202 scripserunt
830 2180 841 2200 ,
881 2167 951 2190 nou
992 2157 1107 2191 solum
1147 2155 1383 2201 plurimorum
1416 2157 1516 2192 codd.

120 2216 328 2252 auctoritate
359 2203 592 2262 sustentatur,
622 2219 682 2253 sed
714 2229 840 2252 verum
870 2228 945 2252 esse
979 2216 1087 2252 etiam
1124 2228 1167 2251 ex
1201 2228 1243 2252 eo
1278 2217 1518 2263 cognoscitur,

119 2277 213 2322 quod
235 2277 272 2312 in
294 2277 371 2312 Vin.
395 2277 428 2312 1.
454 2277 572 2312 Guelf.
595 2279 630 2313 7.
666 2282 701 2314 et
724 2278 862 2314 Vratisl.
887 2278 921 2313 3.
956 2290 1039 2324 quo
1064 2279 1188 2321 modo,
1222 2278 1258 2312 in
1283 2279 1404 2314 Guelf.
1428 2278 1462 2315 4.
1480 2283 1515 2315 et

119 2338 176 2373 1⁰.
200 2350 376 2384 quoque
400 2339 501 2373 modo
523 2339 692 2384 scriptum
717 2343 790 2382 eet,
812 2339 968 2375 librariis
991 2339 1122 2385 partim
1145 2339 1385 2386 geminatione
1406 2352 1514 2376 vocu-

119 2398 198 2441 lae,
227 2398 357 2443 partim
389 2399 594 2444 compendio
627 2400 801 2436 scribendi
835 2400 1000 2445 deceptis.
1048 2402 1151 2446 Quod
1173 2401 1210 2435 in
1234 2401 1411 2446 prioribus
1434 2403 1512 2437 edd.

117 2460 285 2506 vulgatur
306 2472 373 2506 quo
395 2462 500 2507 quis
514 2473 598 2508 que
620 2464 739 2507 modo,
778 2473 992 2508 quamquam
1015 2462 1103 2496 ferri
1126 2465 1260 2507 potest,
1294 2461 1420 2498 idonea
1442 2463 1512 2498 fide
1541 2462 1544 2466 ’

117 2523 226 2556 caret.
247 2540 294 2547 —-
324 2521 396 2555 Pro
430 2523 577 2568 denique
607 2523 712 2559 multi
742 2524 841 2559 codd.
874 2524 1007 2558 habent
1030 2522 1177 2566 deinde,
1211 2524 1303 2568 quod
1327 2523 1411 2558 huic
1433 2525 1512 2560 loco

117 2580 214 2616 haud
247 2593 423 2627 quoquam
454 2586 758 2621 acommodatum
793 2596 867 2620 esse
897 2583 1012 2629 quivis
1044 2583 1150 2619 facile
1181 2584 1378 2631 intelliget,
1402 2597 1510 2631 quum

117 2640 176 2678 his
196 2643 312 2679 verbis
334 2656 475 2691 pugnae
507 2645 731 2692 descriptioni
754 2646 834 2681 finis
854 2645 1066 2690 imponatur.

209 2705 357 2751 Lug.
382 2707 416 2742 1
462 2707 627 2742 Metellus
646 2711 831 2753 postquam
865 2707 962 2743 videt
985 2708 1079 2751 etc]
1115 2707 1373 2743 incommode·
1361 2720 1397 2742 m
1431 2707 1508 2744 edd.

118 2776 258 2802 comma
290 2769 370 2814 post
400 2768 562 2804 Metellus
595 2767 746 2814 positum
770 2772 846 2812 eet,
880 2779 950 2814 quo
980 2769 1219 2805 membrorum
1253 2769 1388 2814 periodi
1419 2768 1509 2805 ratio
