1826 3276
376 179 461 221 456
738 171 785 214 G.
814 170 972 213 SALL
985 171 1056 214 US
1068 172 1134 215 TI
1161 173 1370 218 CRISPI

379 295 450 334 cet
494 289 598 346 quia
634 285 843 344 imagines
886 298 978 328 non
1018 284 1198 342 habeo,
1251 293 1295 332 et
1329 289 1429 346 quia
1467 290 1575 336 mihi
1615 305 1734 351 nova

380 383 581 428 nobilitas
617 386 699 438 est,
734 393 865 437 quam
892 385 1011 423 certe
1044 381 1274 439 peperisse
1307 385 1459 429 melius
1489 391 1568 442 est,
1602 401 1736 444 quam

317 489 370 529 26
382 482 611 535 acceptam
646 474 905 533 corrupisse.
975 474 1196 531 Equidem
1241 491 1328 537 ego
1361 493 1450 522 non
1490 480 1672 538 ignoro,
1704 480 1740 524 si

386 573 474 614 iam
516 569 623 613 mihi
666 568 940 627 respondere
981 569 1137 626 velint,
1182 570 1362 616 ubunde
1389 573 1471 618 illis
1504 573 1741 618 facundam

384 670 428 709 et
480 664 772 723 compositam
817 664 1060 708 orationem
1105 665 1216 710 fore.
1293 667 1387 710 Sed
1441 668 1485 713 in
1536 682 1741 714 maxumo

384 765 533 804 vostro
567 758 783 804 beneficio
813 774 950 817 quum
982 760 1184 805 omnibus
1213 761 1320 805 locis
1355 777 1428 807 me
1455 777 1624 821 vosque
1648 778 1745 808 ma-

387 925 534 971 legitur,
568 925 722 967 Certim,
755 928 939 969 perpetuus
970 936 1048 960 osor
1082 926 1322 971 pronominum
1355 931 1391 963 et
1420 927 1584 963 orationis
1614 928 1747 973 perspi-

387 997 492 1028 cuae,
519 986 646 1021 omisit.
669 1004 714 1010 —-
745 986 799 1018 De
827 997 917 1019 nunc
945 986 1117 1028 particula
1146 998 1182 1023 v,
1212 998 1316 1031 snpra
1348 989 1391 1022 ad
1418 991 1450 1031 5.
1474 987 1530 1023 13.
1553 1007 1599 1013 -
1624 989 1750 1022 Melina

389 1051 439 1079 eet
462 1056 579 1079 omnes
601 1045 731 1086 Gortii,
763 1045 944 1079 Gerlachii
967 1049 1002 1079 et
1022 1046 1134 1080 nostri
1157 1046 1292 1081 codices
1314 1051 1390 1091 post
1408 1048 1578 1092 peperisse
1597 1047 1751 1088 habent3

390 1105 557 1138 Gruterus
578 1115 682 1146 vero,
711 1104 868 1138 Wassius
897 1109 931 1139 et
953 1106 1247 1150 Havercampius,
1279 1107 1375 1141 nulla
1403 1107 1575 1141 mentione
1594 1107 1753 1140 codicum

389 1164 504 1206 facta,
527 1168 604 1207 post
627 1166 813 1208 corrupisse
832 1165 1064 1207 collocarunt,
1098 1177 1199 1209 quem
1223 1165 1379 1199 ordinem
1401 1165 1552 1200 Weisius
1572 1165 1677 1200 etiam
1699 1175 1755 1199 re-

391 1223 491 1266 cepit.
537 1223 577 1255 ln
607 1224 683 1267 pari
712 1225 889 1267 utriusque
919 1224 1049 1259 ordinis
1080 1226 1231 1260 bonitate
1253 1226 1438 1261 maluimus
1458 1226 1568 1271 igitur
1589 1225 1687 1260 codd.
1713 1225 1756 1259 fi-

393 1282 471 1315 dem
495 1282 612 1324 sequi,
636 1294 740 1325 quam
763 1285 858 1318 coeci
881 1295 998 1329 agere.

484 1344 517 1383 §.
541 1342 599 1375 26.
647 1342 813 1385 Equidem
845 1343 934 1386 ego]
968 1343 1010 1376 V.
1037 1344 1081 1378 ad
1105 1355 1135 1378 c.
1164 1345 1220 1386 X,
1243 1345 1279 1380 6.
1300 1356 1336 1388 p.
1358 1344 1415 1379 53.
1439 1361 1486 1372 --
1511 1344 1600 1378 Mihi
1621 1344 1758 1379 Cottius

396 1401 496 1435 nulla
529 1401 628 1434 codd.
662 1400 868 1434 auctoritate
907 1402 1047 1436 delevit.
1079 1404 1372 1437 —Facunda
1412 1405 1524 1438 oratio
1556 1403 1760 1449 intelligitur

395 1471 485 1505 quae
518 1471 596 1492 cum
629 1459 802 1504 elegantia
833 1461 993 1503 expedita
1027 1465 1062 1496 et
1095 1467 1256 1506 prompta
1287 1463 1444 1506 suppetit.
1497 1464 1680 1498 Facundus
1709 1466 1761 1498 est

397 1518 490 1552 enim
516 1519 576 1561 qui
599 1519 754 1552 naturali
775 1520 924 1562 quadam
956 1521 1063 1563 pollet
1086 1522 1255 1556 facultate
1277 1526 1311 1556 et
1334 1523 1434 1566 copia
1456 1523 1612 1565 dicendi,
1642 1522 1762 1558 cuius-

397 1589 464 1622 que
496 1579 604 1611 verha
637 1578 732 1611 nullo
763 1578 875 1611 studio
906 1580 1061 1622 quaesita
1083 1582 1240 1624 placeant
1272 1586 1307 1616 et
1328 1583 1465 1626 capiant
1486 1592 1606 1624 aures,
1627 1581 1763 1616 etiamsi

398 1637 554 1672 doctrina
585 1640 620 1671 et
652 1637 811 1671 acumine
843 1638 1091 1682 destituantur-3
1121 1641 1167 1675 cf.
1190 1653 1222 1674 c.
1249 1642 1351 1683 XCV,
1374 1641 1409 1676 3.
1434 1642 1505 1684 GH,
1527 1642 1562 1676 4.
1610 1641 1764 1676 Desertus

399 1708 483 1731 vero
511 1700 582 1739 est,
619 1696 679 1739 qui
712 1697 891 1740 perspicue
922 1700 957 1732 et
988 1696 1272 1734 dilucido'dicere
1293 1706 1423 1746 potest,
1443 1698 1506 1742 *ita
1527 1686 1568 1735 at
1587 1700 1765 1736 audientes

401 1761 560 1792 accurate
582 1767 657 1790 rem
679 1756 894 1801 intelligant,
915 1768 1026 1801 neque
1049 1759 1252 1804 quicquam,
1275 1761 1478 1804 quodfscire
1504 1763 1682 1804 oporteat,
1705 1760 1765 1793 de-

402 1818 562 1852 siderent.
609 1816 679 1860 Qui
702 1821 818 1850 autem
841 1822 1026 1861 utrumque
1048 1818 1098 1853 ita
1120 1820 1319 1865 coniungit,
1341 1823 1380 1854 ut
1401 1830 1468 1854 nou
1491 1821 1603 1854 solum
1625 1820 1766 1864 elegan—

405 1882 458 1911 ter
481 1881 517 1910 et
539 1876 739 1920 perspicue,
771 1877 831 1910 sed
853 1877 958 1912 etiam
981 1878 1139 1922 graviter
1161 1883 1195 1913 et
1217 1883 1336 1914 ornate
1358 1879 1450 1914 dicat
1463 1905 1476 1922 ‚
1498 1880 1597 1924 quod,
1611 1879 1685 1914 sola
1704 1889 1767 1914 na-
1812 1899 1821 1902 -

402 1940 482 1971 tura
504 1947 572 1970 non
596 1936 734 1969 efficere
755 1940 883 1979 potest,
906 1937 973 1971 nisi
995 1938 1147 1972 studium
1173 1942 1207 1973 et
1234 1950 1291 1974 ars
1314 1939 1477 1983 accedat,
1509 1926 1590 1972 eum
1611 1940 1768 1983 eloquen-

403 2002 473 2031 tem
497 1996 645 2038 dixeris3
672 1997 716 2029 cf.
741 1996 815 2030 Cic.
838 1996 881 2030 de
903 1997 1000 2031 Orat.
1025 1998 1054 2038 Ι,
1076 1998 1131 2036 21,
1153 1997 1209 2034 94.
1233 1999 1330 2034 Orat.
1352 1998 1389 2043 5,
1413 1998 1469 2033 18.
1488 1997 1684 2032 Doederlin.
1700 1998 1767 2042 Sy-

404 2067 581 2100 nonymm.
605 2057 680 2090 Lat.
703 2056 779 2089 Vol.
802 2056 859 2091 Ν.
890 2067 924 2099 p.
947 2056 991 2090 14
1016 2069 1089 2101 sqq.
1121 2059 1275 2102 Herzog.
1309 2059 1354 2092 ad
1386 2058 1474 2094 Sall.
1496 2058 1597 2092 Catil.
1621 2057 1711 2099 LIII,
1734 2057 1770 2091 3.

406 2127 440 2160 p.
462 2115 542 2150 332.
566 2115 745 2149 Daehnius
776 2116 819 2148 ad
851 2115 936 2159 Nep.
968 2117 1090 2160 Epam.
1113 2129 1143 2151 c.
1169 2119 1218 2160 V,
1241 2118 1277 2152 1.
1298 2137 1343 2144 —-
1379 2117 1638 2163 Composita
1661 2117 1771 2150 oratio

406 2186 496 2219 quae
518 2175 562 2210 sit
576 2200 588 2217 ‚
619 2174 690 2209 iam
722 2174 871 2209 diximus
893 2176 938 2210 ad
966 2175 1041 2210 Cat.
1065 2177 1121 2220 hl,
1143 2177 1178 2211 9.
1202 2197 1247 2204 —-
1285 2179 1448 2220 Abunde,
1480 2175 1570 2222 quod
1593 2186 1673 2209 cum
1688 2178 1772 2218 fore

409 2236 515 2269 verbo
549 2234 825 2277 coniungentium
855 2238 908 2268 est
931 2235 991 2278 (v.
1012 2236 1056 2270 ad
1078 2237 1154 2281 lug.
1186 2238 1261 2281 vn,
1287 2237 1322 2271 6.
1346 2239 1435 2281 xlv,
1458 2237 1546 2279 11.),
1569 2228 1774 2271 Gerlachius
1808 2250 1811 2252 ·

408 2305 592 2338 perperam
621 2295 728 2327 refert
755 2294 799 2328 ad
822 2296 1038 2338 facundam,
1070 2296 1127 2330 cui
1159 2296 1211 2330 rei
1243 2299 1278 2331 et
1300 2298 1485 2331 verborum
1508 2294 1689 2330 collocatio
1710 2290 1774 2330 obd

410 2357 498 2396 stat,
529 2358 564 2387 et
596 2353 672 2396 ipsa
703 2364 820 2388 sensus
854 2358 988 2390 natura.
1013 2369 1056 2379 -—
1092 2356 1142 2388 In
1173 2367 1332 2391 maxumo
1363 2362 1476 2391 vostro
1508 2355 1666 2398 beneficio
1697 2354 1723 2388 i.
1742 2366 1773 2391 e.

413 2425 519 2457 quum
552 2424 758 2447 maxumum
790 2415 997 2448 beneficium
1028 2414 1116 2448 mihi
1139 2417 1371 2457 contuleritis3
1395 2427 1429 2451 v.
1451 2416 1496 2451 ad
1516 2427 1546 2449 c.
1569 2415 1695 2454 XXXI,
1718 2414 1774 2448 24.

415 2473 620 2515 Beneficium
650 2476 763 2506 autem
795 2473 959 2518 intelligit
989 2475 1223 2516 consulatum,
1256 2480 1295 2510 ut
1317 2487 1420 2520 supra
1448 2479 1481 2519 §-
1504 2475 1540 2509 ὅ.
1562 2493 1607 2500 ·-
1630 2475 1699 2509 Pro
1722 2485 1776 2508 me

415 2543 538 2576 vosque
560 2533 595 2564 in
620 2533 721 2566 Rem.
747 2533 781 2568 2.
815 2537 849 2567 et
879 2534 982 2568 Bern.
1006 2534 1041 2568 1.
1074 2538 1125 2568 est
1153 2546 1272 2586 meque
1294 2546 1438 2580 vosque,
1469 2534 1561 2578 quod
1582 2533 1678 2567 haud
1700 2543 1775 2567 ma—

415 2592 491 2625 lum
513 2590 651 2634 quidem
674 2594 726 2624 est
749 2592 799 2634 (v.
823 2592 868 2626 ad
892 2593 936 2634 X,
959 2593 1012 2637 2.)
1027 2617 1037 2635 ‚
1059 2594 1118 2627 sed
1141 2605 1210 2627 uon
1234 2597 1322 2637 tale,
1353 2599 1392 2630 ut
1412 2595 1580 2640 vulgatae
1601 2593 1778 2636 praefera—

417 2654 485 2685 tur.
509 2669 552 2675 —
575 2644 731 2684 Reticere
753 2662 833 2685 cum
855 2652 988 2686 maiore
1019 2651 1055 2685 vi
1076 2652 1207 2686 dictum
1238 2662 1343 2695 quam
1363 2657 1498 2692 tacere,
1527 2653 1701 2698 signifieat
1723 2658 1779 2687 ta—

423 2709 528 2744 cendo
543 2719 605 2751 ea,
628 2720 716 2752 quae
737 2709 880 2745 dicenda
902 2715 1021 2753 eraut,
1044 2713 1191 2747 retinere
1212 2716 1248 2747 et
1267 2712 1367 2755 quasi
1387 2713 1588 2757 κρήνεια-6,·
1609 2714 1654 2747 cl'.
1676 2723 1782 2758 cupra
