1826 3276
455 181 815 224 IUGURTHA.
887 178 1026 224 CAP.
1058 179 1142 222 CV.
1400 185 1484 226 569

89 299 247 344 missus
285 315 390 344 cum
424 299 655 360 praes-idio
691 298 890 358 equitum
935 303 1072 358 atque
1106 296 1334 359 peditum,
1379 300 1488 344 item

87 396 366 442 funditorum
409 397 695 451 Balearium;
752 400 992 456 praeterea
1036 396 1130 440 iere
1183 397 1398 458 sagittarii
1444 404 1489 442 et

89 493 252 540 cohors
296 495 488 556 Peligna
534 510 637 540 cum
680 493 936 537 velitaribus
973 493 1134 550 armis,
1175 494 1340 539 itineris
1374 510 1489 556 pro-

87 592 279 653 perandi
319 608 503 650 caussa,
547 606 695 650 neque
741 589 810 635 his
851 605 980 635 secus
1030 596 1168 650 atque
1213 592 1307 636 aliis
1355 594 1488 638 armis

89 689 331 747 advorsum
364 690 455 735 tela
489 689 732 746 hostiums
760 687 886 748 quod
922 703 977 732 ea
1017 687 1135 733 levia
1171 695 1286 749 sunt,
1321 691 1486 737 muniti.
1555 741 1570 749 ‚

85 835 151 869 mit
173 835 468 872 unbeschninkter
496 835 692 870 Vollmacht
714 833 972 869 unterhandeln
1006 835 1156 877 Ιεὸππίες
1186 846 1272 870 nam
1296 837 1491 874 arbitratus

85 895 217 932 dicitur
240 897 284 931 de
306 897 423 933 libera
445 909 566 932 rerum
589 895 826 942 gerendarum
849 898 1035 940 potestate,
1058 896 1163 931 nullis
1188 897 1318 932 finibus
1339 899 1491 934 circum—-

84 957 236 1003 scripta,
259 963 320 994 aut
342 959 435 996 atius
458 960 640 994 voluntate
663 956 855 1002 impedita3
890 956 936 990 cf.
962 956 1040 991 Liv.
1063 958 1227 1000 XXXIV,
1252 958 1309 1000 44,
1333 959 1368 995 2.
1422 961 1490 996 Ver

84 1029 223 1054 sacrum
256 1020 300 1054 de
335 1021 474 1067 integro
498 1020 707 1065 faciendum
755 1019 999 1053 arbitratu
1028 1019 1231 1063 pontificum
1270 1029 1488 1059 censuerunt.

84 1077 288 1124 xxxvm,
321 1082 391 1125 11,
421 1082 457 1118 6.
507 1083 651 1116 Obsides
683 1080 927 1128 quadraginta
959 1080 1221 1115 arbritratur
1244 1084 1394 1118 consulis
1419 1084 1490 1119 Ro-

85 1143 184 1178 mam*
210 1143 307 1179 dato.
343 1140 438 1178 'Hoc
458 1142 570 1189 igitur
591 1144 756 1178 Bocchus
781 1140 978 1188 postulavit
1000 1151 1022 1176 a
1046 1141 1178 1183 Mario,
1202 1144 1243 1176 ut
1264 1155 1328 1187 per
1349 1144 1489 1180 Sullam

85 1209 184 1240 certa
202 1217 276 1251 pas·
299 1206 484 1240 convenire
504 1210 643 1250 posset,
666 1216 755 1240 neve
778 1203 999 1240 condiciones
1021 1201 1110 1236 huic
1131 1206 1300 1249 acceptae
1323 1209 1445 1250 postea
1465 1219 1490 1243 a

85 1265 175 1310 duce
196 1267 360 1302 Romano
384 1266 682 1311 improbarentur.
1239 1252 1242 1253 ⁷

178 1328 213 1370 §-
236 1328 270 1363 2.
316 1329 402 1363 item
418 1328 666 1372 funditorum]
715 1328 825 1369 Item,
858 1325 951 1370 quod
978 1327 1098 1359 tenent
1133 1323 1212 1359 Vin.
1237 1325 1272 1360 2.
1305 1326 1420 1363 Paris.
1447 1330 1488 1364 A.

86 1387 120 1422 Ι).
146 1388 236 1422 Tur.
272 1387 307 1422 1.
340 1387 446 1422 Bern.
478 1389 600 1422 Goerl.
634 1388 756 1423 Berol.
790 1387 823 1422 1.
847 1386 898 1428 2.,
929 1386 965 1420 ἰιι
989 1389 1124 1420 textum
1150 1387 1362 1432 recepimus,
1386 1401 1490 1426 sensu

84 1447 136 1483 ita
164 1447 362 1494 flagitante.
410 1448 502 1484 Nam
527 1449 602 1483 sine
624 1448 693 1484 ista
716 1447 895 1493 particula
919 1458 1023 1482 voces
1052 1447 1160 1490 fund.
1185 1447 1266 1482 Bal.
1290 1460 1355 1493 pro
1378 1461 1490 1495 appo-

85 1510 210 1547 sitione
238 1512 399 1556 peda‘tum
431 1512 616 1546 habendae
646 1514 746 1554 sunt,
781 1509 874 1553 quod
898 1519 966 1543 non
990 1508 1106 1542 solum
1129 1518 1263 1553 magna
1285 1509 1415 1551 duritie
1437 1512 1491 1546 la-

86 1571 202 1614 borat,
224 1572 284 1606 sed
306 1572 416 1607 etiam
439 1572 578 1607 dicendi
602 1572 682 1606 usui
703 1574 900 1617 repugnat;
923 1570 1061 1614 pedites
1092 1570 1187 1604 enim
1211 1572 1380 1616 equitibus
1405 1572 1490 1607 sim-

86 1633 226 1678 pliciter
258 1633 412 1678 oppositi
440 1634 689 1678 intelliguntur
712 1644 848 1677 semper
871 1631 978 1677 gravi
1001 1635 1182 1665 armatura
1203 1634 1353 1674 utentes,
1378 1645 1492 1677 neque

87 1694 280 1733 verisimile
312 1698 382 1738 est,
417 1695 632 1740 praesidium
657 1695 780 1729 Sullae
801 1693 936 1728 'datum
971 1692 1076 1736 plane
1099 1691 1254 1726 caruisse
1275 1691 1338 1727 illo
1361 1693 1492 1728 robore

89 1756 260 1792 exercitus
290 1757 457 1792 Romani.
517 1758 636 1802 Quam
668 1756 773 1791 facile
795 1766 890 1804 ¹vero
932 1754 1016 1789 item
1047 1756 1226 1797 postrema
1256 1754 1492 1789 antecedentis

87 1818 188 1859 vocis
210 1822 309 1863 parte
332 1819 420 1853 itum
443 1817 624 1853 absorberi
647 1817 814 1863 potuerit,
838 1815 951 1850 cuivis
974 1815 1011 1850 in
1040 1816 1160 1850 oculos
1183 1814 1490 1850 incurrit.—Ba—

90 1881 239 1917 lentium
254 1883 359 1915 ¹recte
392 1884 486 1915 tenet
518 1879 662 1914 Fabric.
692 1879 727 1914 1.
764 1883 801 1912 et
845 1878 981 1922 aliquot
1005 1877 1158 1911 Manutii
1191 1877 1349 1919 codices3
1380 1889 1492 1922 prope

89 1941 224 1976 accedit
253 1941 428 1986 scriptura
463 1941 545 1977 Seu.
569 1942 603 1976 1.
636 1939 755 1974 Guelf.
780 1939 815 1976 3.
839 1942 874 1974 et
892 1939 926 1973 6.
951 1938 1012 1983 qui
1034 1939 1167 1973 habent
1190 1939 1407 1980 Balearum,·
1431 1949 1492 1978 effi

89 2002 156 2037 teri
180 2014 364 2048 perperam
395 2004 562 2038 exhibent
600 2003 852 2042 Baleatornm,
886 2001 978 2034 unde
1002 2000 1175 2034 Gruterus
1212 1999 1375 2043 imperite
1404 1998 1491 2034 fecit

90 2064 346 2100 Baleariorum.
394 2066 565 2109 Baleares
591 2064 701 2098 fuisse
723 2063 916 2097 funditores
940 2063 1046 2107 longe
1068 2059 1297 2106 peritissimos
1319 2060 1405 2095 satis
1427 2072 1491 2095 no-

90 2130 165 2161 tum
197 2130 267 2170 est;
301 2127 349 2162 cf.
382 2127 482 2161 Caes.
514 2126 558 2160 Β.
594 2126 638 2160 G.
675 2126 721 2167 11,
751 2124 786 2159 7.
812 2123 874 2158 ubi
899 2135 933 2158 v.
961 2125 1118 2168 Herzog.
1144 2123 1240 2157 Flor.
1266 2123 1327 2166 111,
1349 2121 1384 2157 8.
1412 2122 1489 2157 Liv.

92 2189 252 2230 XXVIII,
274 2186 335 2231 37,
365 2188 400 2223 6.
431 2207 477 2214 —-
511 2189 587 2222 Iere
620 2170 699 2232 post
724 2191 914 2232 praetcrea
945 2185 1094 2219 editores
1125 2183 1337 2218 recentiores
1370 2194 1492 2219 omnes

92 2250 306 2293 omiserunt,
336 2260 404 2284 non
434 2249 520 2284 satis
549 2248 654 2294 gravi
687 2249 731 2282 de
762 2258 907 2289 caussa,
940 2258 1021 2281 cum
1046 2246 1082 2280 iu
1107 2245 1268 2280 omnibus
1292 2245 1366 2278 fere
1391 2245 1493 2280 codd.

92 2312 258 2357 legatur,
285 2317 320 2346 et
349 2322 419 2345 non
449 2310 518 2345 nisi
546 2311 584 2345 iu
616 2320 686 2344 uno
708 2308 821 2350 Rivii,
846 2319 916 2342 uno
940 2307 1022 2342 Aldi
1046 2306 1209 2348 Manutii,
1234 2306 1354 2341 Guelf.
1378 2305 1436 2340 10.
1461 2309 1497 2340 et

93 2372 206 2408 Paris.
230 2364 272 2407 A.
294 2372 404 2415 desit,
436 2383 479 2407 ae
502 2373 623 2407 locum
646 2371 683 2406 iu
713 2370 826 2406 Paris.
857 2371 899 2404 E.
923 2373 959 2404 et
982 2369 1070 2403 Tur.
1097 2368 1130 2402 1.
1154 2371 1278 2411 mutet,
1306 2379 1396 2412 quae
1420 2367 1494 2401 dis-

93 2434 295 2479 crepantiae
323 2445 516 2479 paucorum
546 2434 740 2475 librorum,
774 2431 853 2467 aliis
886 2431 1106 2475 corruptelae
1138 2429 1267 2464 caussis
1299 2433 1334 2463 et
1355 2427 1496 2462 iudiciis

94 2507 164 2531 uon
187 2496 443 2540 accedentibus,
463 2507 534 2530 nou
557 2496 677 2530 valent
700 2495 744 2529 ad
768 2494 981 2528 vocabulum
1007 2491 1268 2532 damnandum3
1293 2488 1495 2533 ceteroquin

95 2557 191 2592 euim
210 2544 382 2603 ⁴plurima
414 2557 537 2591 eodem
569 2556 647 2590 iure
679 2556 848 2591 eiicienda
880 2556 1003 2590 esseut.
1052 2552 1106 2586 Ad
1137 2552 1211 2586 iere
1242 2554 1374 2594 autem,
1399 2549 1497 2594 quod

95 2619 187 2654 nude
216 2619 369 2664 positum
400 2619 550 2652 fortasse
583 2619 760 2662 offendat,
800 2618 910 2653 facile
939 2626 982 2648 ex
1014 2613 1296 2648 antecedentibus
1329 2612 1497 2657 suppleas

97 2692 175 2716 eum
199 2692 238 2715 co
260 2692 310 2715 sc.
335 2681 446 2715 Sulla.
473 2699 516 2705 -
556 2681 713 2715 Cohortis
739 2679 910 2724 Pelignae
933 2674 1064 2710 mentio
1087 2673 1195 2709 etiam
1219 2677 1270 2708 est
1292 2673 1388 2718 apud
1418 2671 1497 2706 Liv.

92 2742 208 2784 XXV,
231 2741 290 2777 14.
312 2745 348 2777 et
370 2742 492 2784 XLIV,
517 2741 576 2775 40.
599 2761 645 2766 —
679 2741 781 2785 Quae
811 2740 1002 2784 sequuntur
1031 2736 1141 2771 verba
1173 2747 1215 2770 eo
1243 2732 1397 2768 consilio
1419 2735 1499 2766 sunt

99 2802 238 2847 addita,
271 2806 311 2838 ut
338 2803 562 2849 intelligatur
585 2801 754 2847 Pelignus
786 2811 854 2835 non
878 2802 1044 2835 consueta
1067 2808 1168 2833 arma
1193 2795 1344 2842 gessisse
1367 2794 1499 2839 (vulgo
