1826 3276
415 209 780 255 IUGURTHA.
845 210 972 256 CAP.
1001 210 1214 256 LXXIX.
1436 217 1522 259 417

126 326 268 373 humo
305 326 533 386 excitavit,
580 344 636 374 ea
668 343 836 390 magna
877 328 923 374 vi
957 327 1127 389 agitata
1163 343 1244 374 ora
1272 330 1520 390 oculosque

126 425 318 486 implere
368 426 506 481 solet3
550 427 612 471 ita
656 431 906 487 prospectu
950 426 1172 486 impedito
1218 428 1383 478 morari
1420 428 1516 474 iter.

125 521 374 583 Postquam
426 522 706 583 Cyrenenses
752 523 977 581 aliquanto
1028 524 1315 584 posterioresx
1356 541 1404 571 se
1448 525 1552 573 xri-7

124 683 247 718 rietur.
294 682 364 718 Sed
387 672 423 717 in
445 686 610 728 promptu
634 685 686 717 est
704 683 771 718 has
794 694 930 730 nugas,
952 694 1038 728 quas
1057 695 1122 727 pro
1147 684 1304 720 doctrina
1327 686 1520 733 venditant,

123 753 148 778 a
178 743 297 778 ieiuna
333 743 596 787 comparatione
629 743 763 779 latinae
796 744 959 779 dictionis
993 755 1075 778 cum
1106 746 1314 790 germanica
1348 747 1521 790 profectas

122 815 208 839 esse.
255 805 348 840 Nam
381 804 510 847 latina,
543 808 583 840 ut
613 816 678 849 par
710 807 781 846 est,
811 816 875 850 per
907 816 946 839 se
974 809 1151 849 spectata,
1174 805 1265 840 nihil
1290 818 1431 850 prorsus
1456 811 1520 851 est,

66 889 76 893 «
120 866 214 910 quod
235 866 415 911 passivam
438 870 644 911 potestatem
667 867 806 915 proflat.
842 866 982 911 Quippe
1004 877 1095 910 quae
1114 865 1303 901 Saliustius
1327 869 1520 916 gignentia

122 925 208 960 dicit
240 938 348 970 quum
381 926 434 962 ita
466 930 673 972 comparata
706 926 791 970 sint,
835 931 875 962 ut
905 927 978 962 alia
1009 927 1164 961 eiusdem
1202 928 1342 974 generis
1371 941 1413 981 οἷς
1444 941 1520 965 sese

122 985 294 1032 gignant,
327 997 418 1031 quae
449 992 532 1023 nata
565 991 687 1033 suapte
710 988 747 1022 vi
772 991 951 1031 crescant,
984 993 1206 1034 augeantur,
1238 993 1273 1024 et
1304 1002 1427 1026 rursus
1461 991 1519 1037 gi-

77 1092 83 1097 ·
117 1047 247 1093 gneudi
271 1047 477 1084 facultatem
499 1049 665 1092 habeant,
688 1050 768 1084 luce
784 1049 914 1084 clarius
937 1053 1002 1093 est,
1023 1061 1066 1084 ea
1089 1049 1295 1097 significari,
1320 1062 1413 1096 quae
1436 1063 1517 1087 ver-

119 1108 248 1143 nacula
281 1120 448 1144 vocamus
483 1111 678 1156 organis
689 1111 766 1146 che
802 1111 957 1156 Κὸτρεν,
991 1111 1118 1156 quibus
1141 1123 1232 1157 quae
1255 1113 1415 1157 opposita
1437 1117 1518 1150 sunt

119 1165 330 1215 ἆνόργανα,
361 1173 530 1215 tanquam
562 1171 728 1210 inferiore
761 1173 876 1218 gradu
898 1173 1089 1215 collocata,
1114 1175 1150 1207 et
1170 1163 1235 1208 iila
1256 1173 1424 1219 gignendi
1446 1175 1516 1210 vir-

118 1234 195 1266 tuto
219 1234 256 1266 et
278 1231 402 1266 ceteris
425 1242 506 1265 cum
528 1231 600 1265 hac
622 1232 816 1268 coniunctis
841 1236 983 1276 carent3
1007 1234 1053 1270 cf.
1078 1234 1172 1269 infra
1195 1246 1226 1269 c.
1251 1235 1375 1278 xcm,
1400 1235 1435 1271 4.
1467 1237 1516 1272 Et

112 1294 210 1338 forte
231 1292 270 1326 in
293 1303 332 1327 eo
366 1293 438 1326 loco
462 1293 611 1338 grandis
642 1294 710 1329 ilex
742 1295 924 1330 coaluerat
954 1295 1047 1330 inter
1078 1307 1187 1340 saxa,
1222 1297 1382 1340 paullum
1415 1297 1516 1333 modo

114 1364 253 1399 prona,
285 1353 412 1388 deinde
427 1355 526 1398 flexa
550 1358 655 1399 atque
678 1360 827 1390 aucta
859 1356 906 1390 in
942 1355 1276 1399 altitudinem,
1300 1369 1366 1402 quo
1390 1364 1515 1393 cuncta

117 1414 408 1461 gignentium
439 1418 573 1450 natura
598 1418 685 1459 fert.
734 1414 901 1450 Nostrum
933 1416 1052 1450 locum
1085 1414 1244 1451 imitatus
1266 1421 1319 1452 est
1341 1418 1515 1464 Hegesip-

115 1486 181 1520 pus
203 1475 273 1516 lv,
296 1474 354 1511 16.
408 1476 494 1510 Urbs
526 1477 667 1512 condita
701 1477 738 1511 in
772 1486 910 1522 campo,
944 1476 1000 1510 cui
1021 1476 1252 1521 supereminet
1282 1490 1382 1514 mons
1406 1478 1514 1525 diffic-

117 1536 188 1570 eior
222 1540 257 1571 et
287 1536 434 1571 nudus
473 1537 797 1583 gignentium3
827 1539 918 1572 unde
950 1540 1047 1582 patet
1068 1537 1260 1583 gignentia
1286 1539 1443 1575 maxime
1471 1541 1515 1576 de

119 1596 307 1632 arboribus
329 1600 365 1631 et
387 1596 575 1632 fruticibus
598 1598 777 1645 intelligi,
801 1602 1019 1644 qua‘mquam
1042 1599 1243 1635 animantia
1267 1600 1386 1635 omnia
1407 1600 1515 1636 simul

116 1657 187 1692 hac
217 1668 307 1692 voce
329 1659 680 1702 comprehenduntur.
727 1661 822 1705 Quin
845 1661 887 1696 ea
909 1661 986 1695 sola
1008 1659 1224 1705 significavit
1254 1661 1448 1706 Appuleius
1470 1662 1514 1697 de

118 1717 242 1753 flabit.
266 1718 377 1753 doctr.
411 1720 504 1754 Plat.
528 1720 559 1756 1.
589 1733 624 1766 p.
647 1721 684 1756 6.
717 1722 772 1756 ed.
795 1722 956 1756 Elmeuh.
1005 1721 1170 1756 Animam
1193 1733 1274 1756 vero
1305 1724 1513 1758 animan-

61 1790 64 1793 *
119 1779 235 1815 tium
258 1780 410 1814 omnium
435 1792 504 1814 non
527 1793 725 1827 corpoream
751 1794 769 1818 e
805 1794 846 1828 e,
877 1794 939 1817 nec
962 1793 1047 1817 sane
1067 1784 1285 1828 perituram,
1309 1795 1413 1829 quum
1437 1796 1513 1818 cor-

116 1851 203 1886 pore
234 1841 348 1885 fuerit
387 1840 569 1884 absoluta,
611 1828 775 1878 omniurn¹
865 1844 1176 1890 gignentium
1219 1855 1291 1879 esse
1332 1845 1513 1880 seniorem.

118 1901 190 1937 Sed
223 1913 348 1936 vocem
377 1901 580 1947 augustiore
612 1904 678 1939 illo
711 1915 814 1939 sensu
847 1905 1054 1950 plerumque
1088 1910 1296 1951 usurpatam
1320 1906 1450 1950 fuisse,
1479 1909 1515 1942 et

118 1962 280 1998 Sallustii
306 1962 375 1998 loci
408 1964 611 2009 ostendunt,
644 1969 680 2001 et
701 1966 828 2010 probat
850 1977 933 2000 usus
954 1966 1188 2011 posteriorum
1210 1966 1446 2011 scriptorum,
1475 1971 1515 2003 ut

118 2024 277 2060 nectant.
299 2024 344 2061 de
373 2025 431 2059 Ira
454 2024 521 2059 Dei
544 2026 581 2070 1,
600 2025 659 2061 13.
715 2025 825 2074 Aiunt
859 2027 948 2062 enim
971 2028 1085 2062 multa
1113 2039 1184 2063 esse
1208 2030 1245 2062 in
1266 2028 1513 2075 gignenti-

120 2084 203 2119 bus
234 2088 268 2119 et
298 2084 338 2119 in
373 2097 515 2121 numero
551 2088 856 2131 animalium,
893 2100 1037 2133 quorum
1069 2089 1183 2124 adhuc
1214 2090 1328 2125 lateat
1362 2090 1512 2125 utilitas.

60 2141 64 2147 ”
106 2145 257 2183 ,Eadem
279 2157 320 2180 re
342 2146 389 2180 ab
412 2146 540 2182 effectu
562 2153 718 2197 spectata
742 2148 922 2184 Vitruvius
945 2151 1127 2185 nascentia
1150 2150 1247 2192 dicit,
1272 2161 1362 2194 quae
1385 2162 1407 2185 a
1430 2150 1510 2185 Sa!-

120 2204 226 2241 lustio
248 2206 438 2256 gignentia
461 2214 651 2252 vocantur3
683 2210 728 2246 ct'.
760 2210 807 2254 V,
833 2210 866 2247 1.
918 2211 998 2245 Non
1030 2212 1143 2247 minus
1175 2223 1281 2257 quam
1306 2213 1414 2266 etiarn
1437 2224 1512 2247 na-

119 2267 340 2302 scentium
363 2267 497 2313 oportet
517 2271 650 2305 imitari
669 2276 849 2315 naturam,
873 2277 912 2307 nt
930 2273 965 2306 in
989 2273 1240 2308 arboribus
1262 2274 1440 2311 teretibus.
1463 2273 1512 2309 id.

100 2321 212 2371 .vl11'‚
235 2328 270 2363 1.
318 2329 358 2363 Si
383 2329 602 2366 invenientur
630 2334 893 2377 nascentia,
925 2335 1040 2370 tenuis
1069 2335 1258 2378 iuncus,
1288 2336 1418 2370 sali-r
1447 2347 1513 2371 er-

119 2390 292 2425 ratica.
316 2410 362 2416 —
395 2391 540 2426 coortus
562 2393 656 2427 male
683 2392 720 2427 in
743 2393 918 2430 nonnuliis
949 2395 1049 2430 codd.
1074 2396 1302 2440 depravatum
1323 2399 1375 2430 est
1395 2394 1433 2429 in
1455 2407 1513 2430 or-

120 2454 178 2486 tas
199 2450 258 2485 vel
290 2455 451 2492 exortu83
484 2463 568 2486 nam
603 2465 668 2488 usu
692 2455 827 2498 valuit,
860 2460 900 2490 ut
922 2456 1054 2490 coorior
1078 2467 1189 2500 paene
1211 2454 1411 2501 legitimum
1434 2467 1513 2490 ver-

119 2510 206 2546 bum
228 2509 275 2546 sit
296 2511 340 2546 do
363 2512 475 2547 ventis
498 2516 532 2547 et
555 2516 829 2558 tempestatibus,
863 2518 917 2551 Ct'.
942 2517 1204 2552 Drakenborch.
1230 2516 1274 2551 ad
1299 2516 1375 2551 [aiV.
1399 2517 1428 2558 1,
1453 2516 1512 2561 16,

122 2570 158 2606 l.
191 2571 311 2606 Subito
344 2579 463 2608 coorta
486 2579 686 2619 tempestas.
720 2577 796 2619 XL,
819 2578 858 2621 2,
884 2578 918 2614 1.
941 2578 990 2613 ib.
1015 2589 1045 2612 c.
1069 2577 1127 2620 45,
1145 2578 1181 2613 2.
1204 2578 1301 2613 Caes.
1326 2579 1372 2613 B.
1398 2579 1441 2613 G.
1467 2579 1510 2623 V,

122 2629 181 2672 1⁰,
203 2631 238 2668 2.
265 2631 312 2668 id.
335 2633 378 2667 B.
405 2634 444 2670 C.
469 2635 506 2678 1,
530 2635 596 2679 48,
617 2637 650 2671 1.
699 2637 845 2673 Praeter
877 2639 966 2674 haec
997 2640 1156 2684 exempla
1191 2639 1330 2674 Cottius
1354 2637 1525 2675 laudavit*

123 2690 214 2726 min.
238 2693 283 2727 H.
299 2693 344 2728 N.
366 2694 411 2736 11,
436 2694 494 2737 48,
517 2696 594 2733 init.
616 2697 712 2733 Flor.
734 2699 779 2740 11,
803 2700 838 2742 6,
863 2699 921 2736 45.
945 2699 1044 2746 Virg.
1064 2700 1195 2746 Georg.
1220 2700 1389 2744 111‚.478.
1427 2701 1512 2735 Inde

121 2755 218 2797 patet
248 2755 371 2789 cooriri
394 2767 469 2791 esse
501 2769 582 2792 cum
616 2759 654 2793 vi
685 2771 816 2806 magna
853 2765 888 2797 ot
920 2761 1142 2798 vehementia
1161 2761 1248 2798 oriri
1271 2762 1328 2796 vel
1351 2760 1510 2805 excitari,

124 2823 216 2857 quae
238 2815 334 2851 notio
351 2817 450 2852 abest
471 2828 493 2852 a
518 2814 672 2865 simplici
697 2821 816 2855 verbo.

131 2887 146 2899 ·
194 2885 249 2932 11.
704 2957 705 2960 Ἴ
871 2893 874 2895 ·
1167 2894 1234 2939 2ῖ
