1826 3276
394 171 479 211 134
757 165 802 209 G.
831 163 1148 210 SALLUSTI
1176 166 1395 212 CRISPI

397 279 701 333 circumsedit,
749 279 884 323 vineis
918 279 1196 339 turribusque
1230 288 1276 327 et
1307 281 1521 329 machinis
1564 285 1762 329 omnium

400 389 616 437 generum
667 388 925 434 expugnare
982 376 1244 434 aggreditur
1257 409 1270 433 ,
1315 391 1518 423 maxume
1553 380 1761 424 festinans

400 478 579 528 tempus
624 469 874 528 legatorum
913 475 1200 529 antecapere,
1246 485 1358 529 quos
1402 478 1503 524 ante
1543 475 1762 532 proelium

402 566 569 610 factum
633 564 692 608 ab
743 564 1003 621 Adherbale
1070 556 1263 610 Romam
1315 567 1472 612 missos
1525 566 1761 616 audiverat.

402 742 442 776 C.
464 741 519 784 11,
542 741 576 775 2.
603 739 774 775 nmkenb.
799 739 842 773 ad
867 739 940 773 Liv.
965 740 1015 784 V,
1037 739 1082 783 7,
1105 740 1139 775 3.
1164 740 1256 785 Lips.
1279 741 1429 776 Poliorc.
1450 742 1477 776 1.
1500 741 1595 776 nial.
1617 741 1652 776 7.
1675 742 1766 776 Her-

400 812 480 846 zog.
513 802 557 835 ad
589 801 686 835 Caes.
707 799 752 832 B.
778 799 820 833 G.
853 799 909 841 ΙΙ,
935 800 991 834 12.
1016 801 1162 835 Daehne
1185 802 1229 835 ad
1251 801 1335 844 Nep.
1359 801 1449 835 Milt.
1474 812 1504 837 c.
1527 803 1609 844 Vll,
1635 801 1669 836 2.
1714 803 1767 836 De

401 862 552 896 turribus
582 861 655 905 egit
685 858 780 902 Lips.
818 859 842 892 Ι.
874 859 898 893 l.
926 858 970 893 Π.
1005 860 1098 894 nial.
1130 859 1164 894 4.
1196 861 1370 894 stewech.
1401 861 1447 894 ad
1477 861 1596 905 Veget.
1618 861 1686 902 lv,
1710 860 1766 895 17.

401 921 557 965 Herzog.
581 920 626 955 ad
648 920 744 954 Caes.
770 920 815 953 Β.
837 919 883 954 G.
907 919 989 960 vll,
1013 919 1070 953 17.
1095 931 1131 963 p.
1152 919 1233 953 4⁰⁰.
1277 921 1330 953 De
1352 919 1517 954 machinis
1538 919 1662 954 iisdem
1683 920 1768 954 locis

402 980 546 1022 dicitur3
591 980 635 1014 ad
665 989 724 1013 eas
754 979 922 1023 pertinent
942 978 1094 1020 arietes,
1134 979 1316 1021 ballistae,
1356 981 1570 1024 catapultae,
1607 980 1768 1022 musculi,

401 1039 618 1083 scorpiones,
643 1039 746 1072 aliae.
770 1057 812 1064 ——
842 1039 987 1082 Tempus
1009 1039 1202 1084 legatorum
1232 1045 1436 1084 antecapere
1465 1040 1587 1084 paullo
1621 1039 1768 1074 insolen-

402 1099 472 1134 tius
493 1099 623 1133 dictum
646 1097 803 1138 videtur-3
827 1108 944 1132 sensus
963 1101 1015 1132 est
1034 1097 1126 1132 enim
1149 1109 1188 1133 eo
1211 1104 1294 1134 tem
1302 1109 1408 1143 pore
1430 1100 1519 1142 uti,
1553 1101 1644 1146 quod
1676 1101 1770 1135 redi·

401 1164 475 1195 tum
498 1160 716 1204 legatorum,
747 1158 899 1191 Romam
931 1156 1114 1191 missorum
1127 1184 1136 1200 ,
1169 1159 1403 1200 antecederet,
1433 1159 1507 1192 sive
1535 1168 1638 1204 qnam
1661 1161 1770 1204 pluri-

401 1230 462 1253 ma
485 1223 567 1252 ante
589 1218 737 1252 reditum
761 1218 954 1263 legatorum
978 1228 1086 1262 agere
1109 1222 1142 1252 et
1163 1229 1302 1262 parare.
1329 1218 1372 1251 cf.
1396 1219 1472 1253 Cat.
1495 1219 1577 1262 ΙΝ,
1603 1221 1636 1254 1.
1659 1221 1772 1254 Muel—

403 1279 499 1312 lerus
529 1278 723 1322 legatorum
747 1288 811 1321 pro
835 1277 961 1322 legatis
983 1275 1113 1310 dictum
1135 1282 1252 1321 putat,
1276 1278 1368 1321 quod
1391 1279 1582 1313 obsoletam
1603 1283 1638 1314 ct
1667 1281 1772 1314 hodie

404 1338 449 1373 ab
482 1338 663 1379 omnibus,
696 1337 757 1380 qui
780 1336 902 1371 Latine
932 1335 1058 1378 sciunt,
1090 1337 1267 1381 explosam
1292 1338 1483 1372 doctrinam
1506 1340 1771 1384 gramnaticam

404 1399 485 1432 olet.
509 1416 554 1422 —
578 1398 629 1431 Ab
654 1401 734 1430 ante
759 1397 953 1430 Adherbale
976 1397 1022 1430 ab
1045 1397 1188 1432 Eccard.
1213 1397 1330 1432 Guelf.
1355 1396 1389 1431 4.
1412 1399 1519 1432 Fabr.
1549 1396 1583 1432 1.
1614 1403 1650 1433 et
1681 1395 1770 1444 Reg.

405 1457 518 1498 abest,
542 1467 628 1500 quos
652 1455 788 1490 Cortius
809 1466 991 1500 perperam
1015 1460 1066 1491 est
1088 1461 1244 1500 secutus3
1275 1469 1414 1501 prorsus
1436 1457 1528 1491 enim
1554 1458 1600 1492 ab
1623 1469 1686 1491 usu
1709 1459 1772 1493 bo-

405 1527 530 1552 norum
551 1516 758 1560 scriptorum
781 1514 947 1549 abhorret
969 1516 1139 1550 ablativus
1170 1517 1405 1560 instrumenti,
1435 1518 1480 1552 ad
1510 1517 1773 1561 significandum

406 1577 540 1620 aliquid
571 1588 595 1610 a
623 1587 771 1620 persona
796 1577 933 1618 factam
966 1586 1056 1618 esse,
1088 1576 1137 1610 ita
1171 1577 1331 1619 quidem,
1362 1580 1401 1611 ut
1430 1576 1526 1611 notio
1558 1578 1726 1621 auctoris,
1752 1588 1774 1612 a

407 1637 505 1671 cuius
522 1637 698 1670 voluntate
715 1638 748 1668 et
767 1634 910 1668 consilio
927 1633 1016 1667 illud
1035 1635 1276 1679 proficiscitur,
1300 1636 1462 1678 emineat,
1485 1643 1596 1679 neque
1616 1637 1775 1672 commit-

407 1698 547 1733 tendum
570 1699 641 1738 est,
663 1698 702 1729 ut
724 1694 890 1738 exemplis
912 1694 1037 1728 alienis
1059 1699 1119 1730 aut
1142 1696 1310 1740 corruptis
1339 1694 1562 1730 soloecismus
1593 1696 1776 1731 defenden-

408 1758 472 1792 dus
503 1755 719 1799 suscipiatur.
782 1754 872 1789 Nam
903 1755 993 1798 quod
1025 1755 1162 1790 Cottius
1191 1758 1356 1799 provocat
1383 1756 1428 1809 ad
1461 1756 1558 1790 Flor.
1584 1755 1623 1798 1,
1655 1756 1700 1800 1,
1741 1757 1774 1791 1.

410 1817 526 1851 Marte
555 1816 695 1861 genitus
725 1819 758 1850 et
796 1815 898 1849 Rhea
929 1815 1060 1857 Silvia,
1092 1827 1133 1850 ex
1161 1815 1351 1860 participiis
1375 1815 1504 1857 editus,
1527 1815 1684 1859 genitus,
1707 1819 1774 1851 etc.

409 1875 585 1912 ablativus
616 1876 712 1910 solus
743 1874 865 1918 pendet
887 1873 1064 1919 legitime,
1091 1887 1124 1912 v,
1149 1877 1289 1919 Zumpt.
1314 1875 1469 1909 Gramm.
1493 1874 1570 1908 Lat.
1592 1875 1627 1916 §-
1651 1875 1716 1918 74,
1741 1875 1775 1909 1.

410 1948 446 1982 p.
470 1935 549 1970 353.
574 1936 626 1970 etl.
650 1934 708 1968 lv.
732 1934 847 1968 Hand.
873 1933 916 1968 de
937 1934 1090 1968 Particc.
1112 1935 1189 1971 Lat.
1211 1935 1288 1968 Vol;
1310 1935 1338 1969 1.
1373 1945 1406 1978 p.
1436 1933 1494 1970 25.
1529 1933 1630 1977 Apud
1660 1935 1776 1970 lustin.

410 1998 448 2039 1,
470 1996 505 2030 2.
531 1994 567 2030 8.
582 2007 650 2028 non
672 1999 830 2028 contenta
854 1994 1104 2038 acquisitos
1125 1995 1227 2028 viro
1249 1995 1412 2028 terminos
1433 1993 1523 2028 tueri
1530 2004 1545 2034 ,·
1566 1993 1662 2037 viro,
1687 1996 1778 2038 quod

412 2055 552 2091 Cottius
582 2054 655 2098 ipse
682 2063 812 2098 negare
842 2064 911 2086 non
934 2063 1037 2086 ausus
1059 2056 1130 2097 est,
1155 2064 1217 2097 pro
1240 2053 1359 2087 dativo
1382 2053 1590 2087 babendum.
1637 2054 1676 2088 Iu
1698 2055 1778 2091 aliis

411 2114 501 2151 locis
522 2114 624 2149 lectio
646 2114 704 2148 vel
726 2125 795 2147 non
818 2113 901 2147 satis
924 2113 1105 2146 emendata
1126 2116 1176 2147 est
1207 2124 1249 2147 ex
1272 2113 1467 2156 codicibus,
1496 2113 1554 2147 vel
1576 2113 1681 2158 plane
1702 2125 1778 2149 cor-

413 2179 528 2220 rupta.
582 2175 637 2208 lta
665 2173 756 2217 apud
791 2172 996 2207 Suetonium
1027 2172 1159 2217 legitur
1188 2171 1225 2206 in
1256 2173 1354 2207 Caes.
1387 2185 1419 2208 c.
1451 2172 1517 2214 19,
1551 2173 1641 2210 med.
1662 2182 1779 2219 *opera

415 2233 727 2280 optimatibus
759 2232 873 2266 data
906 2237 976 2273 est,
1009 2232 1068 2265 ubi
1099 2232 1181 2266 boni
1204 2231 1302 2267 codd.
1326 2233 1457 2267 habent
1479 2233 1527 2266 ab
1548 2234 1778 2277 optimatibus,

417 2293 509 2338 quod
539 2293 662 2337 probat
691 2291 852 2326 Wolflus.
899 2290 968 2326 Sed
1000 2303 1042 2326 ex
1074 2293 1269 2327 coniectura
1290 2292 1345 2326 bis
1368 2293 1596 2327 emendandus
1619 2297 1671 2328 est
1692 2295 1778 2330 Vell.

417 2354 472 2396 11,
503 2352 573 2395 39,
605 2353 637 2387 1.
672 2351 806 2385 Gallias
826 2352 974 2396 primum
999 2352 1214 2394 Domitio,
1250 2352 1416 2394 Fabio,
1445 2357 1607 2397 nepote
1633 2354 1779 2397 Pauli,

418 2413 637 2453 intratos,
661 2411 722 2445 ubi
737 2411 963 2445 Ruhnkenius
984 2411 1042 2444 vel
1064 2423 1143 2445 cum
1166 2411 1255 2446 Aldu
1278 2422 1301 2444 a
1325 2411 1466 2452 Domit„
1488 2412 1544 2445 vel
1566 2422 1646 2447 eum
1664 2413 1780 2458 Lipsio

421 2471 537 2517 nepoti
558 2464 775 2505 scribendum
799 2474 923 2505 censet.
946 2470 993 2504 id.
1027 2471 1081 2513 11,
1114 2472 1180 2513 96,
1215 2472 1249 2506 2.
1274 2470 1397 2504 bellum
1418 2470 1667 2515 Pannonicum,
1691 2476 1781 2518 quod

418 2531 687 2566 inchoatam
725 2531 934 2575 Agrippa
971 2531 1210 2576 Marcoque
1251 2530 1433 2564 Vinicio
1452 2555 1463 2573 ,
1507 2541 1572 2574 per
1611 2532 1781 2567 Neronem

420 2596 555 2636 gestum
590 2595 660 2631 εει,-
697 2590 826 2623 dudum
863 2590 915 2624 ibi
945 2590 1099 2634 Lipsius,
1139 2591 1362 2625 casaubonus
1394 2592 1429 2623 et
1459 2590 1687 2626 Ruhnkenius
1728 2594 1780 2626 ab

422 2652 580 2696 Agrippa
610 2650 843 2694 reponendum
878 2661 952 2684 esse
979 2649 1185 2684 iudicarunt.
1239 2648 1315 2684 Non
1337 2648 1480 2683 maioris
1502 2651 1716 2688 auctoritatis
1739 2652 1782 2686 ad

423 2709 666 2744 stabiliendum
687 2709 880 2744 ablativum
903 2709 1000 2744 locus
1022 2713 1072 2745 est
1093 2709 1209 2744 Taciti
1229 2709 1348 2745 Annal.
1370 2709 1438 2752 111,
1459 2708 1506 2752 8,
1526 2709 1559 2745 3.
1584 2710 1783 2745 crediderim
