1826 3276
425 186 457 227 2
790 182 838 225 G.
866 181 1187 224 SALLUSTI
1217 181 1432 225 CRISPI

395 303 619 358 21·egatur.
689 297 805 340 Nam
848 301 998 338 contra
1036 295 1285 353 reputando
1319 295 1465 353 neque
1499 295 1638 339 maius
1671 295 1791 339 aliud

429 407 572 449 neque
607 379 910 449 praestabilius
943 389 1158 442 invenies,
1192 389 1420 449 magisque
1447 396 1628 434 naturae
1657 390 1790 434 indu-

395 486 578 531 Sstriam
610 483 836 528 hominum
871 498 1004 541 quam
1038 482 1126 526 va
1161 487 1235 526 aut
1268 488 1444 542 tempus
1477 485 1644 529 deesse.
1696 484 1792 530 Sed

426 636 550 671 merito
568 634 792 679 vituperavit,
815 645 922 678 quum
942 633 1009 669 ista
1026 633 1161 676 forma,
1184 633 1371 668 serim-ibus
1386 634 1612 678 concedenda,
1635 636 1793 672 Ciceroni

426 697 566 740 eiusque
588 696 790 740 aequalibus
813 696 914 739 plane
932 695 1095 729 inusitata
1110 694 1227 728 fuerit.
1273 694 1370 727 Idem
1397 695 1541 730 eandem
1561 707 1638 731 rem
1652 696 1795 731 uberius

425 758 622 800 persecutus
652 758 704 790 est
731 757 769 790 in
788 755 904 790 Iahnii
931 755 1063 789 Annall.
1089 754 1217 788 Philol.
1243 755 1278 788 et
1304 753 1458 798 Paedag.
1485 765 1518 791 a.
1537 755 1642 792 1826.
1673 757 1749 791 Vol.
1765 757 1792 793 1,

426 817 510 851 fasc.
526 816 559 850 2.
583 828 618 860 p.
639 815 733 855 301„
755 809 883 850 reiecta
901 814 1098 849 Gernhardi
1116 813 1293 853 sententia,
1317 813 1379 856 qui
1398 813 1443 847 ad
1457 814 1530 850 Cic.
1551 815 1648 851 lael.
1668 826 1698 851 c.
1716 817 1793 860 vn,

425 877 481 911 23.
506 876 598 911 etad
617 876 693 910 Cat.
712 876 762 909 M.
779 886 810 909 c.
829 875 891 917 XI,
911 873 970 910 35.
998 878 1180 917 utramque
1206 874 1356 907 sormam
1375 874 1517 916 probat,
1547 875 1689 909 aurium
1703 875 1793 909 iudi-

426 936 479 970 cio
495 939 528 970 et
554 934 806 979 perspicuitatis
824 946 925 969 sensu
951 933 1225 974 diiudicandum,
1249 932 1294 966 ad
1314 932 1425 967 Laelii
1440 943 1523 967 vero
1541 943 1574 968 c.
1594 933 1711 974 xvn,
1732 934 1791 970 63.

425 995 475 1030 ita
490 994 685 1040 distinguit,
717 997 756 1028 ut
773 994 948 1028 imbecillis
962 993 998 1027 vi
1016 992 1220 1027 substantivi
1246 991 1352 1035 poni,
1376 992 1562 1026 imbecillus
1577 995 1696 1027 autem
1716 996 1794 1028 tau-

426 1055 604 1089 tummodo
621 1054 827 1089 adiectivum
843 1063 918 1087 esse
933 1056 1080 1094 statuat3
1104 1063 1193 1096 quac
1210 1051 1376 1086 sententia
1403 1055 1438 1086 et
1453 1063 1515 1096 per
1535 1063 1572 1086 se
1591 1052 1718 1088 idonea
1734 1064 1793 1088 ra-

426 1117 518 1150 tione
534 1116 649 1156 caret,
687 1118 721 1149 et
740 1113 907 1148 similium
925 1113 1175 1147 vocabulorum
1191 1111 1390 1156 analogium
1405 1111 1512 1147 habet
1531 1117 1794 1158 repugnantem.

426 1175 471 1210 cl’.
487 1175 593 1209 etiam
612 1175 692 1209 Gar.
710 1173 826 1208 Beier.
847 1173 891 1208 ad
913 1172 984 1207 Cic.
1003 1173 1046 1206 de
1063 1172 1134 1207 off.
1153 1172 1206 1213 11,
1228 1169 1263 1213 Β,
1289 1170 1347 1205 29.
1370 1182 1405 1216 p.
1424 1172 1482 1207 61.
1503 1190 1551 1198 —-
1572 1174 1705 1207 Aevom
1717 1173 1742 1207 i.
1759 1184 1792 1207 e.

426 1237 562 1278 tempus
578 1233 622 1268 ad
640 1233 823 1268 vivendum
837 1243 1045 1274 concessum,
1066 1231 1138 1267 sive
1156 1236 1265 1273 aetas,
1289 1242 1356 1274 quo
1372 1242 1472 1266 sensu
1489 1230 1597 1266 etiam
1614 1233 1679 1266 alii
1693 1243 1792 1267 voca—

423 1294 507 1328 bulo
524 1297 676 1335 utuntur,
697 1295 794 1328 velut
808 1294 898 1329 ven.
919 1293 966 1334 11,
987 1289 1047 1333 89,
1064 1290 1098 1326 5.
1122 1290 1255 1325 Seneca
1273 1291 1337 1333 Ep.
1355 1290 1481 1333 XCIX,
1500 1294 1588 1327 extr.
1610 1289 1699 1327 Hor.
1719 1293 1792 1328 Sat.

423 1354 469 1394 11,
491 1353 526 1394 6,
547 1352 605 1388 97.
648 1353 758 1388 Recte
775 1357 891 1388 tamen
913 1351 1032 1387 Faber
1058 1350 1237 1394 observat,
1261 1360 1368 1385 aurea
1386 1353 1500 1385 aetate
1516 1352 1702 1396 scriptores
1725 1365 1793 1388 non

424 1422 622 1456 usurpasse,
656 1411 723 1446 nisi
741 1414 781 1446 ut
798 1411 910 1446 maius
929 1411 1103 1455 quoddam
1120 1411 1213 1445 vitae
1233 1410 1384 1454 spatium
1398 1409 1644 1456 significarent.
1689 1413 1794 1457 Quod

424 1471 533 1516 igitur
554 1474 677 1507 natura
693 1471 874 1506 hominum
903 1471 983 1507 aevi
1014 1471 1119 1506 brev
1131 1471 1172 1505 is
1192 1480 1267 1505 esse
1293 1469 1438 1514 dicitur,
1474 1469 1510 1505 id
1528 1471 1598 1506 hoc
1620 1471 1690 1507 sibi
1706 1473 1795 1514 vult‚‘

423 1531 529 1566 etiam
546 1531 783 1577 longissimam
798 1531 908 1566 vitam
926 1535 1043 1566 tamen
1057 1531 1198 1565 brevem
1219 1541 1304 1565 esse.

514 1594 547 1635 §.
568 1592 603 1628 2.
651 1592 746 1627 Nam
768 1595 887 1627 contra
907 1590 1099 1636 reputando
1119 1608 1166 1616 -—
1187 1588 1363 1632 invenies]
1391 1587 1519 1623 Contra
1540 1589 1680 1624 Cor-tius
1699 1591 1793 1625 male

424 1652 470 1687 ad
487 1652 638 1687 invenies
653 1651 794 1686 trahens
807 1650 905 1695 peius
919 1649 1026 1685 etiam
1037 1673 1049 1692 ,
1070 1653 1238 1693 tanquam
1254 1648 1506 1682 substantivum
1515 1648 1793 1693 &interpretatur

425 1712 699 1746 contrarium
728 1710 899 1752 invenies,
929 1709 1094 1753 exemplis
1116 1706 1334 1744 alienissimis
1360 1717 1453 1742 usus.
1497 1708 1576 1742 Non
1599 1713 1651 1744 est
1674 1714 1792 1746 antem

423 1782 509 1814 opus
525 1770 759 1805 demonstrare
784 1768 988 1803 adverbium
1011 1779 1086 1802 esse
1104 1767 1195 1810 quod
1210 1766 1382 1812 significet
1404 1779 1423 1802 e
1439 1768 1629 1810 contrario,
1657 1770 1733 1804 sive
1750 1783 1791 1805 ea:

424 1831 537 1865 altera
549 1834 673 1875 pam,-
705 1840 740 1864 v.
758 1829 936 1863 Handium
953 1828 997 1863 de
1008 1828 1154 1863 Particc.
1170 1827 1261 1862 Latt.
1283 1827 1358 1861 Vol.
1376 1827 1418 1863 Π.
1437 1839 1472 1872 p.
1490 1827 1570 1863 111.
1592 1829 1638 1871 n,
1656 1828 1691 1865 1.
1710 1832 1790 1866 con.

424 1902 457 1935 p.
480 1890 560 1924 122.
586 1889 620 1924 3.
644 1908 686 1915 -
711 1889 940 1934 Reprendo,
969 1887 1061 1931 quod
1081 1887 1225 1932 plurimi
1242 1885 1401 1920 viderunt
1421 1886 1699 1934 coniungendam
1716 1902 1792 1926 esse

425 1961 506 1984 cum
535 1949 709 1990 invenies,
741 1949 846 1982 iidem
866 1948 1014 1982 mirifice
1040 1949 1211 1981 commate
1229 1947 1273 1981 ab
1289 1958 1332 1981 eo
1349 1946 1587 1984 distinxerunt.
1631 1950 1792 1986 Ceterum

423 2021 493 2045 non
514 2021 593 2043 cum
619 2008 808 2044 Gerlachio
835 2006 1081 2051 explicaverim
1112 2017 1160 2040 re
1184 2007 1378 2041 accuratius
1401 2008 1690 2055 examinata,
1729 2012 1791 2045 sed

423 2071 553 2116 potius,
575 2070 606 2104 si
629 2074 789 2104 accurate
811 2069 963 2112 cogite„
986 2067 1071 2101 illud
1097 2066 1188 2100 enim
1214 2078 1424 2110 quamquam
1441 2079 1542 2102 sensu
1564 2079 1633 2103 non
1656 2071 1791 2104 malum

425 2134 496 2174 est,
522 2134 635 2165 tamen
655 2140 676 2164 a
694 2129 851 2174 gerundii
874 2130 1043 2173 potestate
1060 2127 1164 2161 nimis
1178 2131 1230 2161 est
1247 2128 1410 2165 alienum.
1432 2147 1480 2156 -·
1503 2129 1680 2173 Invenies,
1701 2131 1792 2174 quod

425 2190 608 2226 minimum
625 2189 770 2234 triginta
782 2187 879 2221 codd.
899 2190 1030 2230 tenent,
1064 2186 1254 2230 recepimus
1270 2199 1334 2232 pro
1351 2189 1496 2234 vulgato
1513 2189 1689 2234 invenias,
1711 2190 1792 2225 licet

425 2252 495 2286 hoc
520 2250 635 2285 cortic
661 2247 871 2294 elegantius,
907 2247 1095 2281 Gerlachio
1124 2247 1168 2281 ad
1192 2247 1261 2281 vim
1288 2249 1478 2283 sententiae
1501 2250 1792 2285 accommodatius

361 2303 368 2309 ¹
427 2312 595 2347 videatur.
639 2310 693 2344 De
710 2308 883 2354 elegantia
899 2311 1016 2347 tace03
1040 2307 1100 2341 scd
1114 2308 1300 2343 sententiae
1321 2307 1508 2355 gravitati,
1531 2308 1562 2344 si
1579 2309 1661 2353 quid
1677 2310 1789 2352 video,

427 2374 583 2408 futurum
599 2369 699 2405 unice
711 2366 880 2404 convenit.
925 2367 1111 2402 Sallustius
1128 2366 1236 2409 enim,
1270 2368 1391 2402 iudicii
1410 2367 1465 2403 sui
1479 2370 1612 2409 certus,
1640 2378 1707 2402 non
1721 2369 1790 2402 hoc

427 2432 530 2467 dicitz
553 2431 584 2466 si
607 2431 681 2476 quis
701 2433 856 2474 reputet,
872 2425 995 2472 sieri
1013 2438 1143 2472 posse
1156 2452 1167 2469 ,
1190 2431 1229 2462 ut
1251 2427 1422 2468 inveniat,
1444 2428 1504 2462 sed
1523 2417 1682 2472 graviter
1698 2438 1789 2462 asse—

429 2494 529 2527 verat
548 2493 754 2538 profecto
785 2501 862 2525 enm
882 2489 1125 2523 inventurum(
1153 2487 1366 2533 Legitimum
1389 2489 1506 2521 antem
1531 2496 1606 2522 esse
1631 2487 1788 2522 futurum

428 2552 465 2588 in
479 2550 718 2587 consecutione
740 2553 773 2585 et
789 2549 1007 2584 conclusione
1024 2547 1085 2582 ubi
1106 2551 1200 2583 certa
1226 2546 1430 2592 proponitur
1453 2545 1642 2588 sententia,
1678 2548 1712 2580 et
1728 2557 1789 2590 per

428 2623 467 2647 se
485 2614 578 2656 patet
593 2610 700 2645 futuri
718 2614 888 2655 potestate
906 2620 985 2643 cum
1003 2609 1192 2654 praesentis
1215 2606 1431 2642 coniunctivo
1447 2606 1596 2648 collata,
1625 2607 1660 2639 et
1675 2609 1788 2639 osten-

428 2672 481 2707 dit
505 2671 591 2706 satis
611 2672 771 2716 frequens
786 2669 989 2714 scriptorum
1007 2680 1105 2711 usus;
1141 2670 1187 2703 cf.
1205 2669 1373 2704 Goerenz.
1390 2666 1435 2702 ad
1451 2666 1525 2701 Cic.
1549 2666 1593 2701 do
1607 2664 1709 2698 Finn.
1725 2664 1786 2706 ΠΙ,

429 2731 465 2776 8,
484 2731 542 2771 28.
564 2743 596 2777 p.
611 2730 692 2768 346.
724 2730 805 2767 Car.
831 2729 944 2766 Beier.
965 2730 1010 2766 ad
1030 2729 1100 2766 off.
1120 2729 1155 2774 1,
1177 2728 1237 2775 8⁰,
1254 2727 1335 2767 106.
1357 2738 1392 2772 p.
1409 2725 1491 2762 236.
1511 2725 1544 2762 οἱ
1570 2723 1787 2761 considerare
