1826 3276
445 177 816 223 mGURTHA.
875 173 1009 220 GAP.
1038 174 1084 216 L.
1164 211 1174 226 x
1391 175 1479 218 233

28 286 34 298 ⁷
85 299 192 345 inde
226 299 326 361 ipse
368 310 457 360 pro
502 312 553 341 re
596 301 733 355 atque
768 293 872 339 loco
886 324 900 348 ‚
949 283 1260 355 sicutirmonte
1289 289 1482 336 descen-

86 396 240 454 derat,
283 396 521 459 paullatim
561 390 836 456 procedere,
882 389 1082 435 Marium
1116 395 1224 451 post
1256 388 1483 450 principia

86 494 280 552 habere,
315 494 420 556 ipse
462 508 566 538 cum
603 491 813 537 sinistrae·
842 489 943 534 alae
980 487 1202 547 equitibus
1238 502 1358 545 esse,
1403 486 1482 546 qui

6 631 12 636 .
60 577 133 637 ‘in
175 592 358 654 agmine
400 590 628 653 principes
663 588 770 633 facti
813 592 950 633 erant.
1023 586 1085 631 At
1119 573 1362 646 Iugurtha,
1405 585 1522 631 ubia

30 734 37 741 ,
87 695 356 735 extremum·
380 703 547 751 agmen
598 685 775 731 Metelli
817 683 989 746 primos
1032 697 1137 728 suos
1171 688 1485 744 praetergres-

88 796 189 833 sum
235 785 382 847 videt,
432 783 658 847 praesidio
705 782 832 842 quasi
876 781 1016 826 duum
1062 780 1250 825 millium
1279 780 1486 840 peditum

89 891 288 931 montem
323 889 532 945 occupat,
567 897 659 942 qua
695 880 908 925 Metellus
932 877 1243 935 descenderat,
1277 893 1336 922 ne
1370 878 1488 923 forte

89 998 208 1059 nostro
224 1020 302 1060 Ioco
324 1035 443 1060 sensus
467 1022 607 1068 proprie
628 1026 698 1056 est:
722 998 874 1066 experiri
890 1030 974 1054 num
992 1018 1161 1054 lassitudo
1176 999 1210 1052 5,
1226 1016 1302 1052 sitis
1315 1016 1490 1053 militibus

89 1085 237 1122 excitari
259 1090 395 1131 posset,
424 1097 473 1120 sc.
497 1096 568 1129 quo
590 1084 789 1118 deficerent.
838 1081 968 1116 Melius
990 1093 1072 1115 cum
1094 1081 1165 1115 hoc
1188 1079 1351 1115 convenit
1372 1091 1490 1115 exem-

91 1147 192 1192 plum
215 1157 240 1182 a
265 1147 386 1182 Cortio
408 1147 559 1181 allatum
582 1157 625 1180 ex
648 1143 785 1181 Velleio
809 1144 862 1185 11,
885 1142 954 1188 71,
979 1141 1014 1178 5.
1063 1142 1120 1177 Ne
1144 1143 1328 1177 tentata
1351 1142 1492 1188 quidem

91 1208 200 1244 hastis
221 1208 560 1243 misericordia.

186 1271 221 1313 §-
244 1269 278 1304 2.
296 1274 331 1304 et
348 1269 390 1305 3.-
434 1269 590 1314 Deinde]
622 1267 784 1309 Cottius,
820 1269 860 1300 ut
883 1265 971 1300 solet
994 1263 1031 1299 in
1058 1263 1130 1298 hac
1160 1274 1263 1305 voce,
1295 1263 1369 1298 sine
1392 1264 1491 1299 codd.

91 1330 234 1376 scripsit
256 1331 348 1367 dein.
371 1352 420 1359 —
443 1331 601 1366 Marium
631 1334 709 1375 post
740 1328 917 1374 principia
951 1327 1080 1361 habere
1114 1337 1163 1361 sc.
1194 1330 1233 1360 ut
1257 1330 1398 1361 curaret
1419 1327 1496 1371 pri-

93 1403 191 1428 mam
214 1392 340 1428 aciem.
373 1392 489 1428 Coum.
511 1410 559 1418 -
584 1393 637 1426 *In
664 1391 810 1437 agmine
841 1388 1024 1435 principes
1039 1386 1201 1422 Wassius
1223 1398 1411 1431 perperam
1435 1400 1495 1423 ex-

20 1470 30 1474 -
93 1453 222 1499 plima
252 1454 368 1489 vicem
391 1453 587 1489 obtinentes
610 1452 833 1497 principum,
865 1453 1025 1494 respectu
1048 1449 1219 1484 hostium.
1268 1450 1382 1484 Recte
1406 1451 1497 1486 Ger-

93 1515 232 1551 lachin·
251 1516 362 1551 verba
381 1514 496 1560 cepit,
517 1515 611 1550 haec
634 1520 823 1549 annotans:
848 1512 1027 1559 „Agmine
1048 1511 1258 1556 procedente
1281 1508 1421 1546 initium
1438 1513 1497 1548 iti-

97 1577 193 1622 neris„
215 1588 238 1613 a
251 1577 414 1612 sinistrae
439 1577 519 1612 alae
541 1576 718 1621 equitibus
742 1576 917 1611 factum-‘⁸
941 1590 989 1600 ·--
1017 1571 1127 1615 Quasi
1142 1571 1166 1606 i.
1183 1582 1219 1606 e.
1232 1572 1384 1615 circiter,
1400 1585 1433 1610 v,
1453 1574 1498 1609 ad

98 1650 129 1676 c.
147 1638 314 1680 xnvm,
343 1638 378 1674 3.
401 1638 545 1672 Sueten.
582 1637 696 1683 Calig.
729 1649 760 1674 c.
784 1636 845 1672 58.
898 1635 1000 1670 Hora
1033 1633 1136 1678 quau·
1165 1633 1326 1677 septima.
1349 1653 1397 1660 -—-
1427 1635 1499 1671 Pro

99 1704 178 1746 φατ’
193 1700 230 1735 in
255 1700 377 1737 Guelf.
398 1699 456 1735 10.
477 1702 514 1733 et
536 1698 573 1734 4.
595 1710 644 1732 m.
667 1710 723 1742 pr.
747 1701 799 1732 est
821 1708 908 1743 quo3
932 1706 968 1733 v.
991 1695 1036 1730 ad
1060 1706 1092 1729 c.
1117 1694 1314 1737 XXXVIII,
1338 1694 1372 1732 6.

191 1762 225 1805 §-
249 1761 282 1797 4.
334 1761 514 1796 Numidae
537 1761 603 1795 alia·
624 1779 664 1786 -
679 1757 795 1804 pars]
816 1759 872 1792 De
894 1755 1129 1803 grammatica
1151 1756 1285 1790 horum
1308 1754 1500 1792 verborum

42 1863 57 1868 ,
99 1821 236 1859 ratione
264 1833 303 1858 w.
327 1826 451 1857 notata
477 1822 523 1861 ad
546 1833 577 1855 c.
603 1821 707 1863 XIX,
731 1821 766 1855 1.
791 1837 837 1846 —
868 1819 999 1855 Adesse
1030 1817 1207 1853 interdum
1230 1817 1352 1861 iniquo
1376 1820 1415 1854 et
1433 1820 1501 1855 ho—

100 1884 174 1923 stili
203 1895 308 1919 sensu
338 1883 429 1927 dici,
462 1883 618 1918 maxime
639 1882 704 1917 ubi
726 1880 902 1916 adiectivo
925 1880 1048 1916 addito
1081 1879 1151 1914 ista
1173 1881 1325 1924 potestas
1353 1880 1504 1926 adiuva-

61 1972 63 1974 .
101 1949 180 1989 tur,
215 1945 288 1980 im
321 1944 474 1979 vidimus
494 1944 541 1979 aa
565 1943 641 1978 cat.
665 1943 749 1985 ιιι,
772 1941 830 1977 19.
878 1941 1059 1986 Exemplis
1090 1940 1142 1975 im
1166 1939 1320 1975 laudatis
1342 1930 1505 1978 addimus

45 2019 49 2023 ·
103 2017 194 2051 quae
216 2005 358 2041 eortius
381 2006 426 2041 ad
449 2005 527 2040 h.1.
551 2004 794 2048 comparavit,
819 2003 897 2039 [aiv.
921 2002 1032 2046 XXV,
1056 2000 1116 2045 34,
1138 2000 1174 2035 3.
1222 2001 1416 2046 Masinissa
1440 2015 1505 2039 as-

104 2068 203 2102 sidue
235 2068 312 2102 dies
342 2072 526 2113 noctesque
566 2067 771 2111 infestas
807 2065 987 2100 aderat.
1022 2064 1121 2098 Flor.
1146 2063 1206 2105 ln,
1229 2060 1264 2098 5.
1313 2064 1505 2107 Aderat,

30 2144 32 2149 ⁴
103 2129 282 2171 innabat,
317 2128 469 2164 saevitia
501 2128 603 2173 quasi
625 2128 755 2163 virtute
778 2128 957 2163 utebatur.
979 2144 1026 2152 ·-
1058 2124 1256 2170 laudtflcari
1277 2123 1305 2159 ii
1331 2125 1507 2172 dicuntur,

105 2189 168 2234 qui
193 2190 308 2225 vexati
329 2193 367 2225 et
387 2189 544 2224 ludibrio
565 2188 682 2224 habiti
706 2188 742 2222 id
765 2188 859 2233 quod
882 2188 1006 2222 volunt
1036 2187 1204 2231 perficere
1227 2192 1424 2230 nequeunt3
1457 2188 1510 2224 ita

39 2286 42 2288 ,
107 2252 256 2287 verbum
289 2251 442 2287 habetur
469 2250 579 2286 etiam
610 2251 705 2295 apud
729 2250 847 2286 Tacit.
870 2249 960 2285 Anu.
982 2248 1052 2288 111,
1078 2247 1139 2289 21,
1161 2246 1196 2280 4.
1218 2248 1316 2282 Flor.
1340 2249 1386 2291 11,
1411 2249 1445 2285 2.
1462 2269 1508 2276 —-

108 2313 127 2348 1
133 2318 335 2348 ”certam
355 2312 524 2358 proelium
547 2315 599 2346 est
621 2323 691 2347 non
716 2311 842 2347 stabile
865 2315 900 2346 et
921 2308 1072 2345 varium.
1093 2308 1206 2345 conr.
1221 2326 1267 2333 —
1287 2309 1362 2354 Ipsa·
1384 2310 1510 2345 modo
1537 2342 1540 2346 .

107 2374 133 2409 i.
157 2385 190 2411 e.
211 2374 280 2419 ipen·
301 2374 418 2416 soli‚·
442 2374 488 2408 cf.
513 2385 546 2408 c.
569 2374 634 2416 XI,
657 2371 693 2408 8.
715 2373 871 2417 LXXVI,
896 2371 932 2406 5.
955 2370 1148 2410 LXXVIII,
1171 2368 1208 2403 4.
1231 2389 1277 2395 —
1306 2370 1416 2416 Copia
1432 2376 1510 2406 erat

107 2435 185 2472 siue
206 2435 328 2470 dativo
351 2435 484 2469 dictum
498 2460 509 2478 ,
542 2434 604 2479 qui
629 2445 732 2469 casus
761 2445 867 2478 saepe
889 2432 1104 2478 supplendus
1127 2434 1198 2472 est;
1230 2441 1267 2467 v.
1293 2431 1338 2466 ad
1361 2444 1393 2470 c.
1416 2433 1509 2476 XIV,

110 2496 171 2533 19.
197 2515 244 2524 ·—-
267 2498 338 2532 Pro
361 2496 599 2531 Romanorum
625 2500 778 2531 turma
807 2495 973 2538 Cottius,
1009 2493 1129 2539 Bipp.,
1151 2490 1310 2537 nangius
1332 2495 1369 2528 et
1392 2494 1507 2528 Muel-

109 2559 205 2594 lerus
226 2557 442 2603 seripserunt
466 2558 567 2591 Rom.
593 2558 752 2600 turta,
776 2561 815 2592 ut
836 2557 932 2592 male
954 2559 1068 2591 exstat
1089 2555 1127 2589 in
1154 2553 1275 2589 Guelf.
1298 2553 1335 2589 ⁷.
1360 2554 1451 2589 Tur.
1475 2555 1510 2589 1.

110 2619 299 2656 Einsiedol.
329 2619 424 2666 Reg.
451 2619 546 2653 Med.
573 2619 607 2653 2.
632 2617 668 2653 5.
702 2618 787 2652 Van.
810 2617 848 2653 2.
893 2616 972 2653 Non
1004 2616 1164 2656 solebant
1198 2615 1292 2651 enim
1324 2615 1433 2652 Rom.
1457 2616 1512 2651 iu-

35 2712 42 2720 ,
111 2680 291 2718 eonditum
313 2692 469 2727 pugnam
493 2691 593 2715 more
612 2680 847 2715 barbarorum
869 2678 980 2721 inire,
1002 2677 1063 2713 sed
1079 2678 1218 2713 ordines
1238 2689 1382 2712 servare
1405 2688 1513 2722 quam

115 2741 390 2786 accuratissime,
413 2742 452 2777 in
474 2753 545 2787 qua
567 2753 608 2776 re
629 2752 697 2776 non
721 2740 870 2776 minima
893 2740 1101 2776 cernebatur
1130 2738 1282 2775 militiae
1304 2739 1412 2774 Rm'n.
1437 2738 1511 2773 vir—

115 2809 172 2841 tus
195 2814 240 2840 ac
260 2803 351 2840 laus.
401 2804 534 2840 Tama
557 2806 678 2839 autem
701 2801 878 2849 singulari
911 2811 1060 2839 numero
1086 2800 1239 2846 positum
1263 2811 1332 2836 non
1355 2800 1399 2835 de
1424 2810 1514 2835 una
