1826 3276
451 140 811 187 metum-m
846 141 974 185 GAP.
1005 139 1129 185 xw.
1440 145 1498 187 ετ

96 276 157 309 ne
204 276 318 322 quos
362 260 540 322 privata
584 259 777 305 amicitia
819 257 1067 321 Iugurthae
1110 272 1272 318 parum
1312 259 1496 319 cognita

94 367 370 406 transvorsos
405 360 540 420 ngat,
586 373 701 419 quos
736 372 829 418 ego
873 357 1007 402 audio
1041 370 1250 401 maxuma
1283 371 1375 416 ope
1403 357 1494 414 niti,

94 457 288 516 ambire,
328 457 522 518 fatigare
565 470 647 501 vos
699 455 924 516 singulos,
973 469 1030 499 ne
1066 453 1177 514 quid
1212 454 1271 499 de
1305 455 1493 499 absente

93 555 326 617 incognita
364 569 522 600 caussa
555 553 781 606 statuati33
823 553 1001 613 fingere
1050 567 1123 596 me
1167 553 1309 597 verba
1344 559 1390 597 et
1416 552 1492 597 fu-

92 668 203 714 gam
237 651 461 708 simulare,
497 651 569 695 cui
596 649 772 694 licuerit
804 650 848 694 in
883 662 1028 709 regno
1060 664 1255 694 manere.
1328 649 1554 706 Quod-21

91 750 260 795 utinam
293 748 442 806 illum,
486 749 610 793 cuius
654 747 796 808 impio
843 745 1044 790 facinore
1087 746 1132 790 in
1176 746 1258 791 has
1294 747 1491 794 miserias

89 847 316 908 proiectus
351 860 474 904 sum,
523 844 684 890 eadem
727 844 844 889 haec
889 843 1171 888 simulantem
1206 842 1381 887 videam
1392 880 1410 900 ‚
1447 852 1492 888 et

90 942 331 1004 aliquando
367 949 443 987 aut
478 941 602 1004 apud
638 957 742 998 vos,
788 947 866 986 aut
905 941 1034 1002 apud
1081 940 1192 985 deos
1228 941 1489 986 immortalis

89 1100 184 1135 cibus
206 1099 366 1144 usurpati
387 1111 424 1136 v.
447 1099 642 1150 Ruhnken.
663 1099 707 1134 ad
723 1098 883 1134 Terentii
906 1103 941 1134 et
956 1098 1088 1136 Rutilii
1111 1099 1147 1133 ll.
1169 1099 1233 1141 ll.;
1257 1110 1364 1144 quam
1387 1109 1492 1144 saepe

88 1165 209 1197 nutem
241 1172 325 1195 eum
356 1163 521 1197 accedere
564 1161 749 1195 confusum
783 1160 829 1194 sit
868 1171 1061 1206 cognoscas
1095 1172 1138 1195 ex
1176 1160 1295 1195 Cottio
1333 1161 1379 1195 ad
1410 1161 1490 1206 lug.

88 1222 318 1267 LXXXVIII,
341 1223 375 1258 6.
410 1225 582 1258 Goereuz.
622 1221 667 1256 nd
692 1221 768 1255 Cic.
801 1221 844 1255 de
876 1222 979 1256 Finn.
1010 1222 1038 1266 1,
1064 1221 1123 1264 12,
1147 1222 1205 1256 41.
1242 1223 1422 1257 Drakenb.
1445 1223 1490 1257 nd

87 1284 164 1320 Liv.
190 1285 287 1325 XXI,
309 1285 367 1327 10,
396 1285 454 1319 12.
501 1283 660 1326 Denique
693 1283 852 1317 occidam
876 1282 912 1317 in
945 1295 988 1317 eo
1011 1283 1147 1327 aliquid
1170 1283 1335 1328 praesidii
1359 1284 1495 1318 habere

66 1345 246 1389 ‚videtur‚
269 1346 362 1390 quod
386 1345 479 1391 apud
497 1343 678 1380 Wassium
699 1342 736 1378 in
760 1345 840 1378 cod.
862 1345 906 1381 B.
929 1344 1021 1379 Pub.
1046 1346 1212 1379 mendose
1236 1344 1408 1389 scriptum
1439 1348 1493 1380 est

87 1419 153 1454 quo
177 1407 583 1442 acciderat.-—Relicua
607 1406 653 1440 ab
677 1406 894 1441 Ruhnkenio
917 1410 1051 1442 tentata
1074 1406 1263 1442 sanissima
1286 1410 1384 1449 suut3
1408 1417 1491 1441 nam

85 1470 335 1516 appellare
368 1469 520 1515 aliquem
550 1466 875 1511 frequentissimum
909 1471 962 1502 cst
994 1469 1038 1503 de
1067 1469 1113 1503 iis
1135 1468 1196 1513 qui
1220 1467 1306 1512 aliq.
1329 1467 1493 1512 precibus

87 1530 238 1573 adeunt,
267 1529 412 1574 eiusque
435 1530 607 1565 auxilium
639 1528 850 1573 implorant3
887 1530 933 1563 cf.
958 1530 1053 1565 Cort.
1089 1531 1134 1565 ad
1165 1531 1203 1565 h.
1227 1530 1252 1564 1.
1283 1529 1345 1574 qui
1369 1529 1491 1564 laudat

87 1591 163 1628 cic.
183 1601 221 1635 ι).
244 1591 373 1626 Flacco
393 1591 476 1635 2,4.
501 1603 535 1636 p.
553 1590 693 1636 Quinct.
718 1590 778 1633 30,
800 1589 857 1625 94.
882 1601 916 1627 v.
940 1591 1079 1626 Ernest.
1105 1592 1142 1626 in
1167 1592 1268 1626 Clav.
1292 1591 1365 1625 Cic.
1390 1591 1428 1626 h.
1452 1602 1488 1625 v.

85 1651 222 1686 Brenni.
246 1651 291 1686 ud
322 1651 407 1696 Nep.
433 1652 538 1687 Attio.
564 1663 595 1687 c.
619 1651 722 1693 vni,
756 1651 791 1686 3.
823 1652 982 1698 Herzog.
1008 1654 1054 1688 ud
1088 1654 1188 1690 Caes.
1208 1654 1252 1688 B.
1279 1653 1325 1687 G.
1351 1653 1426 1694 Vll,
1452 1651 1487 1687 4.

87 1716 123 1748 et
146 1713 192 1748 ad
214 1712 301 1747 Sall.
326 1712 403 1748 eat.
428 1713 538 1755 xvn,
563 1712 598 1747 l.
621 1732 665 1738 —
692 1713 790 1747 Mihi
814 1713 954 1749 Cottius
977 1715 1048 1750 fide
1070 1714 1174 1749 unius
1197 1715 1318 1749 Guelf.
1346 1714 1403 1748 11.
1427 1714 1488 1748 de-

85 1774 185 1810 levit.
206 1793 255 1800 —
276 1774 377 1808 Idem
409 1773 494 1808 fecit
527 1774 636 1808 verbo
668 1773 890 1808 substantivo
924 1777 1016 1819 sint,
1052 1776 1146 1820 quod
1177 1776 1214 1810 in
1245 1775 1364 1810 Guelf.
1389 1774 1424 1810 5.
1455 1778 1490 1810 et

84 1837 158 1872 Ine.
172 1835 215 1870 1.«
230 1836 347 1877 deest,
370 1838 405 1868 et
427 1834 463 1868 in
487 1837 653 1878 quattuor
675 1834 756 1869 aliis
779 1835 816 1869 in
839 1842 920 1871 sunt
944 1841 1119 1872 mutatum
1143 1842 1215 1881 est,
1249 1848 1340 1881 quae
1364 1847 1489 1871 caussa

84 1909 154 1933 non
177 1895 310 1932 nufficit
334 1892 380 1930 aa
403 1895 448 1945 id„
462 1895 705 1930 omittendum.
729 1916 775 1922 —-
797 1897 869 1931 Pro
894 1903 973 1933 aut
1000 1899 1184 1945 quisquam
1206 1897 1367 1932 nonnulli
1389 1897 1487 1939 libri,

83 1960 145 1994 ned
167 1958 378 1999 deteriores,
411 1956 579 1992 exhibent
611 1968 670 1991 an
694 1958 817 2004 quisq„
854 1958 979 1994 eci-ibis
1011 1972 1079 1994 non
1115 1958 1395 2004 intelligentibus
1416 1969 1487 1993 non

83 2021 234 2056 alterum
259 2018 548 2064 interrogationis
576 2019 743 2063 obliquae
774 2024 914 2065 partem
950 2019 1011 2054 bic
1047 2020 1196 2065 haberi,
1229 2031 1339 2064 quum
1371 2019 1487 2064 potin·

83 2090 313 2128 pruegreosae
342 2083 459 2116 rectae
490 2091 582 2115 nova
611 2081 828 2127 adiungatur
858 2085 977 2125 recta,
1011 2092 1082 2126 qua
1112 2081 1176 2116 illa
1198 2085 1420 2117 retractetur.
1446 2082 1485 2116 V.

85 2145 130 2179 de
157 2144 228 2179 isto
261 2145 342 2179 loco
374 2141 556 2176 Handium
587 2143 632 2177 (le
655 2143 808 2179 Particc.
841 2144 936 2180 Latt.
961 2143 1007 2178 T.
1034 2144 1060 2178 I.
1097 2156 1132 2189 p.
1157 2142 1239 2178 354.
1264 2145 1300 2186 5.
1326 2142 1383 2178 15.
1405 2143 1488 2178 coll.

85 2206 134 2240 lb.
157 2215 194 2250 p.
219 2204 302 2241 551.
348 2205 448 2240 Bene
470 2205 590 2239 Faber
620 2216 662 2239 ex
686 2205 856 2240 Sallustio
880 2204 1102 2249 comparavit
1123 2204 1270 2250 Fragm.
1295 2204 1431 2240 Histor.
1455 2204 1486 2247 1,

84 2262 144 2307 15,
167 2264 228 2299 21.
277 2265 364 2307 Quin
388 2266 511 2301 eadem
540 2266 643 2304 volt?
674 2271 761 2302 aut
793 2268 871 2313 quis
899 2279 968 2301 non
1003 2267 1123 2301 omnia
1154 2270 1315 2308 mutata,
1341 2270 1488 2311 praeter

84 2326 299 2370 victoriam?
331 2327 459 2370 Incert.
484 2327 541 2373 1⁸1,
566 2328 602 2364 3.
654 2329 739 2371 Quis
771 2329 858 2363 mihi
879 2329 958 2363 vivo
982 2329 1157 2364 cruciatus
1180 2328 1268 2362 satis
1291 2327 1371 2362 est?
1406 2330 1487 2363 aut

85 2399 177 2436 quoe
205 2399 320 2433 poena
349 2388 512 2424 mortuo?
535 2408 582 2415 -
606 2389 729 2425 Nostri
761 2390 980 2435 pronominis
1007 2389 1283 2436 grammaticam
1312 2387 1485 2424 rationem

85 2449 342 2496 explicavimus
371 2450 417 2484 ud
439 2449 542 2484 Cutil.
565 2442 601 2485 e.
625 2451 792 2496 XXXIII,
814 2453 850 2488 2.
874 2465 909 2498 p.
932 2450 1014 2487 154.

178 2514 212 2555 §.
236 2511 343 2546 19-
357 2511 415 2547 21.
462 2513 616 2547 secunda
653 2518 688 2548 et
724 2513 948 2557 obedientia]
978 2513 1017 2548 In
1040 2512 1139 2547 Leid.
1154 2512 1202 2547 H.
1227 2514 1309 2547 ante
1331 2512 1486 2546 necundo

85 2572 247 2608 additum
267 2574 387 2615 οοῠίες
408 2572 504 2608 idem
527 2573 563 2608 in
586 2573 700 2609 tribus
722 2575 834 2610 Cottii
855 2575 988 2621 legitur
1009 2578 1088 2619 post
1110 2573 1327 2617 obedientia,
1358 2574 1484 2610 scribi·

85 2645 196 2680 aegre
216 2634 410 2670 ferentibus
433 2636 594 2671 dativum
616 2637 750 2672 abesse.
773 2636 820 2671 ef.
844 2636 890 2671 ad
913 2637 992 2672 Cat.
1017 2636 1076 2679 LI,
1098 2635 1155 2671 28.
1179 2637 1259 2683 lug.
1282 2637 1311 2678 1,
1330 2636 1364 2671 3.
1389 2637 1434 2680 X,
1449 2636 1483 2670 3.

59 2739 66 2745 ‚
87 2696 167 2738 XII,
188 2695 223 2731 4.
245 2697 288 2740 L,
309 2697 355 2747 4.
368 2697 550 2740 LXXXII,
570 2698 605 2735 1.
626 2698 802 2740 LXXXV,
826 2697 859 2733 5.
878 2718 923 2724 —
950 2698 1126 2733 Sociorum
1149 2699 1300 2734 iniurias
1322 2697 1348 2732 i.
1372 2710 1402 2732 e.
1425 2708 1484 2732 so*

87 2755 153 2792 eii·
174 2756 293 2793 illuto·
323 2758 429 2793 iniur.
451 2770 487 2796 v.
522 2759 568 2795 nd
603 2759 681 2795 Cat.
714 2771 746 2794 c.
768 2759 851 2802 LII,
874 2759 908 2794 6.
943 2772 981 2805 p.
1005 2758 1087 2795 2⁶5.
1112 2775 1158 2788 -e-
1190 2760 1246 2795 no
1277 2757 1485 2804 pronomine
