1826 3276
403 214 779 260 IUGURTHA.
838 215 962 260 eff.
991 182 1117 260 xiv.
1396 223 1454 289 ,⁸¹

56 335 171 381 dolis
211 333 364 394 nequit
391 318 595 395 capere,
631 332 741 378 nihil
774 334 919 379 minus
949 350 1084 394 quam
1118 333 1209 399 vim
1244 340 1320 380 aut
1353 337 1455 382 bel—

57 432 153 478 lum
193 437 531 493 exspectantem
549 489 557 497 ,
578 431 622 475 in
664 431 856 491 imperio
899 437 1050 476 vostro
1069 466 1082 486 ,
1118 432 1244 477 sicuti
1277 432 1454 493 videtis,

55 534 281 584 extorrem
315 527 482 589 patria,
520 527 684 585 domo,
720 528 903 589 inopem
935 535 981 573 et
1015 536 1282 591 coopertum
1317 531 1453 576 mise-

54 626 129 672 riis
167 626 342 683 effecit,
381 631 430 669 ut
451 625 593 670 ubivis
627 624 762 669 tutius
799 641 934 684 quam
977 627 1025 670 in
1044 638 1162 672 'meo
1198 642 1342 690 regno
1379 642 1453 674 es-

53 810 213 846 ven-sibus
233 810 337 857 gravi
362 809 519 845 oratione
541 812 640 846 utens
662 811 809 846 eandem
833 803 932 846 ver'bi
956 810 1122 856 formam,
1148 824 1363 858 quamquam
1381 814 1454 849 alio

49 883 172 913 ausu,
205 871 332 916 posuit.
360 890 408 897 —
439 874 552 917 Atque
595 873 714 907 eodem
756 884 826 906 non
859 872 1066 917 simpliciter
1104 861 1276 917 ahman,
1317 876 1376 909 sed
1410 886 1454 910 ea

49 937 103 968 ost
137 932 352 976 pronominis
374 933 466 967 idem
490 934 640 978 copulae
663 932 774 967 additi
805 937 978 977 potestas,
1010 939 1048 969 ut
1071 935 1220 970 alteram
1245 935 1373 970 obiecti
1395 935 1454 970 vel

50 993 249 1039 praedicati
273 998 406 1038 partem
431 1005 512 1028 cum
538 994 576 1028 vi
610 994 765 1038 quadam
795 992 932 1030 efferat‘
953 999 989 1030 et
1015 996 1168 1031 maxime
1199 996 1454 1041 respiciendam

50 1060 240 1100 proponat.
275 1056 323 1089 cf.
347 1066 379 1088 c.
406 1055 549 1099 XXXI,
582 1054 641 1089 12.
664 1056 909 1090 nocentissumi
940 1057 1169 1103 iidemque
1192 1058 1453 1103 superbissumi.

50 1116 187 1153 Bremi.
211 1117 256 1152 ad
279 1117 369 1160 Nep.
393 1115 525 1151 conon.
555 1127 585 1151 c.
609 1117 654 1159 ΙΙ,
672 1117 704 1150 1.
732 1117 876 1151 contulit
899 1128 935 1151 se
960 1118 1008 1152 ad
1023 1118 1308 1162 Pharnabazum,
1332 1125 1455 1155 satra-

48 1188 120 1223 pen
144 1179 266 1212 Ioniae
290 1178 502 1222 eundemque
524 1189 694 1223 generum
717 1179 825 1224 regis.
850 1177 1064 1224 Heusingera
1096 1180 1141 1214 ad
1163 1181 1236 1216 Cic.
1263 1182 1307 1216 de
1331 1180 1404 1217 Off.
1426 1181 1457 1224 1.

49 1237 87 1280 6,
110 1236 146 1272 4.
170 1238 314 1283 quidam
341 1240 446 1272 nimis
468 1251 639 1285 maguum
664 1240 817 1273 studium
843 1239 880 1273 in
902 1251 958 1273 res
981 1240 1141 1275 obscuras
1165 1248 1272 1288 atque
1296 1243 1456 1287 difficiles

50 1302 252 1343 conferunt,
291 1301 499 1346 easdemque
533 1313 601 1335 ποπ
634 1301 862 1335 necessarias.
894 1301 1063 1338 Goerenz.
1094 1303 1139 1338 ad
1169 1304 1302 1339 Acadd.
1327 1305 1371 1347 11,
1396 1302 1456 1347 36,

49 1359 131 1395 114.
154 1371 190 1404 p.
213 1357 294 1395 205.
318 1361 456 1406 Zumpt.
483 1364 644 1397 Gramm.
669 1363 748 1396 Lat.
774 1364 807 1405 §-
833 1361 890 1396 84.
915 1374 945 1395 c.
970 1361 1004 1397 5.
1027 1375 1062 1407 p.
1087 1362 1166 1400 483.
1192 1384 1236 1391 —-
1265 1366 1380 1400 Isdem
1405 1369 1454 1400 te-

48 1424 132 1456 nent
153 1421 232 1456 Vat.
256 1422 298 1458 A.
323 1422 441 1459 Senat.
467 1425 501 1460 1.
523 1425 557 1459 2.
584 1424 668 1459 Bas.
692 1423 725 1457 1.
762 1423 883 1458 Guelf.
907 1421 941 1456 5.
967 1423 1000 1458 1.
1034 1423 1068 1458 2.
1099 1423 1133 1459 9.
1166 1426 1263 1461 Vrat.
1290 1426 1324 1461 3.
1350 1427 1456 1461 Rem.

50 1478 142 1518 112.
165 1483 272 1520 Bern.
295 1483 330 1518 4.
364 1486 492 1520 Heuss.
526 1485 671 1520 Fabric.
695 1484 730 1521 2.
761 1485 833 1518 Inc.
858 1484 892 1519 1.
922 1484 958 1518 2.
1006 1485 1150 1520 Relicui
1183 1488 1316 1522 iisdem.
1349 1499 1385 1522 v.
1411 1487 1458 1523 ad

51 1544 157 1579 Catil.
181 1545 344 1590 XXXIX,
367 1550 401 1583 6.
422 1548 531 1591 XLII,
546 1548 579 1582 1.
599 1546 677 1591 lug.
703 1545 814 1588 xvn,
829 1545 864 1579 2.
886 1545 995 1588 XXV,
1013 1546 1047 1581 2.
1070 1547 1157 1590 L1V,
1176 1548 1211 1583 1.
1228 1547 1262 1583 9.
1282 1549 1457 1593 LXXXV,

51 1606 88 1642 1.
104 1625 152 1632 —-·
178 1607 220 1640 In
247 1607 391 1651 imperio
415 1613 529 1642 vostro
557 1607 580 1643 i.
604 1618 634 1642 e.
661 1595 770 1651 quum
802 1618 866 1640 vos
891 1607 1091 1652 inlperetis,
1126 1609 1204 1644 sive
1227 1611 1322 1644 vobis
1345 1612 1458 1657 impe-

52 1667 222 1703 rantibus.
270 1667 476 1702 Structurae
506 1669 680 1703 rationem
712 1668 970 1714 explicavimus
1003 1669 1049 1704 ad
1073 1670 1148 1705 Cat.
1174 1673 1228 1715 11,
1253 1672 1310 1706 10.
1335 1686 1370 1718 p.
1397 1671 1456 1708 15.

52 1728 144 1763 Eum
176 1727 317 1762 eortius
354 1740 492 1772 quoque
522 1730 566 1763 ad
595 1730 634 1765 h.
666 1731 694 1764 1.
724 1734 901 1766 assecutus
932 1736 1003 1774 est,
1036 1733 1096 1767 cui
1131 1733 1339 1769 assentimur
1363 1734 1459 1779 apud

54 1789 153 1823 Gaee.
175 1789 220 1824 Β.
243 1789 287 1824 G.
312 1788 357 1831 Π,
380 1790 414 1831 1,
438 1789 471 1823 4.
497 1790 721 1825 scribendum
745 1803 842 1825 esse:
868 1794 929 1837 qui
946 1794 1059 1827 minus
1076 1795 1187 1838 facile
1213 1806 1291 1829 eam
1316 1807 1389 1830 rem
1411 1796 1459 1831 in

53 1850 144 1895 imp
158 1851 252 1884 erio
286 1854 442 1884 nostro
477 1854 638 1897 consequi
666 1858 852 1898 poteraut,
887 1858 927 1888 ut
959 1858 1010 1888 est
1044 1856 1137 1898 apud
1162 1855 1263 1890 eund.
1286 1857 1315 1898 1,
1339 1856 1398 1899 33,
1422 1857 1458 1892 2.

54 1911 126 1945 Cic.
150 1911 239 1955 Epp.
271 1911 317 1945 ad
342 1911 480 1946 Famm.
508 1914 545 1956 1,
574 1913 618 1958 4,
648 1914 681 1949 6.
718 1926 753 1949 v.
779 1915 886 1949 etiam
914 1914 1008 1949 infra
1036 1915 1080 1949 ad
1112 1927 1142 1951 c.
1166 1917 1306 1961 XXXI,
1330 1917 1388 1952 24.
1413 1936 1459 1945 —

53 1971 282 2017 sequentium
305 1973 494 2007 verborum
530 1978 744 2010 structuram
780 1975 945 2017 Cottius,
979 1986 1084 2019 quem
1110 1975 1265 2022 bangius
1288 1979 1459 2023 sequitur,

11 2064 17 2067 χ
50 2043 121 2068 non
144 2037 240 2068 recte
262 2032 453 2078 intellexit3
490 2037 567 2071 vult
589 2037 683 2071 enim
710 2038 803 2081 quod
837 2035 1040 2081 posterioris
1064 2038 1315 2074 enunciationis
1340 2040 1460 2075 subie-

51 2099 148 2129 ctum
172 2105 246 2129 esse
268 2094 447 2138 debuerit,
480 2108 542 2141 per
564 2098 810 2133 attractionem
842 2098 968 2142 prioris
990 2097 1090 2132 verbi
1113 2098 1292 2135 obiectum
1318 2102 1459 2137 factum

53 2167 148 2198 esse,
175 2158 471 2202 quemadmodum
496 2157 533 2192 in
556 2159 613 2194 his
637 2159 774 2202 Plauti,
806 2160 913 2194 Poen.
939 2159 989 2202 11,
1013 2159 1036 2193 5
1054 2171 1104 2204 sq.
1154 2162 1247 2203 „Sex
1272 2163 1459 2199 immolavi

55 2227 189 2263 agnos,
219 2230 284 2252 nec
314 2218 414 2263 potui
446 2222 564 2253 tamen
597 2220 789 2266 Propitiam
832 2221 996 2256 Venerem
1023 2224 1213 2266 facere,
1246 2224 1298 2259 uti
1330 2230 1460 2262 esset

53 2278 204 2320 mihi‚“
238 2283 278 2314 ut
311 2279 480 2314 Sallustio
507 2282 647 2326 proprie
678 2283 727 2318 ita
760 2283 943 2317 dicendum
968 2283 1098 2317 fuerit:
1133 2285 1307 2329 Iugurtha
1331 2287 1458 2331 effecit,

53 2344 94 2376 ut
116 2352 183 2386 ego
207 2339 297 2374 nihil
321 2351 369 2374 m.
394 2347 613 2386 exspectans,
639 2346 796 2386 extorris,
821 2346 920 2389 inops
942 2348 977 2378 et
1002 2350 1181 2389 coopertus
1204 2346 1355 2380 miseriis
1379 2347 1458 2382 ubi-

52 2401 109 2436 vis
145 2401 254 2436 tutius
286 2413 392 2447 quam
423 2401 460 2437 in
491 2416 601 2450 regno
634 2417 713 2439 meo
745 2417 870 2447 essem,
907 2417 1014 2450 quam
1038 2406 1151 2442 Cottii
1185 2408 1457 2452 explicationem

53 2463 280 2507 amplectitur
304 2464 411 2498 etiam
434 2465 639 2511 Kruegerus
670 2466 706 2501 in
729 2467 859 2501 eximio
884 2467 976 2501 libro
1000 2468 1043 2501 de
1074 2468 1220 2503 Attract.
1248 2469 1350 2516 Ling.
1377 2471 1454 2506 Lat.

52 2524 168 2567 5:61.
203 2535 237 2568 p.
263 2525 331 2559 153
357 2538 407 2570 sq.
456 2527 523 2560 Sed
559 2533 597 2562 ut
630 2533 765 2563 taceam
790 2529 895 2563 valde
927 2533 1124 2563 contortam
1149 2541 1223 2565 esse
1246 2532 1338 2566 hanc
1362 2538 1456 2567 stru-

52 2589 201 2629 etun-am,
225 2593 330 2631 atque
354 2600 396 2621 eo
421 2590 570 2623 multum
595 2590 801 2624 dissimilem
825 2590 942 2624 allatis
965 2602 987 2625 a
1012 2591 1132 2624 Cot-tio
1156 2594 1336 2638 exemplis,
1360 2594 1455 2638 quod

53 2651 237 2691 utrumque
266 2649 414 2682 verbum
446 2662 549 2684 suum
588 2651 828 2694 praedicatum
860 2652 987 2693 hahet,
1020 2653 1211 2687 sententiae
1235 2653 1342 2697 ipsius
1362 2654 1454 2688 ratio

51 2709 218 2752 postulat,
243 2718 285 2742 ne
310 2709 356 2748 id,
382 2711 475 2754 quod
500 2711 754 2755 gravissimum
779 2717 830 2746 est
853 2713 888 2747 in
913 2713 1054 2757 querela
1079 2713 1302 2757 Adherbalis,
1327 2715 1458 2760 quippe

0 2789 2 2791 >
53 2773 221 2802 extorrem
247 2780 305 2812 se,
339 2771 473 2816 inopem
499 2777 532 2805 et
555 2779 751 2818 coopertum
785 2775 932 2808 miseriis
965 2787 1061 2817 esse,
1095 2775 1294 2820 delitescat,
1332 2777 1392 2810 sed
1418 2780 1456 2811 ut

53 2829 263 2873 primarium
286 2831 402 2866 locum
426 2833 590 2870 obtineat.
639 2835 818 2880 Quocirca
841 2836 940 2871 locus
963 2836 1012 2872 ita
1037 2836 1285 2883 intelligendus
1310 2841 1384 2879 est,
1416 2840 1455 2871 ut
1509 2846 1513 2850 ’

122 2902 177 2948 11.
953 2934 956 2937 Δ
1142 2911 1174 2954 6
