1826 3276
383 185 436 223 10
743 181 786 224 C.
817 179 1140 223 SALLUSTI
1169 180 1382 226 CRISPI

380 296 528 341 omnia
572 298 720 338 nostra
763 294 963 352 corporis
1005 294 1112 350 alia,
1157 295 1242 340 alia
1274 297 1403 342 animi
1436 303 1636 342 naturam
1671 315 1742 344 se·

349 396 590 449 2quuntur.
656 388 795 447 Igitur
841 388 1074 446 praeclara
1122 389 1280 446 facies,
1326 406 1516 451 magnae
1557 393 1743 450 divitiae,

378 486 436 528 ad
470 485 559 528 hoc
592 483 654 526 vis
692 483 888 540 corporis
918 488 962 526 et
989 483 1074 526 alia
1101 484 1250 527 omnia
1283 484 1586 531 huiuscemodi
1618 489 1743 532 brevi

378 579 649 629 dilabuntur3
693 582 737 620 at
774 577 922 638 ingeni
965 579 1148 638 egregia
1192 579 1388 624 facinora
1430 582 1557 626 sicuti
1601 583 1742 626 anima

344 672 636 721 3immortalia
669 677 780 716 sunt.
847 673 1079 717 Postremo
1108 675 1306 734 corporis
1342 681 1384 720 et
1417 677 1620 722 fortunae
1654 676 1740 722 bo—

374 783 530 814 norum
562 773 612 813 ut
643 766 835 824 initium,
869 767 930 812 sic
963 769 1060 813 finis
1095 775 1183 825 est,
1219 771 1454 831 omniaque
1486 778 1583 817 orta
1618 773 1739 817 occi-

371 933 479 968 ctiore
499 943 601 966 sensu
623 931 666 965 (le
688 931 822 976 potiore
842 934 977 967 tantum
999 932 1053 966 sni
1075 935 1195 976 parte,
1216 934 1243 970 i.
1265 946 1296 971 e.
1319 935 1362 969 de
1385 935 1499 970 animo
1520 934 1740 980 intelligitur,

371 994 446 1037 (cf.
471 993 548 1027 Cat.
571 991 616 1034 Il,
638 990 704 1035 8.)
738 1002 848 1034 eoque
870 992 1024 1033 factum,
1055 996 1093 1027 ut
1117 993 1319 1036 Sallustius,
1354 1006 1460 1038 quum
1482 995 1595 1039 primo
1617 995 1653 1028 in
1675 995 1740 1028 lio-

371 1053 503 1086 minum
532 1054 656 1085 natura
689 1050 891 1094 explicanda
922 1051 1036 1096 magis
1067 1053 1221 1096 generali
1254 1065 1340 1087 voce
1374 1056 1514 1088 animae
1536 1065 1618 1088 usus
1639 1056 1738 1095 esset,

368 1123 450 1146 mox
473 1112 508 1145 in
531 1111 605 1144 eins
626 1111 744 1144 locum
776 1110 1002 1144 definitiorem
1026 1113 1132 1149 animi
1154 1094 1384 1148 substitueret.
1415 1132 1461 1139 —
1495 1113 1620 1147 Omnia
1652 1113 1740 1147 Cor-

368 1172 437 1206 tius
467 1172 581 1215 inepte
610 1170 684 1204 cod.
716 1170 840 1214 Franc.
871 1171 1075 1206 auctoritate
1104 1172 1225 1209 abesse
1247 1173 1347 1214 vult,
1380 1173 1465 1217 quia
1486 1172 1555 1209 ista
1576 1172 1673 1208 notio
1694 1183 1737 1207 ex

367 1237 509 1266 cunctae
534 1241 620 1264 voce
640 1230 867 1275 intelligatur.

457 1294 491 1334 §-
512 1291 547 1326 2.
593 1295 628 1325 et
646 1291 719 1324 alia
737 1291 852 1324 omnia
871 1290 1105 1326 huiuscemodi
1112 1291 1125 1335 ]
1151 1291 1218 1335 Et,
1242 1292 1335 1335 quod
1358 1292 1495 1327 Coi-tius
1514 1291 1620 1326 Acad.
1639 1302 1737 1326 seen-

365 1355 421 1386 tus
437 1351 596 1393 eiecerat,
619 1350 827 1384 Gerlachius
846 1353 939 1384 recte
953 1350 1038 1385 vidit
1060 1354 1200 1395 propter
1216 1363 1453 1396 praegressum
1477 1352 1527 1386 ad
1547 1351 1620 1393 boc,
1644 1352 1735 1395 quod

365 1412 481 1456 ipsum
503 1411 648 1454 copulae
670 1410 782 1444 vicem
806 1409 972 1445 sustinere
1003 1411 1154 1446 diximus
1175 1411 1219 1445 ad
1243 1412 1346 1446 Catil.
1368 1413 1506 1454 XXXI,
1528 1411 1586 1455 8.,
1622 1411 1735 1446 omitti

364 1483 432 1507 non
455 1484 574 1516 posse3
596 1482 678 1505 nam
699 1469 760 1504 ubi
778 1470 814 1504 in
834 1470 1084 1515 quadripartita
1107 1470 1275 1506 divisione
1293 1472 1433 1507 tertium
1454 1471 1650 1507 membrum
1672 1484 1734 1506 co-

362 1534 483 1575 pulam
505 1532 628 1573 habet,
654 1533 817 1573 quartum
839 1541 907 1564 non
938 1533 1050 1574 potest
1073 1527 1278 1566 ἀσύνδετον
1308 1542 1393 1566 esso.
1430 1550 1476 1558 —
1504 1533 1587 1568 Alia
1619 1534 1734 1567 omnia

363 1592 593 1626 huiuscemodi
623 1590 777 1635 plerique
810 1593 924 1624 tenent
954 1590 1072 1631 codd.;
1114 1591 1173 1624 sed
1205 1594 1368 1634 quattuor
1401 1591 1510 1627 curtii
1549 1597 1586 1628 et
1615 1603 1734 1627 omnes

361 1652 479 1686 Leidd.
496 1654 638 1695 excepto
649 1652 703 1693 L„
724 1650 954 1685 huiuscemodi
976 1649 1212 1694 interponunt,
1233 1661 1338 1694 quem
1358 1651 1544 1686 verborum
1565 1652 1732 1697 ordinem,

361 1724 384 1746 a
407 1712 525 1746 Cortio
558 1715 757 1754 receptum,
800 1709 1007 1744 Gerlachius
1029 1713 1209 1754 propterea
1242 1710 1373 1751 reiicit,
1406 1712 1498 1755 quod
1516 1713 1595 1747 ulia
1616 1714 1731 1747 omnia

362 1772 513 1806 t'ormula
535 1771 684 1806 solennis
706 1770 750 1804 sit
781 1770 872 1813 apud
895 1768 1113 1803 Sallustium.
1159 1769 1229 1804 Sed
1258 1781 1300 1804 ea
1321 1770 1364 1804 de
1386 1781 1507 1806 caussa
1529 1771 1643 1815 potius
1661 1773 1731 1806 hae

360 1843 463 1866 voces
485 1831 745 1875 coniungendae
765 1833 855 1871 sunt,
890 1828 982 1872 quod
1004 1827 1202 1873 Sallustius,
1231 1841 1276 1864 ne
1298 1831 1399 1874 plura
1420 1834 1609 1874 enumeret,
1640 1831 1727 1865 reli-

358 1903 426 1925 cua
450 1891 741 1935 comprehendit3'
766 1901 873 1934 quare
896 1899 1004 1933 quum
1033 1887 1200 1931 primaria
1222 1889 1317 1923 notio
1346 1890 1428 1924 insit
1457 1890 1493 1924 in
1514 1890 1631 1925 verbis
1654 1892 1728 1926 alia

356 1953 492 1993 omnia,
529 1953 794 1985 consentaneum
817 1952 868 1984 est
900 1959 942 1983 ea
964 1947 1146 1992 coniungi,
1184 1947 1295 1992 iisque
1316 1949 1509 1984 accuratius
1529 1951 1728 1986 definiendis

354 2022 544 2056 pronomen
574 2009 717 2052 subiici3
753 2020 834 2044 nam
865 2009 1097 2043 huiuscemodi
1116 2007 1251 2052 plenius
1273 2011 1326 2043 est
1358 2021 1447 2053 quae
1468 2010 1603 2055 quidem
1626 2011 1726 2045 huius

354 2074 492 2118 generis
509 2076 601 2106 sunt.
647 2070 693 2104 cf.
717 2081 746 2103 c.
765 2070 823 2112 lv,
846 2069 882 2106 Β.
905 2068 966 2104 ubi
990 2068 1083 2102 idem
1105 2068 1290 2104 verborum
1308 2069 1392 2103 ordo
1414 2069 1488 2105 sine
1509 2070 1582 2107 ulla
1597 2070 1724 2105 discre-

354 2132 472 2176 pantia
501 2130 660 2165 recurrit.

445 2194 479 2234 §.
499 2191 535 2225 3.
582 2195 621 2224 ut
643 2188 792 2230 initium,
814 2188 862 2222 sic
878 2188 960 2232 finis
983 2188 1058 2231 est]
1090 2187 1147 2221 Sic
1170 2198 1287 2222 omnes
1309 2188 1407 2223 codd.
1431 2190 1565 2230 tenent,
1587 2190 1723 2231 praeter

354 2251 473 2286 Guelf.
494 2250 529 2284 3.
561 2254 595 2284 et
616 2250 725 2286 Heus.
758 2259 843 2292 quos
870 2247 1006 2282 eortius
1036 2258 1218 2291 perperam
1250 2250 1389 2283 secutus
1421 2250 1486 2282 est.
1527 2247 1648 2292 Neque
1667 2250 1722 2282 ta-

351 2322 432 2346 men
454 2315 495 2346 'ut
515 2326 562 2336 ·-·-
583 2311 632 2343 sic
654 2308 843 2353 particulae
864 2307 1062 2352 significant
1083 2308 1165 2352 quia
1187 2325 1234 2333 —-—
1258 2308 1310 2342 ita
1333 2308 1456 2350 etiam,
1488 2308 1580 2352 quod
1603 2307 1720 2342 Cortio

351 2374 536 2416 praeeunte
557 2370 696 2414 repetiit
727 2369 952 2410 Gerlachius;
989 2368 1070 2411 quin
1093 2367 1207 2411 potius
1236 2368 1324 2402 haec
1346 2378 1466 2402 earum
1487 2370 1636 2411 potestas
1657 2370 1720 2409 est,

352 2436 392 2466 ut
414 2433 503 2466 duae
524 2442 591 2473 rea,
614 2441 701 2474 quae
725 2429 879 2464 subiecto
899 2428 1109 2470 tribuuntur,
1130 2428 1204 2462 sive
1225 2428 1350 2462 ambae
1373 2427 1514 2470 aientes,
1536 2426 1610 2461 sive
1625 2425 1719 2461 aiens

352 2494 481 2535 altera,
505 2492 616 2525 altera
637 2500 788 2534 negans,
817 2489 899 2533 pari
920 2489 1020 2532 plane
1043 2489 1078 2522 vi
1101 2488 1166 2522 sibi
1189 2491 1396 2531 aequentur3
1420 2486 1513 2530 quod
1533 2496 1630 2520 secus
1651 2488 1715 2530 est,

353 2552 413 2586 ubi
430 2556 466 2586 ut
482 2551 594 2585 solum
613 2550 730 2584 locum
745 2549 863 2592 habet,
888 2549 1014 2583 omissa
1030 2548 1066 2582 in
1085 2549 1194 2583 altera
1210 2551 1306 2590 parte
1324 2547 1371 2581 sio
1387 2547 1444 2580 vel
1464 2546 1516 2580 ita
1532 2544 1715 2589 particula.

351 2612 490 2656 Quippe
519 2614 594 2645 tum
622 2610 691 2644 ista
721 2609 844 2643 vocula
874 2609 1090 2643 similitudini
1121 2610 1254 2642 tantum
1284 2605 1534 2649 comparandae
1561 2604 1714 2645 inservit,

351 2671 556 2716 primarium
578 2668 765 2706 sententiae
786 2668 902 2701 locum
925 2680 967 2702 eo
990 2670 1145 2702 membro
1169 2666 1362 2709 obtinente,
1398 2665 1487 2708 quod
1510 2665 1583 2698 siue
1604 2663 1713 2708 parti-

351 2733 431 2767 cula
455 2735 518 2774 est,
540 2743 573 2766 v.
597 2742 627 2766 c.
649 2730 723 2766 Cic.
744 2729 788 2764 de
811 2727 882 2764 off.
906 2729 932 2772 l,
956 2728 1014 2772 42,
1038 2727 1070 2763 9.
1095 2727 1124 2763 si
1146 2726 1375 2772 (mercatura)
1401 2724 1535 2761 satiata
1557 2727 1712 2769 quaestu,
