1826 3276
417 180 783 224 IUGURTHA.
844 173 978 224 cAP.
1010 176 1167 221 LXIII.
1365 180 1481 223 ‘837

83 301 144 346 lia
177 298 387 361 portendi
421 298 651 360 haruspex
685 297 882 352 dixerat3
917 295 1135 357 proinde,
1179 292 1312 354 quae'
1330 294 1479 339 animo

84 398 308 459 agitabat,
348 397 488 441 fretus
535 396 603 441 dis
647 402 832 456 ageret,
870 394 1094 439 fortunam
1131 396 1266 452 quam
1306 393 1477 453 saepis—

82 510 210 540 sume
254 495 532 555 experiretur
552 525 565 550 ,
623 499 782 538 cuneta
842 506 1064 553 prospera
1121 496 1347 535 eventura.
1418 491 1517 537 Ate

83 592 209 638 illum
243 592 331 636 iam
366 598 498 636 antea
533 590 786 634 consulatus
819 590 980 650 ingens
1013 587 1180 648 cupido
1210 584 1480 648 exagitabat,

84 702 110 738 i.
133 714 166 738 e.
196 701 455 737 hostiis'eaesis
477 701 634 745 extisque
663 700 827 745 inspectis
859 700 920 744 qui
953 699 1101 733 deorum
1136 699 1172 732 in
1202 699 1318 744 ipsum
1346 700 1483 734 animus

83 767 176 799 esset
198 762 402 808 exquirenti.
447 763 603 797 Marium
626 765 744 796 autem
767 759 1046 804 superstitiosum
1072 759 1179 794 tuisse
1202 764 1236 794 et
1253 760 1485 806 religionibus

86 818 252 859 omnibus
274 823 381 857 nimis
404 824 562 866 deditum
586 832 776 868 cognoscas
809 832 850 855 ex
876 822 1094 865 Plutarcho,
1118 821 1194 855 vita
1218 821 1309 855 Mar.
1332 833 1363 857 c.
1390 822 1481 857 vm.

83 890 120 920 et
143 897 186 920 ex
209 883 376 919 Frontino
401 885 428 920 Ι.
453 885 510 919 11.
557 885 713 918 Eundem
739 882 1077 926 interpretandarum
1110 882 1324 927 religionum
1346 883 1485 927 peritis-

84 946 214 982 simum
247 945 354 980 fnisse
385 946 494 980 tradit
528 946 642 981 Valer.
674 945 770 979 Max.
797 944 834 986 1,
858 944 902 987 5,
926 944 959 978 5.
985 944 1095 978 coar.
1117 962 1162 970 -
1187 944 1256 978 Pro
1273 945 1484 989 supplicanti

84 1007 223 1054 Gortius
246 1006 386 1050 scripsit
407 1008 627 1053 supplicante
644 1032 652 1048 ,
679 1010 717 1040 ut
741 1010 794 1040 est
817 1006 852 1039 in
878 1005 1023 1040 Eccard.
1047 1010 1081 1040 et
1108 1005 1226 1038 Guelf.
1251 1004 1285 1039 4.
1310 1016 1332 1039 a
1356 1017 1405 1039 m.
1428 1016 1481 1050 pr.

83 1069 156 1104 Sed
179 1068 285 1102 huius
308 1068 506 1113 scripturae
527 1067 716 1102 auctoritas
739 1071 882 1102 externa
907 1070 978 1102 tam
1003 1070 1054 1100 est
1077 1066 1225 1112 exigua,
1248 1066 1385 1101 interna
1409 1070 1482 1101 tam

82 1131 194 1172 nulla,
217 1135 257 1164 ut
278 1116 404 1163 merito
427 1129 585 1173 plerique
607 1129 758 1164 editores
782 1129 825 1163 ad
853 1132 1040 1174 vulgatam
1065 1129 1243 1168 redierint,
1267 1139 1482 1172 quamquam

83 1191 191 1238 Bipp.
214 1194 251 1226 et
277 1191 470 1226 Muellerus
495 1189 692 1225 ablativum
722 1190 951 1225 retinuerunt.
998 1191 1103 1225 Patet
1125 1190 1218 1224 euim
1243 1189 1382 1224 dixerat
1403 1200 1483 1223 ver-

83 1253 171 1288 bum
193 1263 262 1286 non
285 1252 443 1287 absolute
466 1262 541 1285 esse
563 1251 738 1295 positum,
772 1263 843 1296 qua
865 1252 941 1286 sola
963 1251 1098 1286 ratione
1121 1251 1269 1286 ablativi
1294 1251 1380 1284 ferri
1402 1262 1483 1295 pos-

84 1317 183 1358 sent,
217 1313 263 1348 cf.
293 1313 436 1347 Walch.
461 1313 632 1347 Emendd.
668 1312 767 1346 Livv,
802 1324 836 1356 p.
871 1311 953 1354 81.;
983 1324 1092 1357 quaro
1115 1324 1224 1356 quum
1249 1312 1286 1345 in
1309 1311 1484 1355 sequenti-

83 1376 172 1423 bus,
202 1386 265 1420 per
297 1375 444 1420 proinde
475 1374 685 1418 particulam
720 1378 816 1407 arcte
850 1385 931 1407 cum
967 1373 1178 1418 antegressis
1201 1373 1483 1415 cohaerentibus,

12 1446 15 1451 ’
83 1430 198 1472 oratio
234 1439 356 1480 aperte
387 1436 433 1471 ad
466 1436 580 1481 ipsum
604 1435 761 1470 Marium
785 1435 982 1480 dirigatur,
1015 1434 1172 1479 sequitur
1195 1434 1302 1468 etiam
1326 1434 1362 1468 in
1385 1437 1483 1468 ante-

85 1497 286 1533 cedentibus
308 1497 455 1531 verbum
479 1498 620 1532 dixerat
643 1498 686 1532 ad
711 1509 791 1531 eum
817 1496 939 1532 referri
964 1496 1103 1530 debere.
1126 1517 1170 1522 —
1201 1495 1483 1530 portendere

87 1558 223 1604 aliquid
247 1570 304 1592 res
326 1561 362 1593 et
384 1558 489 1604 signa
511 1558 691 1601 dicuntur,
724 1569 815 1602 quae
838 1569 861 1592 a
883 1558 1023 1603 vulgari
1045 1561 1173 1592 natura
1196 1557 1389 1599 recedunt,
1423 1566 1483 1590 eo-

85 1631 155 1664 que
177 1631 242 1664 pro
265 1619 404 1655 indiciis
430 1630 552 1653 rerum
584 1620 782 1654 futurarum
813 1619 929 1654 solitis
960 1619 1135 1653 maiorum
1164 1619 1361 1659 habentur;
1392 1617 1484 1651 uude

86 1681 199 1717 etiam
221 1685 383 1726 portenta
407 1680 514 1715 dicta.
545 1681 591 1714 ct.
615 1681 770 1726 Herzog.
804 1681 850 1714 ad
873 1680 975 1715 Catil.
1002 1680 1140 1719 XLVII,
1164 1680 1198 1714 2.
1223 1698 1270 1704 —
1304 1677 1483 1723 Agitabat
1523 1672 1525 1675 ¹

86 1742 189 1777 verbi
210 1743 337 1777 modus
357 1742 485 1787 pendet
517 1742 563 1776 ab
586 1741 661 1786 ipso
685 1741 859 1776 narrantis
891 1740 1040 1783 iudicio,
1073 1739 1223 1775 orationi
1255 1739 1346 1773 alius
1376 1739 1484 1773 inter-

86 1805 224 1850 posito,
244 1806 297 1839 ita
331 1807 391 1846 ut,
414 1814 505 1846 quae
534 1803 654 1838 omnia
685 1814 727 1836 ex
757 1806 875 1837 mente
897 1802 994 1845 eius,
1019 1802 1118 1836 cuius
1143 1802 1252 1836 verba
1275 1801 1484 1843 afferuntur,

87 1865 240 1912 proferri
261 1865 454 1904 debebant,
478 1874 520 1898 ea
542 1875 584 1898 ex
607 1868 709 1908 parte
732 1869 898 1908 tanquam
920 1876 985 1898 sua
1007 1867 1130 1898 auctor
1153 1862 1325 1904 enunciet,
1348 1873 1390 1895 ex
1414 1872 1484 1905 quo

87 1924 226 1962 diverso
249 1922 503 1969 cogitationum
526 1925 623 1961 fonte
645 1925 825 1961 indicativi
849 1925 884 1960 in
907 1925 1065 1960 oratione
1097 1924 1240 1968 obliqua
1275 1934 1358 1956 usus
1388 1922 1486 1956 haud

89 1985 291 2030 infrequens
313 1986 519 2029 repetendus
542 1989 608 2023 est.
653 1988 800 2021 Praeter
823 1987 930 2030 locos,
958 1985 1084 2029 quibus
1109 1985 1177 2018 hoc
1201 1988 1396 2025 structurae
1420 1995 1484 2029 ge-

38 2069 49 2079 «
87 2057 153 2082 nus
191 2045 265 2080 iam
301 2044 502 2092 tetigimus,
545 2049 643 2082 velut
683 2048 759 2083 Cat.
781 2047 895 2090 xlv,
930 2047 964 2081 Ἰ.
999 2046 1153 2088 xxvn,
1186 2045 1221 2079 4.
1254 2046 1303 2087 L,
1333 2044 1367 2078 3.
1407 2045 1485 2089 lug.

89 2107 287 2149 xxxvlu,
308 2105 342 2141 9.
367 2109 492 2148 xmx,
521 2108 555 2143 2.
580 2109 627 2143 ct.
655 2109 739 2143 ibid.
766 2110 894 2151 XXIX,
909 2110 942 2144 1.
970 2108 1058 2150 LIV,
1083 2107 1117 2142 l.
1171 2107 1334 2140 Metellus
1358 2107 1485 2140 milites

91 2168 254 2203 henaim
285 2169 333 2202 ad
364 2175 505 2212 cetera,
539 2181 629 2215 quae
671 2171 764 2204 levia
808 2175 932 2213 sunt,
972 2180 1096 2214 parem
1139 2168 1294 2202 animum
1339 2170 1486 2212 gerant.

91 2228 261 2270 LXXXI,
284 2228 318 2263 l.
364 2230 540 2270 Romanos
579 2231 766 2266 communis
801 2232 952 2265 omnium
981 2231 1093 2268 'hostis
1125 2241 1218 2271 esse,
1261 2228 1335 2272 quis
1368 2226 1486 2261 omnia

90 2300 206 2336 regna
236 2289 388 2325 advorsa
419 2297 537 2327 sunt.
570 2292 666 2333 cvl,
689 2292 725 2327 3.
776 2292 929 2327 Etiamsi
951 2298 1047 2328 certa
1069 2293 1177 2337 pestis
1200 2290 1362 2329 adesset,
1385 2299 1486 2321 man-

91 2361 211 2386 surum
230 2351 369 2395 potius,
396 2363 500 2396 quam
522 2353 694 2396 proditis,
726 2365 809 2399 quos
833 2355 1058 2397 ducebat,
1092 2353 1187 2397 turpi
1202 2354 1301 2395 faga
1328 2351 1488 2385 incertae

91 2411 188 2446 vitas
209 2417 382 2456 parceret.
406 2413 500 2454 cxl,
523 2412 558 2447 2.
606 2413 682 2447 Rex
707 2419 880 2456 metuere,
911 2427 955 2448 ne
977 2414 1200 2459 popularium
1225 2411 1359 2445 animas
1383 2422 1488 2444 avor-

91 2477 204 2514 ἱστοῦ,
234 2474 311 2518 quis
334 2478 369 2508 et
403 2474 579 2519 Iugurtha
603 2485 705 2509 caras
736 2481 771 2510 et
795 2475 948 2510 Romam·
971 2476 1074 2510 invisi
1099 2478 1247 2508 erant.
1271 2474 1318 2507 cf.
1352 2473 1489 2507 Boetti-

93 2532 192 2568 chori
225 2533 309 2568 Lex.
341 2534 455 2571 Tacit.
486 2547 519 2569 v.
555 2536 704 2571 Iudicat.
733 2548 768 2580 p.
801 2536 883 2572 253.
916 2540 950 2572 et
981 2535 1156 2581 Kruegeri
1188 2534 1420 2579 Quaestiones
1445 2534 1490 2568 de

89 2593 174 2630 ω.
196 2594 299 2642 Ling.
323 2596 427 2631 Fasc.
449 2596 476 2630 Ι.
503 2607 536 2640 p.
560 2596 607 2631 64
630 2608 703 2641 sqq.
728 2617 773 2623 —
809 2598 979 2642 Prospera
1003 2597 1118 2631 minor
1147 2596 1288 2640 quidem
1313 2595 1488 2629 librorum

94 2664 203 2689 manu
228 2656 438 2701 scriptorum
470 2668 637 2691 numerus
667 2658 828 2703 exhibet,
863 2658 1036 2703 plerisque
1067 2657 1275 2692 admrbium
1309 2655 1491 2690 ostenden-

95 2701 214 2757 filiun
235 2716 296 2752 sed
322 2717 534 2752 adiectivum
565 2718 663 2753 haud
686 2719 792 2754 dubie
815 2731 962 2762 verum,
997 2718 1086 2753 illud
1107 2718 1155 2754 ab
1179 2716 1489 2762 interpolawtibus

95 2785 232 2810 mum.
257 2777 304 2813 cf.
329 2778 374 2814 ad
398 2778 504 2814 Catil.
530 2779 655 2823 XXVI,
674 2779 709 2813 5.

163 2848 220 2894 11.
283 2876 287 2877 ν
1136 2850 1212 2895 22
