1826 3276
483 187 841 232 IUGURTHA.
906 186 1037 230 CAP.
1063 185 1200 230 XCV.
1447 187 1534 227 5⁰9

144 308 328 355 callidus
364 312 409 352 et
444 306 634 351 amicitia
667 304 833 358 facilis;
879 304 939 348 ad
974 301 1222 348 simulanda
1255 302 1437 364 negotia
1463 301 1532 344 al-

140 405 286 452 titudo
321 405 474 467 ingeni
507 400 802 456 incredibilis3
837 401 1079 446 multarum
1104 414 1254 444 rerum
1284 414 1339 443 ac
1373 413 1531 449 maxu-

139 531 203 578 qui
225 535 369 577 propter
389 534 529 575 turpem
551 528 722 574 pecuniae
748 527 946 572 cupidinem
969 517 1191 561 detestabiles
1212 525 1419 570 videntur),
1443 523 1532 558 nisi

140 595 216 639 (sc.
246 605 289 628 eo
322 591 508 627 excusandi
539 590 792 644 snut),quod
822 600 951 623 merces
985 589 1029 621 ab
1063 598 1126 632 eo,
1162 587 1223 632 qui
1255 587 1372 620 iubere
1405 589 1531 630 potest,

139 655 209 689 vin
231 653 448 688 necessitatis
468 653 585 696 affert.
758 650 811 689 'x

230 715 276 750 de
299 717 430 756 uxore]
455 711 624 748 Nonnulli
647 711 690 745 de
715 711 790 745 sola
813 710 956 744 Valeria
977 709 1198 754 intelligunt,
1222 719 1330 752 quam
1353 707 1455 742 Sulla
1476 719 1531 742 se-

138 787 224 818 nex,
247 773 447 810 meretricio
474 784 574 808 more
596 773 633 807 in
655 773 793 807 theatro
817 771 884 815 ipsi
907 770 1150 812 insidiantem,
1183 781 1329 803 uxorem
1352 768 1472 813 duxit,
1492 773 1530 803 ut

135 846 221 872 sane
250 843 320 870 non
348 835 540 870 admodum
569 834 714 868 honeste
747 832 941 876 quaesitam
974 831 1091 876 dicas,
1125 835 1212 866 teste
1234 830 1446 871 Plutarcho,
1468 830 1529 873 qui

139 896 176 932 in
199 897 273 932 vita
296 896 419 930 Sullae
441 906 470 929 c.
498 894 643 929 XXXV.
666 897 752 928 extr.
777 892 847 929 οὐκ
871 891 910 929 ἐκ
934 891 1150 937 σώφρονος,
1174 891 1304 936 iuquit,
1327 892 1390 927 καὶ
1414 891 1548 937 καλῆς.

139 957 270 1005 ἔγημεν
295 955 420 1002 ἀρχῆς.
468 954 539 989 Sed
564 966 672 999 quum
697 958 801 988 antea
828 955 948 999 plures
971 955 1118 989 haberet
1141 965 1266 988 uxores
1290 957 1324 988 et
1348 953 1528 988 nihilomi-

138 1031 204 1055 uus
242 1022 409 1064 perpetuo
447 1018 600 1052 aliarum
632 1015 824 1050 mulierum
865 1005 1026 1058 turpibus
1059 1015 1240 1050 amoribus
1270 1015 1452 1057 haereret,
1495 1015 1531 1049 id

137 1080 232 1126 quod
255 1078 467 1125 intelligitur
489 1091 531 1114 ex
555 1078 675 1113 multis
698 1076 884 1111 Plutarchi
907 1076 1019 1120 locis,
1044 1076 1096 1120 (v.
1120 1087 1151 1110 c.
1177 1076 1236 1118 Vl,
1259 1079 1344 1110 extr.
1369 1077 1530 1120 XXXVI,

136 1141 185 1177 in.
219 1141 302 1177 coll.
335 1141 454 1175 verbis
484 1151 590 1185 supra
619 1142 655 1183 §.
678 1138 714 1174 3.
746 1137 885 1181 allatis,
918 1148 1010 1181 quae
1042 1148 1084 1171 ex
1118 1141 1236 1171 nostro
1267 1137 1346 1171 loco
1379 1150 1450 1172 non
1473 1151 1528 1173 ex-

135 1214 254 1250 pressa
287 1206 392 1244 suut,
430 1201 492 1237 sed
522 1212 605 1235 eum
638 1200 728 1234 bene
767 1198 965 1243 illustrant)
1003 1198 1129 1233 melior
1164 1198 1303 1232 videtur
1335 1200 1461 1246 Langii
1494 1204 1530 1236 ct

133 1263 247 1300 Fabri
277 1261 465 1305 sententia,
503 1261 564 1306 qui
594 1261 711 1295 uxoris
736 1261 910 1294 vocabulo
941 1262 1082 1294 censent
1112 1259 1241 1294 latiore
1263 1271 1364 1294 sensu
1388 1262 1528 1297 omniuo

135 1336 209 1360 rem
236 1324 418 1365 'uxoriam‚
448 1333 540 1367 quae
570 1321 794 1356 matrimonio
825 1321 971 1355 colendo
1003 1323 1160 1363 constat,
1185 1320 1364 1366 designari
1389 1342 1434 1347 —
1459 1323 1528 1358 Po-

135 1386 205 1422 tuit
234 1383 438 1420 Latinorum
469 1393 569 1417 more
598 1386 697 1417 extra
727 1382 967 1416 condicionem
1001 1381 1152 1425 positum
1177 1385 1248 1423 est,
1275 1382 1337 1416 ubi
1364 1395 1429 1418 nos
1451 1396 1528 1419 rem

133 1458 177 1482 ex
198 1444 412 1492 cogitatione
430 1455 636 1489 suspensam
659 1442 881 1478 coniunctivo
902 1441 1082 1487 praeteriti
1099 1442 1267 1486 temporis
1289 1445 1528 1482 enunciamus.

100 1521 112 1527 ⁴
135 1507 312 1544 Nonnulla
340 1506 384 1540 de
417 1506 488 1540 hoe
526 1517 593 1540 usu
627 1505 779 1540 diximus
803 1505 848 1540 ad
882 1505 958 1539 Cat.
990 1504 1054 1547 LI,
1079 1503 1113 1537 4.
1141 1515 1175 1548 p.
1198 1502 1280 1538 236.
1328 1504 1528 1551 Diligenter

136 1579 219 1603 eum
249 1565 424 1613 persecuti
459 1569 538 1600 sunt
570 1566 774 1611 Kruegerus
803 1567 964 1610 Quaestt.
999 1565 1042 1599 de
1075 1565 1153 1599 Lat.
1185 1564 1289 1610 Ling.
1322 1566 1398 1600 Vol.
1423 1567 1468 1600 11.
1491 1579 1524 1611 p.

132 1629 205 1665 863
227 1640 301 1674 sqq.
331 1626 540 1662 Kuehuerus
577 1626 622 1660 ad
647 1626 720 1673 Cic.
749 1627 875 1662 Tusce.
909 1627 939 1671 Ι,
964 1625 1022 1668 49,
1051 1625 1131 1660 116.
1166 1628 1200 1659 et
1223 1625 1267 1659 ad
1298 1626 1351 1668 ΙΙ,
1384 1627 1442 1669 19,
1468 1626 1526 1663 45.

133 1690 225 1736 Aug.
246 1689 417 1724 Matthias
440 1687 484 1722 ad
501 1697 554 1720 or.
576 1686 613 1721 in
637 1687 738 1722 Catil.
763 1689 824 1731 111,
842 1688 876 1730 9,
900 1688 959 1722 22.
980 1690 1015 1721 et
1033 1686 1264 1720 Frotscherus
1288 1687 1333 1720 ad
1356 1688 1526 1732 Quinctil.

134 1753 182 1794 X,
204 1751 240 1794 l,
271 1749 354 1786 118.
386 1761 420 1794 p.
436 1739 526 1782 ⁴102.
546 1748 582 1782 b.
615 1766 662 1772 -
695 1749 880 1783 consulere
911 1744 992 1782 cum
1023 1746 1194 1782 adverbio
1228 1748 1450 1784 coniunctum
1471 1753 1526 1785 est

134 1813 279 1847 consilia
301 1811 376 1846 sive
399 1810 532 1856 agendi
553 1809 725 1844 rationem
749 1810 838 1844 inire
861 1815 895 1845 et
913 1810 1010 1855 sequi
1018 1823 1030 1853 3
1055 1810 1100 1844 cf.
1125 1809 1201 1844 Cat.
1219 1808 1276 1850 LI,
1298 1807 1334 1841 4.
1383 1808 1524 1854 Magna

133 1874 222 1909 nilus·
243 1873 343 1918 copia
366 1875 419 1906 est
440 1871 679 1912 memorandi,
710 1883 828 1916 quae
861 1883 965 1917 reges
990 1875 1096 1915 atque
1115 1869 1237 1914 populi
1271 1870 1393 1904 male
1426 1881 1524 1903 con-

135 1936 391 1971 suluerunt.
429 1931 567 1967 Pseudo
583 1952 597 1958 —
618 1931 707 1967 Sall.
730 1933 774 1967 de
797 1933 885 1977 Rep.
910 1932 985 1967 ord.
1007 1932 1035 1974 1,
1060 1931 1094 1973 1,
1117 1929 1152 1965 5.
1203 1931 1245 1964 Id
1269 1931 1403 1972 evenit,
1439 1931 1523 1976 quia

130 1997 286 2043 plerique
307 2005 422 2030 rerum
443 1998 604 2038 potentes
624 2004 846 2038 perverse
870 1994 1134 2028 consulunt.
1158 1991 1235 2025 Liv.
1260 1992 1374 2035 XXX,
1390 1991 1447 2034 43,
1465 1991 1523 2026 13.

136 2059 188 2093 De
216 2056 377 2104 perfugis
409 2056 629 2101 gravius,
666 2067 771 2100 quam
807 2055 851 2089 de
878 2054 1049 2099 fugitivis
1081 2053 1357 2087 consultum.
1381 2072 1427 2077 —
1451 2053 1524 2086 Fa-

133 2118 265 2154 cundus
287 2116 539 2162 explicavimus
562 2116 608 2151 ad
642 2115 874 2157 cchxxxv,
898 2114 956 2150 26.
973 2134 1021 2140 -
1043 2114 1210 2149 Amicitia
1226 2115 1350 2158 facilis
1375 2114 1524 2148 Forcel-

115 2179 228 2231 ⁴linus
248 2178 286 2213 in
309 2179 392 2213 Lex.
414 2178 457 2213 L.
478 2178 730 2224 iuterpretatur
753 2177 865 2220 facile
897 2175 963 2209 sibi
996 2176 1125 2210 amicos
1143 2187 1300 2220 paraus,
1333 2175 1427 2219 quod
1449 2175 1524 2209 fere

135 2239 301 2286 cong-ruit
321 2250 403 2273 cum
425 2239 538 2274 Gortii
560 2239 748 2281 sententia,
770 2237 830 2282 qui
853 2236 1002 2281 explicat
1025 2237 1142 2282 quod
1174 2238 1236 2272 ad
1269 2236 1522 2271 amicitiam

128 2302 262 2348 facilis.
308 2300 380 2336 Sed
401 2300 486 2335 huic
517 2300 708 2336 sententiae
730 2299 909 2335 ablativus
931 2309 1074 2343 prorsus
1095 2296 1232 2331 alienus
1254 2301 1329 2340 est,
1361 2308 1404 2331 ac
1427 2296 1522 2330 dati-

134 2373 200 2398 vu·
220 2361 337 2407 potius
355 2361 567 2406 requiritur,
590 2365 631 2396 ut
653 2360 967 2396 demonstravimus
988 2358 1033 2393 ad
1056 2371 1087 2394 c.
1112 2358 1202 2400 xci,
1226 2357 1260 2394 7.
1306 2358 1384 2393 Non
1406 2357 1524 2403 magis

134 2418 221 2459 ferri
242 2426 374 2469 potest,
399 2423 491 2467 quod
513 2422 671 2468 [cangius
691 2424 801 2458 verbu
823 2422 1079 2466 interpretatur.
1094 2419 1139 2453 in
1162 2419 1319 2454 amicitia
1348 2420 1522 2454 varius.

133 2484 225 2521 Num
252 2485 376 2530 facilis
411 2485 447 2519 h.
486 2485 510 2518 l.
544 2495 615 2518 non
650 2495 693 2518 ex
724 2482 866 2529 vulgari
907 2493 974 2516 usu
1009 2484 1062 2516 est
1101 2481 1281 2525 expeditus
1298 2505 1309 2522 ,
1348 2480 1522 2525 proclivis,

134 2550 334 2591 promptus,
358 2546 419 2580 sed
441 2546 536 2581 velet
558 2545 674 2586 comis,
697 2545 881 2590 benignus,
900 2543 1072 2588 affabilia
1095 2541 1249 2576 ablativo
1273 2543 1390 2576 autem
1414 2551 1522 2585 quum

135 2606 333 2642 accuratius
365 2605 538 2641 indicetur
568 2616 719 2649 quonam
742 2605 847 2640 modo
871 2605 974 2640 Sulla¹
997 2603 1121 2647 facilis
1142 2602 1270 2647 fuerit,
1294 2603 1451 2637 amicitia
1474 2601 1523 2636 si-

133 2667 281 2714 gnificat
300 2657 450 2703 amicant
473 2667 627 2701 animum
651 2666 719 2710 (sc.
744 2666 924 2710 omuibus)
948 2665 1179 2707 ostendendo,
1202 2664 1295 2709 quod
1316 2663 1403 2713 satis
1425 2673 1522 2696 eom-

133 2729 237 2764 mode
261 2727 462 2764 calliditatis
483 2726 809 2762 commemorationi
838 2726 1055 2772 adiungitur.
1081 2744 1128 2752 —
1149 2714 1366 2761 Altitudo
1399 2723 1523 2769 ingeni

134 2793 269 2826 mm
287 2790 472 2826 condendis
492 2790 531 2824 in
553 2789 661 2824 imum
683 2800 745 2823 seu
765 2789 978 2834 profundum
999 2792 1121 2833 pectus
1143 2787 1303 2829 consiliis,
1327 2789 1366 2822 ut
1388 2784 1520 2820 nemini
