1826 3276
399 189 481 228 4⁰4
763 180 808 221 C.
837 176 1426 223 SAL-LUSTI'GRISPI

402 299 508 341 locis
546 311 599 340 ex
634 295 762 352 copia
795 307 998 337 maxume
1031 291 1200 336 idoneis
1235 292 1381 336 vineas
1415 307 1574 353 agere,
1608 308 1750 355 agge-

401 407 495 436 rem
523 391 680 444 iacere,
712 393 756 431 et
784 402 916 447 super
945 402 1159 447 aggerem
1185 387 1396 446 impositis
1426 388 1614 435 turribus
1639 403 1750 448 opus

407 492 450 529 et
494 482 768 527 administros
811 483 951 526 tutari.
1031 481 1196 527 Contra
1227 481 1340 526 haee
1377 481 1591 542 oppidani
1629 482 1753 527 festi—

402 640 626 680 Gerlachiue,
661 639 722 682 qui
751 640 844 674 iubet
876 639 910 673 in
944 642 1038 672 textu
1068 640 1120 672 ed.
1152 638 1234 672 mai.
1268 650 1466 682 expressum
1495 639 1531 673 in
1554 640 1755 674 Commentt.

401 713 436 745 p.
457 700 536 734 312.
566 703 657 733 recte
693 700 851 741 damnat,
886 698 1003 742 paullo
1034 701 1109 741 post
1139 697 1175 730 in
1204 697 1256 730 ed.
1290 697 1373 731 min.
1405 693 1590 734 lectoribus
1613 698 1755 743 indigno

403 761 506 795 modo
527 759 694 799 illudens,
728 759 885 802 spuriam
914 768 1034 791 vocem
1056 757 1210 807 repetiit,
1243 768 1347 800 quam
1371 757 1520 792 Weisiue
1541 769 1696 802 quoqne,
1720 761 1757 791 nt

402 821 492 855 falsa
514 818 649 860 omnia,
674 815 903 861 amplectitur.
950 817 989 850 In
1011 815 1074 850 tali
1097 828 1135 850 re
1157 820 1272 850 autem
1295 818 1466 852 narranda
1487 827 1556 851 non
1579 828 1664 861 opus
1685 828 1758 851 esse

400 881 515 915 iubere
546 879 692 912 verbum
706 900 716 918 ‚
747 875 942 910 monuimus
965 876 1009 910 ad
1032 888 1062 911 c.
1090 877 1175 918 mv,
1197 876 1231 912 6.
1255 893 1299 902 —-
1322 877 1414 910 Tum
1441 881 1577 921 partem
1590 875 1757 924 >codicum

401 941 472 975 alia
494 938 689 982 corruptela
710 935 856 975 invasit3
887 944 970 969 nam
1002 935 1037 969 in
1060 936 1231 971 nonnullis
1263 935 1445 977 Glareaffi,
1468 936 1584 970 Guelf.
1605 936 1640 970 2.
1661 936 1757 970 Leid-

401 1001 438 1034 G.
462 1000 505 1033 G.
529 999 569 1033 Ia.
602 998 673 1031 Erl.
697 995 813 1030 Berol.
838 994 872 1028 1.
905 994 940 1028 2.
973 996 1091 1029 Guelf.
1115 996 1147 1030 3.
1175 1007 1221 1029 m.
1245 1006 1298 1038 pr.
1331 994 1418 1028 Tur.
1441 994 1474 1030 1.
1497 1007 1543 1030 m.
1565 1007 1633 1031 see.
1666 1000 1701 1030 et
1722 995 1757 1029 in

400 1058 550 1103 quinque
572 1057 662 1091 ltall.
686 1058 766 1089 ante
797 1053 878 1087 locis
901 1053 1055 1087 additum
1079 1058 1131 1088 est
1152 1055 1290 1089 duobus.
1338 1054 1436 1098 Quod
1461 1066 1672 1099 quamquam
1694 1066 1757 1099 ap—

399 1122 497 1163 paret
518 1121 661 1162 propter
682 1114 790 1148 verba
813 1123 854 1146 ex
875 1113 973 1156 eopia
995 1113 1160 1148 insertum
1181 1124 1267 1154 esse,
1291 1115 1406 1147 tamen
1428 1113 1569 1148 difficile
1586 1117 1638 1148 eet
1655 1113 1757 1154 dictu,

401 1190 462 1212 cur
492 1176 759 1220 interpolatores
791 1173 920 1206 duobus
950 1162 1167 1216 potissimum
1189 1173 1273 1207 loeis
1288 1198 1298 1215 ‚
1332 1184 1442 1217 neque
1464 1172 1620 1217 pluribus
1640 1172 1759 1207 vin-eas

400 1241 494 1272 actas
518 1247 593 1271 esse
625 1234 857 1278 opinarentur.
906 1232 973 1266 Sed
995 1233 1073 1266 luce
1106 1232 1231 1266 clarius
1262 1236 1312 1266 est
1333 1232 1501 1267 incertum
1522 1231 1674 1275 aliquem
1695 1242 1758 1265 nu-

401 1307 535 1332 merum
567 1294 766 1339 significare
798 1293 906 1325 verba
931 1293 1078 1326 maxime
1109 1292 1238 1326 idoneis
1262 1292 1374 1325 relata
1397 1292 1440 1325 ad
1463 1290 1635 1335 proximae
1658 1301 1760 1325 voces

401 1368 442 1391 ex
475 1355 592 1399 copia,
625 1363 772 1396 quarum
803 1362 892 1395 quae
920 1349 1084 1385 sententia
1115 1349 1160 1384 sit
1191 1350 1262 1383 iam
1290 1349 1438 1383 diximus
1469 1350 1514 1384 ad
1546 1362 1578 1385 c.
1608 1350 1700 1392 LIV,
1723 1351 1757 1385 9.

400 1417 516 1459 Inepte
538 1418 654 1447 autem
677 1411 851 1456 bangius:
881 1410 1057 1452 „duobus,
1090 1409 1223 1453 inquit,
1256 1409 1300 1443 ob
1323 1409 1497 1453 sequentia
1521 1419 1560 1443 ex
1581 1409 1678 1454 eopia
1701 1408 1758 1442 vix

401 1474 623 1509 reiiciendum
649 1471 795 1506 videtur.
839 1469 929 1504 Nam
951 1470 1039 1503 haee
1062 1469 1162 1503 aliter
1185 1469 1352 1512 explicari
1372 1480 1439 1503 non
1461 1471 1622 1512 possunt,
1645 1478 1687 1502 ao
1717 1479 1757 1502 ex

402 1534 554 1569 omnibus
578 1532 692 1565 locis.“
715 1549 760 1555 —
783 1531 891 1563 Porro
913 1527 1150 1562 incredibilem
1172 1538 1246 1562 rem
1269 1527 1472 1562 Sallustium
1491 1530 1688 1561 narrantem
1710 1527 1757 1561 se-

400 1597 519 1627 cer-unt
541 1589 697 1631 librarii,
722 1594 799 1633 post
820 1589 940 1623 vineas
962 1598 1070 1632 agere
1092 1587 1277 1621 inferentes
1297 1598 1462 1632 superque
1484 1597 1562 1628 eae,
1585 1587 1676 1630 quod
1697 1587 1758 1620 ab·

400 1652 542 1686 surdum
565 1661 638 1684 esse
661 1652 695 1682 et
711 1659 766 1682 res
783 1647 860 1691 ipsa
882 1647 1020 1688 elamat,
1045 1649 1078 1680 et
1101 1646 1255 1689 plerique
1277 1657 1394 1680 omnes
1417 1646 1566 1681 editore·
1586 1657 1648 1690 pro
1665 1649 1758 1680 certo

401 1712 541 1746 hahent.
597 1709 778 1748 Glossam,
811 1717 915 1751 quam
945 1705 1041 1739 haud
1078 1704 1181 1738 dubie
1211 1705 1405 1748 proximum
1434 1717 1554 1751 super,
1587 1706 1644 1740 vel
1679 1706 1757 1740 loco

388 1776 561 1815 ¹motum,
585 1768 643 1802 vel
671 1758 787 1800 versui
817 1764 1105 1810 superscriptum,
1136 1764 1257 1808 genuit
1272 1790 1282 1807 ‚
1312 1766 1457 1809 produnt
1486 1765 1592 1800 etiam
1627 1766 1759 1800 multae

402 1827 671 1872 discrepantiae3
705 1836 784 1859 nam
816 1836 879 1868 pro
910 1835 1074 1868 superque
1109 1835 1168 1857 eas
1198 1823 1234 1858 in
1267 1822 1382 1859 Guelf.
1413 1826 1446 1859 1.
1478 1828 1513 1859 et
1541 1824 1616 1859 Vin.
1641 1825 1675 1859 1.
1706 1829 1757 1859 est

403 1899 505 1934 super
535 1897 679 1931 eaeque,
707 1885 744 1919 in
778 1884 892 1918 Guelf.
923 1883 958 1919 6.
989 1894 1090 1927 super
1121 1895 1195 1925 eos,
1226 1883 1263 1917 in
1291 1884 1386 1918 Leid.
1410 1884 1460 1918 M.
1493 1895 1595 1928 super
1620 1894 1698 1924 eae,
1721 1883 1757 1918 in

403 1951 526 1983 Hense.
550 1950 583 1980 et
604 1946 682 1980 Sen.
706 1945 740 1979 2.
772 1955 958 1989 snperque‚·
987 1946 1107 1977 eontra
1136 1942 1173 1977 in
1204 1943 1342 1978 Fabrie.
1368 1944 1402 1977 2.
1425 1945 1545 1978 desunt
1574 1943 1682 1977 verba
1702 1943 1756 1977 ἰα-

404 2018 477 2042 cere
510 2010 544 2040 et
575 1993 676 2049 super
707 2016 898 2050 aggerem,
935 2003 972 2037 in
1003 2003 1120 2037 Venet.
1152 2001 1185 2035 4.
1219 2007 1252 2037 et
1280 2014 1380 2047 super
1410 2013 1597 2048 aggerem,
1630 2001 1666 2036 in
1690 2013 1757 2036 uno

404 2064 558 2101 Putschii
590 2074 692 2108 super
722 2067 802 2098 ante
834 2074 1025 2108 aggerem‚·
1054 2061 1090 2096 in
1121 2061 1239 2095 Bet-ol.
1272 2062 1305 2096 1.
1336 2065 1451 2096 autem
1483 2073 1544 2106 pro
1574 2062 1686 2096 iacere
1716 2066 1756 2096 et

403 2135 535 2170 super
557 2134 724 2169 aggerem
748 2122 875 2168 legitur
898 2123 1010 2156 iacere
1033 2132 1252 2166 superque
1277 2133 1376 2166 agg„
1409 2121 1532 2165 quibus
1554 2120 1756 2165 corruptelis

403 2187 492 2221 inter
526 2196 564 2218 se
595 2183 745 2218 contusis
770 2187 804 2217 et
837 2181 992 2216 conflatis
1023 2181 1127 2215 facile
1148 2180 1374 2226 intelligitur,
1406 2181 1578 2225 quomodo
1603 2180 1756 2225 vulgaris

403 2244 559 2278 codicum
589 2242 756 2286 scriptura
787 2242 871 2277 oriri
905 2240 1062 2285 potnerit.
1108 2240 1266 2275 Sallustii
1287 2251 1428 2274 manum
1458 2251 1566 2283 paene
1585 2239 1756 2284 integram

404 2305 495 2338 solue
518 2302 670 2337 servavit
687 2301 796 2336 Vatie.
819 2301 853 2338 3.
877 2312 899 2335 a
924 2312 992 2344 quo
1013 2311 1116 2335 voees
1136 2311 1302 2344 superque
1325 2311 1384 2334 eae
1406 2300 1506 2343 plane
1528 2298 1669 2338 abeunt,
1690 2299 1755 2333 nisi

403 2363 493 2405 quod
516 2372 578 2405 pro
602 2373 635 2395 υ.
669 2372 795 2406 agere,
829 2371 996 2406 aggerem
1019 2361 1043 2394 i.
1077 2360 1184 2394 habet
1215 2371 1248 2395 υ.
1270 2371 1378 2405 agere
1408 2363 1449 2394 et
1472 2369 1560 2405 agg.
1582 2359 1608 2392 i.
1653 2359 1755 2401 Quod

370 2452 373 2461 Δ
405 2420 610 2454 Gerlachins
639 2425 756 2456 autem
779 2423 918 2464 propter
939 2420 1056 2453 Venet.
1081 2418 1114 2452 4.
1145 2421 1254 2453 totum
1276 2419 1393 2453 locum
1414 2418 1464 2452 eie
1485 2417 1755 2452 constituendum

405 2483 535 2513 censet:
569 2480 650 2514 dein
673 2480 769 2521 locis,
802 2491 842 2513 ex
872 2480 971 2524 copia
992 2489 1149 2513 maxume
1171 2479 1321 2520 idoneis,
1354 2478 1471 2511 vineas
1491 2486 1621 2521 agere,
1645 2486 1753 2520 agge-

403 2550 476 2573 rem
507 2539 639 2580 iacere,
671 2539 837 2584 impositis
867 2540 1017 2574 turribus
1049 2549 1131 2583 opus
1162 2538 1332 2572 ministros
1365 2535 1474 2573 tutan·
1481 2560 1492 2576 ‚
1522 2534 1657 2570 omissis
1687 2546 1753 2569 non

403 2598 514 2631 solnm
537 2597 662 2641 spuriis
683 2599 797 2632 verbis
818 2610 983 2644 superque
1005 2609 1084 2641 eae,
1112 2598 1170 2631 sed
1192 2597 1300 2632 etiam
1322 2601 1355 2631 et
1377 2605 1478 2639 super
1498 2605 1684 2640 aggerem,
1717 2594 1753 2628 id

405 2661 455 2690 est
481 2655 562 2690 satie
593 2660 687 2691 certa
710 2661 838 2692 temere
869 2659 906 2692 in
934 2658 1161 2702 suspicionem
1193 2666 1327 2691 vocare.
1371 2653 1519 2689 Affuisse
1549 2659 1665 2689 autem
1687 2653 1752 2689 iata

404 2715 509 2748 verba
543 2715 700 2758 primitus
729 2716 765 2749 in
779 2727 781 2730 ’
795 2721 972 2758 contextu,
1005 2717 1099 2760 ipsae
1129 2715 1385 2759 depravationes
1414 2723 1520 2756 snpra
1541 2713 1670 2748 allatae
1689 2711 1750 2744 ‹lo-
