1826 3276
477 174 845 219 IUGURTHA.
905 174 1036 220 cAP.
1065 175 1154 221 CII.
1415 175 1507 222 551*

106 293 321 355 quoniam
354 292 652 338 humanarum
698 307 848 339 rerum
882 291 1082 339 Fortuna
1114 293 1334 354 pleraque
1367 294 1539 357 regit,9

106 393 179 437 cui
216 391 384 437 scilicet
416 391 643 452 placuisse.
682 395 729 436 te
776 396 821 435 et
865 391 956 436 vim
999 396 1044 439 et
1073 392 1267 452 gratiam
1299 398 1496 439 nostram

105 489 313 552 experiri,
347 504 479 547 nuuc,
519 487 703 548 quando
742 504 829 549 per
863 489 986 535 illam
1022 488 1140 547 licet,
1175 489 1336 537 festina
1363 496 1499 555 atque

101 658 195 688 rum,
216 644 277 690 qui
299 643 472 680 nescirent
493 655 535 678 ex
557 643 687 679 scilicet
709 643 947 679 accusativum
972 656 1003 678 c.
1026 643 1121 680 infin.
1146 646 1296 690 pendere
1317 658 1432 692 posse,
1455 647 1500 682 de

102 719 171 753 qua
199 710 376 745 structura
410 716 443 740 ν.
477 706 523 740 ad
555 717 586 740 c.
621 705 681 747 IV,
714 704 748 740 6.
781 717 817 750 p.
844 705 902 742 24.
927 706 973 740 cf.
998 706 1092 741 infra
1114 718 1144 741 c.
1169 707 1291 751 cxm,
1315 709 1349 744 3.
1400 710 1500 753 Quae

100 769 292 805 scilicet
324 785 372 795 —-
402 767 539 802 occulta
566 767 720 812 pectoris
756 767 1068 812 patefecisse.
1099 768 1247 814 Fragm.
1286 770 1439 806 Historr.
1471 772 1499 815 1,

98 831 157 874 19,
178 829 214 866 5.
264 830 313 866 At
335 828 518 864 scilicet
543 838 600 862 eos
622 846 670 853 —
701 827 860 872 gratiam
893 827 937 860 ab
974 839 1013 863 eo
1046 831 1310 874 peperisse.
1353 833 1406 867 xln
1429 833 1498 868 hac

98 895 275 929 structura
298 894 417 926 autem
439 889 570 934 scilicet
593 888 689 922 valet
712 889 749 922 in
771 889 890 933 aprico
914 894 978 932 est,
1004 891 1135 937 negari
1163 893 1296 938 nequit,
1320 894 1496 936 elucet3
1539 938 1547 942 „

99 965 134 992 v,
159 954 250 1000 Aug.
277 949 499 988 ffiotefendii
531 950 693 987 Gramm.
725 949 801 985 Lat.
834 950 944 1000 ampl.
979 951 1057 986 Vol.
1087 952 1131 987 11.
1164 955 1196 996 ς.
1231 952 1312 988 131.
1346 966 1380 999 p.
1414 954 1494 990 100.

97 1016 230 1052 Parum
251 1012 506 1057 circumspecte
537 1010 648 1057 igitur
672 1014 707 1045 et
732 1010 870 1045 dicendi
895 1023 996 1046 usum
1020 1012 1223 1058 ignorantes
1247 1014 1378 1060 Bipp.,
1403 1015 1496 1052 Lan-

95 1077 199 1123 gius,
227 1075 446 1116 Muellerus,
480 1073 634 1108 Weisius
665 1071 847 1107 ediderunt
869 1074 1025 1116 putauit,-
1057 1085 1172 1118 neque
1204 1075 1312 1110 facile
1334 1075 1496 1120 dixerint,

96 1138 271 1182 quomodo
303 1146 348 1171 ex
379 1134 570 1170 indicativo
603 1133 681 1168 fieri
703 1132 857 1177 potuen't
878 1133 1082 1178 infinitivus,
1111 1147 1219 1179 quum
1243 1136 1382 1173 inversa
1404 1138 1496 1173 ratio

95 1210 156 1243 per
179 1209 217 1234 se
241 1197 320 1243 ipsa
343 1200 450 1241 patet.
477 1215 521 1222 —
550 1196 600 1230 Te
622 1198 702 1230 ante
725 1195 886 1238 experiri,
910 1195 1003 1239 quod
1028 1196 1186 1230 nonnulli
1210 1199 1309 1234 codd.
1334 1210 1402 1233 non
1426 1200 1495 1234 1η·Δ

95 1260 191 1301 bent,
212 1257 352 1293 Curtius
374 1268 458 1291 cum
481 1267 614 1302 magna
640 1255 833 1291 sententiae
865 1255 1116 1300 depravatione
1149 1258 1287 1301 omisit,
1321 1259 1495 1304 siquidem

95 1320 246 1366 experiri
275 1318 350 1358 siue
382 1317 588 1363 pronomine
621 1316 821 1352 necessario
856 1317 900 1351 ad
939 1318 1134 1352 Fortunam
1173 1320 1396 1354 referendum
1429 1324 1492 1356 est.

94 1381 197 1426 Quod
239 1380 304 1415 ille
342 1379 438 1414 enim
469 1379 546 1414 vult
577 1384 614 1414 te
643 1377 818 1423 intelligi,
856 1377 892 1412 id
934 1389 997 1412 cur
1027 1379 1125 1413 nullo
1158 1384 1261 1423 pacto
1285 1381 1363 1415 fleri
1386 1381 1496 1425 possit

93 1441 226 1491 patebit
259 1452 302 1476 ex
332 1442 488 1476 annotat.
519 1439 564 1474 aa
596 1429 709 1474 Catus
728 1439 859 1480 xxm,
886 1438 981 1483 tp.
1007 1440 1088 1476 14⁷.
1113 1443 1148 1475 et
1171 1441 1216 1475 ad
1239 1442 1317 1487 lug.
1338 1443 1433 1487 xlv,
1455 1441 1491 1477 e.

92 1517 126 1550 p.
149 1504 208 1540 73.
224 1522 270 1530 -
293 1503 365 1538 Pro
386 1501 528 1547 quaudo
551 1500 671 1544 aliqua
693 1511 774 1545 pars
800 1500 899 1534 codd.
923 1501 1066 1537 exhibet
1089 1502 1265 1548 quoniam,
1291 1502 1388 1536 haud
1410 1513 1494 1538 rara

91 1567 240 1602 istarum
261 1562 516 1608 particularum
539 1561 756 1596 confusione.
815 1561 894 1596 Non
923 1563 1010 1597 satis
1034 1567 1199 1599 accurate
1222 1566 1341 1598 tamen
1367 1563 1495 1598 Ruhn-

91 1626 215 1665 kenius
244 1624 289 1660 ad
321 1622 407 1658 Ter.
440 1623 546 1658 Andr.
576 1623 633 1665 lv,
665 1621 701 1664 5,
724 1621 782 1656 23.
807 1623 948 1666 quar-do
973 1623 1075 1667 plane
1099 1624 1192 1658 idem
1217 1635 1292 1657 esse
1314 1624 1411 1667 dicit,
1435 1629 1491 1659 at-

91 1700 160 1734 que
182 1687 367 1734 quonium;
399 1685 530 1720 rectius
551 1684 594 1721 F.
617 1683 656 1718 A.
682 1682 852 1725 Wollius,
884 1693 992 1725 quum
1025 1684 1070 1718 ad
1102 1684 1199 1720 Suet.
1233 1685 1334 1719 Caes.
1367 1697 1399 1719 c.
1431 1683 1490 1727 28,

92 1750 181 1784 med.
205 1748 282 1782 vim
303 1745 499 1792 particulae
522 1757 603 1780 cum
628 1744 765 1779 Graeco
789 1741 917 1789 ἐπειδή
942 1750 1189 1789 comparasset,
1213 1745 1259 1782 ad
1276 1745 1394 1780 Taciti
1418 1746 1490 1780 Aa·

89 1810 177 1847 nall.
200 1809 230 1852 1,
253 1806 312 1851 5⁷,
334 1808 370 1843 1.
397 1808 584 1853 „quando‚
607 1805 732 1849 inquit,
765 1816 832 1839 non
858 1805 1010 1840 multum
1034 1805 1152 1840 differt
1175 1817 1198 1841 a
1222 1806 1375 1842 caussali
1398 1807 1490 1852 quod

89 1867 151 1907 seu
173 1871 287 1917 quta,
320 1869 454 1904 latente
487 1869 641 1914 quadam
672 1867 932 1913 significatione
966 1871 1047 1902 tem
1058 1867 1197 1911 poris.
1209 1868 1233 1886 “
1280 1868 1335 1904 lta
1367 1871 1488 1902 autem

89 1933 284 1968 continetur
303 1933 453 1974 utraque
479 1930 551 1974 vis,
575 1932 615 1964 ut
637 1940 660 1964 a
683 1928 851 1972 temporis
877 1927 1019 1963 notione
1044 1928 1089 1963 ad
1112 1939 1255 1963 caussae
1278 1931 1488 1971 transeatur,

88 1993 262 2038 siquidem
285 1990 379 2036 quod
402 1995 498 2025 certo
525 1990 646 2035 aliquo
677 1994 833 2035 tempore
865 1989 922 2029 fit,
957 2000 1020 2033 pro
1051 2000 1176 2023 caussa
1210 1990 1362 2025 habetur
1395 1990 1488 2025 alius

88 2054 142 2090 rei
163 2052 404 2089 instituendae.
451 2052 585 2087 Totum
608 2055 726 2086 tamen
749 2051 844 2085 hunc
868 2061 970 2084 usum
998 2049 1158 2084 Ciceroni
1181 2061 1322 2094 prorsus
1345 2050 1486 2086 abiudi-

89 2119 147 2153 cat
179 2115 246 2150 Ed.
275 2113 476 2149 Wundcrus
510 2113 546 2147 in
569 2113 688 2148 Praei.
722 2112 766 2147 ad
802 2112 904 2146 Varr.
939 2110 1048 2145 Lectt.
1075 2121 1096 2144 e
1118 2111 1194 2147 cod.
1217 2112 1296 2146 Erf.
1326 2116 1484 2158 enotatas

87 2189 120 2222 p.
148 2176 278 2212 Lxxv
299 2187 388 2221 sqq„
418 2175 558 2221 quando
591 2174 721 2220 ubique
751 2185 794 2210 ex
822 2172 985 2218 quoniam
1017 2176 1220 2216 corruptum
1252 2173 1483 2215 contendeus;

88 2250 124 2272 v.
154 2238 308 2277 Ottoneu
331 2236 378 2273 ad
399 2236 476 2270 Cic.
499 2236 543 2270 de
565 2235 666 2270 Finn.
690 2236 718 2278 1,
742 2235 777 2277 4,
803 2234 859 2269 10.
916 2233 1019 2278 Apud
1051 2232 1236 2269 historicos
1269 2245 1353 2268 vero
1385 2234 1483 2268 haud

86 2310 168 2335 raro
190 2298 241 2334 ita
264 2297 416 2344 legitur3
439 2297 483 2331 cf.
509 2296 598 2331 Sall.
621 2296 700 2343 lug.
727 2297 811 2340 CX,
840 2296 874 2330 7.
928 2295 969 2329 ld
1000 2295 1140 2338 omitto,
1174 2295 1353 2340 quando
1386 2295 1482 2333 vobis

11 2353 21 2368 ⁹
86 2361 142 2395 ita
160 2360 290 2404 placet.
334 2357 481 2403 Fragm.
504 2357 656 2393 Biston.
684 2358 713 2400 1,
737 2357 794 2400 19,
818 2357 875 2392 16.
926 2356 1121 2399 Quando
1145 2357 1227 2393 talis
1250 2367 1303 2398 es,
1335 2366 1482 2390 maneas

86 2422 125 2456 in
155 2419 330 2456 sententia
361 2424 396 2454 te
428 2419 558 2454 hortor.
588 2419 635 2453 ib.
670 2419 740 2461 111,
770 2419 838 2461 11,
872 2418 907 2452 6.
976 2418 1068 2461 Quid
1101 2418 1237 2470 proclia
1272 2428 1489 2460 enumerem,

87 2482 269 2528 quaudo
292 2491 347 2516 res
368 2480 449 2525 plus
471 2479 600 2521 ualent,
624 2491 730 2525 quam
751 2475 888 2514 uerba?
912 2479 1005 2514 Livii
1027 2480 1123 2514 locos
1146 2482 1200 2514 sat
1221 2479 1350 2517 multos
1371 2478 1480 2513 colle-

85 2542 142 2588 git
161 2541 430 2579 Drakenborch.
463 2540 508 2576 ad
542 2541 713 2586 XXXlIl,
737 2541 781 2583 2,
807 2540 842 2576 9.
866 2540 911 2575 ad
936 2542 1106 2583 XXXIX,
1129 2540 1196 2583 51,
1218 2539 1252 2575 9.
1277 2543 1312 2575 et
1335 2539 1380 2574 ad
1402 2539 1478 2580 XIJ,

85 2604 122 2644 9,
144 2603 179 2639 4.
201 2603 319 2639 Etiam
343 2602 471 2638 Tacito
496 2603 595 2638 valde
619 2606 681 2638 est.
694 2603 883 2646 usitatum;
909 2602 954 2636 cf.
978 2602 1066 2635 Anu.
1091 2602 1120 2644 1,
1145 2600 1204 2644 44,
1227 2600 1262 2636 3.
1293 2596 1336 2642 11,
1357 2598 1417 2642 26,
1441 2599 1476 2634 3.

86 2663 234 2707 nale,
257 2665 291 2700 1.
324 2664 382 2706 lv,
405 2663 440 2698 6.
465 2663 499 2698 1.
536 2664 593 2708 lv,
617 2663 677 2707 61,
699 2664 734 2700 2.
765 2665 863 2706 xul,
886 2664 952 2704 12,
977 2662 1012 2698 2.
1043 2662 1126 2705 XV,
1152 2662 1218 2702 19,
1239 2661 1273 2696 3.
1320 2659 1476 2698 Eandem

23 2715 33 2728 x
86 2724 300 2771 particulam
323 2725 527 2761 coniectura
549 2725 799 2763 restituendam
823 2735 1002 2760 censemus
1024 2723 1162 2758 Annali.
1184 2722 1295 2765 1,>74,
1319 2721 1355 2758 4.
1391 2721 1475 2757 Per—

85 2793 198 2823 motu·
221 2787 276 2823 Ιώ
297 2786 522 2832 (Tiberius).
537 2798 567 2832 ,q
578 2786 812 2833 nandoque
835 2785 1009 2820 incautius
1031 2785 1216 2831 effervet-ut
1229 2807 1239 2827 ,
1257 2782 1477 2829 poenitentia
