1826 3276
381 178 442 222 58
722 178 794 222 Ὀ.
823 176 1138 222 SALLUSTI
1166 179 1385 225 GRISPI

383 298 508 336 terno
551 306 716 351 genere
761 285 907 350 impar
954 298 1069 348 erat,
1113 292 1360 354 despiciens
1373 327 1388 352 ‚
1433 294 1614 342 dextera
1648 297 1747 344 Ad—

381 386 611 431 herbalem
647 386 832 440 assedit,
879 401 935 430 ne
965 386 1136 431 medius
1177 403 1232 432 ex
1270 389 1431 447 tribus,
1467 391 1591 450 quod
1623 392 1748 452 apud

345 480 597 525 4Numidas
634 480 792 524 honori
827 479 1022 540 ducitur,
1055 482 1272 543 Iugurtha
1299 483 1438 539 foret3
1466 484 1570 530 dein
1596 492 1746 533 tamen

379 576 440 619 uti
469 576 598 619 aetati
629 575 895 620 concederet
927 576 1137 637 fatigatus
1163 593 1191 622 a
1215 578 1375 636 fratre,
1411 579 1492 624 vix·
1510 580 1555 624 ἰιι
1571 586 1745 640 partem

339 667 558 715 5alteram
593 670 871 717 transductus
909 677 989 717 est.
1056 670 1126 716 Ibi
1163 687 1300 731 quum
1326 675 1466 718 multa
1505 675 1563 719 de
1597 676 1744 723 admi-

373 823 448 847 sam
465 811 600 847 disertis
615 812 730 846 verbis
751 811 908 858 tetigisse
930 812 1062 848 sentiet.
1109 813 1258 848 Omnino
1279 814 1369 848 haec
1383 817 1418 849 et
1430 814 1561 850 similia
1573 814 1744 851 eiusmodi

370 876 471 914 sunt,
499 877 538 907 ut
560 873 619 916 qui
639 872 838 916 incorrupto
860 876 894 908 ct
917 883 1001 908 sano
1022 873 1150 908 iudicio
1178 875 1355 918 praeditus
1383 874 1449 919 sit,
1479 874 1547 909 nisi
1572 875 1666 910 aliae
1686 887 1742 911 res

369 932 598 976 suspicionem
620 936 805 974 moveant,
836 931 871 966 iu
901 932 987 977 ipsis
1011 933 1124 968 verbis
1155 934 1251 970 nullo
1277 934 1382 968 modo
1413 933 1588 969 offendere
1620 935 1741 978 possit.

369 1003 405 1027 v.
426 993 471 1028 ad
495 993 569 1027 Cat.
585 992 702 1033 XLVI,
720 992 752 1026 2.
776 1004 813 1036 p.
828 992 907 1026 208.

459 1054 492 1096 §.
514 1053 548 1086 4.
595 1053 696 1096 Dein]
722 1053 775 1086 Ita
801 1053 874 1086 fere
898 1062 1016 1086 omnes
1048 1052 1168 1093 codd.;
1198 1055 1328 1096 septem
1354 1055 1470 1101 tamen
1496 1053 1620 1087 dehinc
1641 1052 1741 1088 exhi-

365 1113 517 1148 hent.—-
544 1113 747 1147 Concederet
771 1113 904 1146 maiore
927 1113 961 1147 vi
987 1113 1118 1146 dictum
1145 1115 1195 1146 est
1217 1122 1325 1154 quam
1342 1111 1489 1154 simplex
1511 1112 1648 1147 cederet
1656 1123 1672 1154 ,-
1692 1113 1739 1148 cf.

365 1173 512 1218 Fragm.
538 1173 688 1207 Historr.
709 1173 739 1214 Ι,
758 1173 813 1207 17.
838 1173 932 1207 Ger-l.
981 1173 1161 1207 Curionem
1189 1172 1379 1216 quaesivit,
1408 1171 1462 1206 uti
1489 1171 1739 1206 adolescentior

363 1232 519 1266 aetati
541 1227 809 1267 concederet
835 1233 1011 1267 Mamerci.
1034 1233 1113 1278 lug.
1130 1231 1204 1274 ΟΠ,
1221 1231 1256 1266 4.
1304 1232 1420 1265 Sullae
1437 1230 1642 1274 facundiae,
1666 1242 1735 1264 non

364 1291 477 1327 aetati
495 1303 519 1326 a
539 1291 670 1326 Manlio
691 1304 894 1328 concessum.
914 1294 1007 1335 XIV,
1023 1294 1079 1329 24.
1126 1293 1167 1327 Si
1184 1291 1333 1326 iniuriae
1354 1291 1602 1327 concessissem.
1621 1290 1736 1327 Tacit.

360 1350 448 1386 Anu.
471 1351 517 1392 ΙΙ,
537 1351 595 1385 74.
647 1352 786 1385 Marsus
811 1354 936 1387 seniori
969 1359 1002 1388 et
1024 1355 1137 1387 acrius
1165 1351 1320 1386 tendenti
1343 1352 1459 1385 Sentio
1482 1362 1527 1384 co
1541 1351 1736 1384 acessit.

359 1410 438 1445 Liv.
458 1409 504 1452 II,
520 1409 578 1451 45,
595 1411 650 1445 12.
699 1411 828 1445 Fabius
851 1413 992 1454 deinde,
1021 1414 1068 1447 ad
1091 1416 1292 1447 crescentem
1313 1416 1440 1444 metum
1466 1410 1641 1444 seditionis
1667 1411 1736 1444 cel-

359 1472 444 1516 lega
470 1472 773 1513 concedente,
809 1484 910 1515 quum
936 1474 1110 1507 silentium
1137 1471 1276 1506 classico
1295 1471 1448 1513 jecisset.
1468 1489 1514 1495 -
1546 1470 1736 1514 Fatigatae

360 1531 386 1565 i.
402 1543 432 1566 e.
455 1531 623 1565 continuis
638 1534 672 1564 et
687 1530 892 1567 instantibus
908 1543 949 1566 ac
970 1533 1125 1566 molestis
1144 1530 1305 1575 precibus
1327 1529 1378 1563 ita
1391 1529 1581 1583 exercitus,
1606 1533 1644 1564 ut
1665 1540 1734 1563 non

359 1591 511 1634 amplius
538 1592 732 1632 resisteret,
778 1603 846 1635 quo
880 1604 982 1627 sensu
1021 1593 1152 1627 nudum
1175 1591 1340 1634 fatigare
1370 1589 1517 1623 verbum
1548 1587 1734 1631 aliquoties

357 1655 564 1695 usurpatum
589 1652 633 1687 cf.
649 1664 680 1685 c.
696 1653 787 1694 XIV,
803 1652 858 1686 2⁰.
909 1653 999 1694 Quos
1022 1663 1088 1696 ego
1106 1651 1210 1698 audio
1228 1649 1451 1693 fatigare
1476 1658 1534 1681 vos
1565 1649 1732 1692 singulos,

356 1722 405 1745 ne
427 1711 511 1754 quid
536 1712 580 1745 de
606 1712 747 1745 absente
770 1712 948 1746 statuatis.
972 1711 1136 1753 Lxxnl,
1160 1710 1196 1743 2.
1247 1709 1408 1742 Metellus
1437 1707 1588 1741 Marium
1605 1707 1731 1750 fati-

356 1776 545 1814 gentem
573 1771 615 1804 dc
634 1771 846 1814 profectione
870 1771 1006 1805 domum
1025 1770 1177 1805 dimittit.
1200 1767 1290 1809 cxl,
1311 1767 1346 1801 3.
1369 1766 1485 1802 Tacit.
1508 1766 1599 1801 nist.
1623 1767 1652 1808 Ι,
1672 1766 1732 1808 29,

352 1830 405 1869 it-
434 1832 548 1866 Galba
574 1831 836 1876 fatigabat
859 1831 966 1864 alieni
989 1831 1061 1865 iam
1087 1828 1224 1873 imperii
1247 1828 1340 1863 deos.
1384 1826 1593 1869 Plerumque
1615 1830 1730 1860 tamen

349 1891 529 1935 precibus,
562 1890 619 1923 vel
651 1890 777 1924 similis
799 1890 962 1924 vocabuli
995 1889 1168 1924 ablativus
1191 1887 1346 1928 additur,
1377 1888 1416 1920 ut
1437 1886 1558 1920 multis
1581 1885 1729 1923 ostendit
1783 1923 1785 1925 ¹

350 1951 614 1985 Ikakenborch.
637 1950 681 1983 ad
708 1949 785 1985 Liv.
814 1949 958 1991 XXVII,
981 1948 1039 1990 45,
1061 1948 1140 1989 10.;
1173 1947 1232 1982 sed
1247 1957 1335 1981 cave
1356 1948 1457 1990 putes
1478 1944 1728 1980 substantivum

349 2010 580 2054 supplendum
602 2021 695 2052 esse,
719 2010 779 2043 ubi
802 2021 868 2043 non
884 2010 991 2047 adest.

442 2071 475 2112 §-
498 2069 533 2103 5.
579 2070 671 2104 inter
690 2072 781 2105 alias
795 2082 851 2104 res
867 2070 965 2113 iacit]
990 2067 1153 2110 Plerique
1176 2065 1260 2101 libri
1276 2065 1351 2107 ait3
1374 2065 1433 2099 sed
1449 2063 1534 2098 iacit
1556 2065 1666 2098 exstat
1687 2061 1726 2097 in

349 2130 420 2165 Ms-
434 2129 555 2171 nivii,
577 2131 656 2164 Bas.
679 2131 713 2164 1.
735 2130 821 2165 Naz.
843 2140 891 2162 m.
915 2140 968 2172 pr.
990 2127 1086 2161 Leid.
1110 2127 1149 2162 [a.
1175 2128 1278 2160 Rem.
1300 2125 1334 2159 1.
1362 2125 1482 2159 Guelf.
1498 2124 1532 2158 1.
1554 2124 1589 2158 2.
1612 2123 1724 2158 Paris.

349 2201 384 2224 x·
408 2202 439 2224 z.
462 2190 646 2225 Einsiedel.
679 2190 783 2233 idque
813 2189 898 2223 huic
926 2189 1004 2222 loco
1027 2187 1138 2221 multo
1165 2185 1458 2221 accommodatius
1492 2195 1568 2220 esse
1597 2183 1724 2228 intppr.

348 2255 442 2286 recte
462 2251 632 2286 viderunt.
678 2251 797 2284 Iacere
823 2249 915 2283 enim
943 2247 1085 2292 proprie
1108 2247 1150 2280 de
1179 2246 1222 2280 iis
1245 2245 1392 2288 dicitur,
1436 2255 1525 2290 quae
1547 2243 1663 2289 magis
1686 2243 1723 2278 iu

347 2314 547 2347 transcursu
563 2323 624 2355 pm¹
631 2311 787 2345 feruntur
798 2335 808 2351 ‚
831 2311 888 2344 vel
902 2308 1013 2342 obiter
1035 2311 1271 2341 memorantur
1282 2331 1293 2347 ,
1316 2315 1423 2349 quam
1438 2305 1480 2339 de
1503 2303 1629 2347 quibus
1643 2303 1725 2339 data

348 2381 456 2415 opera
485 2371 689 2415 disputatur.
719 2370 835 2405 Tacit.
868 2369 1004 2404 Annall.
1030 2367 1090 2408 lv,
1119 2366 1177 2408 68,
1200 2367 1290 2400 med.
1337 2366 1452 2410 Igitur
1478 2363 1633 2398 Latiaris
1660 2363 1722 2396 ia·
1756 2388 1761 2393 .

349 2442 450 2465 cere
468 2432 702 2474 fortuitos
723 2431 872 2475 primum
893 2439 1134 2464 sermones,
1157 2426 1207 2462 ib,
1230 2427 1293 2468 111,
1311 2425 1347 2467 8,
1365 2425 1455 2460 med.
1501 2425 1631 2458 Drusus
1660 2423 1722 2456 Pi-

350 2491 447 2533 sonui,
477 2491 507 2524 si
535 2502 619 2524 vcra
635 2495 754 2535 forent
777 2502 866 2536 quae
895 2492 1181 2528 iacerentur,
1219 2486 1395 2530 respondit
1424 2488 1490 2519 etc.
1518 2483 1582 2523 111,
1599 2482 1658 2524 66,
1674 2482 1719 2515 in.

352 2552 545 2586 Mamercus
569 2553 716 2596 antiqua
744 2552 898 2596 exempla
930 2551 1117 2584 iaciens.
1140 2548 1170 2589 1,
1187 2548 1242 2588 10,
1267 2550 1352 2582 extr.
1367 2544 1438 2579 Cic.
1453 2555 1488 2588 p.
1511 2543 1615 2576 Rosc.
1631 2552 1720 2575 com.

353 2623 382 2646 c.
408 2613 443 2654 9,
465 2612 522 2647 25.
547 2612 626 2646 Liv.
650 2611 700 2654 ΙΙ,
722 2611 778 2654 12,
811 2611 868 2645 12.
899 2611 1072 2645 Drakenb.
1108 2609 1152 2643 ad
1189 2608 1296 2648 XXV,
1323 2606 1357 2647 4,
1378 2605 1414 2639 ⁷.
1438 2607 1472 2638 et
1495 2603 1649 2653 (ἔπαιον.
1675 2601 1719 2635 ad

353 2673 545 2716 xxxvnl,
577 2672 636 2714 25,
661 2671 694 2707 5.
727 2670 848 2706 Bremi
873 2671 918 2704 ad
941 2670 1034 2704 Suet.
1059 2669 1139 2704 Ner.
1163 2680 1195 2702 c.
1219 2664 1397 2702 xxxvn.
1419 2682 1464 2690 -·-
1499 2662 1660 2696 consulta
1685 2664 1719 2694 ct

356 2734 494 2770 decreta
513 2734 629 2768 umida
651 2733 718 2767 hoe
736 2731 855 2767 ordine
877 2731 911 2766 in
935 2730 1107 2774 plerisque
1123 2726 1285 2765 omnihus
1303 2724 1401 2760 codd·
1416 2722 1566 2768 legitu13
1583 2719 1720 2757 cortina
