1826 3276
933 101 959 117 h

294 199 297 201 ,
351 165 436 206 828
711 158 759 200 G.
789 157 1103 200 SALLUSTI
1131 158 1347 202 GRISPI

292 280 295 283 ’
322 284 346 322 8
361 276 480 330 diae,
512 271 736 317 hiemandi
769 270 911 330 gratia
946 264 1145 317 collocat.
1178 272 1336 332 Neque
1367 273 1416 316 id
1447 280 1620 336 tempus
1655 290 1711 320 ex

355 371 539 415 aliorum
574 381 698 410 more
732 365 867 423 quieti
895 370 970 408 aut
996 365 1193 410 luxuriae
1219 367 1436 427 concedit,
1470 369 1548 414 sed
1571 385 1712 428 quon-

336 433 443 508 -iam
483 461 612 505 armis
657 460 824 504 bellum
857 474 1016 520 parum
1061 461 1356 519 procedebat,
1403 462 1578 510 insidias
1601 466 1714 524 regi
1810 523 1811 526 Ἰ

355 572 438 617 per
472 556 635 601 amicos
668 555 853 600 tendere
893 562 936 599 et
970 569 1120 600 eorum
1153 556 1342 615 perfidia
1373 571 1462 617 pro
1492 558 1621 602 armis
1653 530 1742 603 util

324 653 500 713 4parat.
567 651 707 710 Igitur
733 649 1041 706 Bomilcarem,
1075 651 1151 708 qui
1183 650 1356 695 Romae
1381 667 1481 696 cum
1506 651 1720 712 Iugurtha

358 747 515 803 fuerat,
551 752 594 790 et
628 744 744 791 inde,
764 743 951 788 vadibus
985 745 1093 789 datis
1130 746 1254 792 clam,
1278 745 1334 790 de
1355 745 1576 803 Massivae
1609 761 1719 791 nece

359 866 438 890 eam
462 853 612 890 militum
635 847 797 899 partem,
820 863 910 897 quae
941 854 1212 899 relinquebatur,
1241 854 1425 899 praesidiis
1448 855 1616 900 dempti
1623 866 1652 890 e.
1673 855 1720 889 ef.

359 916 437 950 Cat.
459 915 547 956 LIX,
564 914 600 949 2.
647 913 801 948 Catilina
830 917 904 948 octo
938 914 1082 958 cohortis
1108 915 1144 948 in
1168 915 1287 957 fronte
1319 915 1514 960 constituit,
1545 915 1724 949 relicua

359 976 465 1021 signa
485 975 523 1010 ia
543 974 692 1010 subsidio
715 974 878 1014 collecta,-
901 975 935 1007 et
955 973 1039 1007 ibid.
1063 974 1095 1016 §-
1118 972 1151 1008 5.
1201 973 1351 1008 Petreius
1372 974 1520 1021 cohortis
1541 979 1724 1008 veteranas

360 1035 397 1069 in
413 1036 551 1078 fronte,
571 1037 648 1078 post
672 1044 731 1067 eas
752 1037 952 1068 ceteram
976 1033 1157 1067 exercitam
1179 1032 1216 1066 in
1238 1032 1396 1066 subsidiis
1416 1033 1519 1070 locat.
1566 1033 1636 1068 Sed
1657 1045 1725 1068 non

361 1093 490 1137 ubique
516 1096 699 1137 utrumque
729 1092 835 1126 licere
866 1091 902 1125 in
931 1093 1091 1135 promptu
1127 1094 1200 1135 est,
1232 1091 1328 1126 velut
1361 1091 1439 1138 Ing.
1469 1092 1669 1136 LXXXIX,
1690 1092 1725 1127 6.

362 1153 549 1198 Capsenses
578 1163 650 1186 una
678 1152 776 1186 modo
809 1151 887 1197 iugi
902 1162 1025 1201 aqua,
1063 1154 1224 1185 cetera
1259 1151 1379 1194 pluvia
1418 1153 1622 1197 utebantur,
1658 1163 1726 1187 uon

362 1215 499 1257 poterat
521 1211 589 1246 dici
611 1213 763 1252 relicum,-
784 1223 867 1246 nam
890 1221 1008 1245 sensus
1030 1212 1099 1244 est:
1131 1210 1179 1243 ad
1202 1208 1295 1254 iugis
1316 1221 1427 1254 aquae
1449 1222 1549 1247 usum
1563 1236 1574 1254 ,
1606 1212 1637 1246 si
1656 1223 1728 1246 «non

363 1272 555 1315 sufficeret,
585 1271 762 1307 addebant
795 1270 972 1318 pluviam,
1001 1280 1112 1313 neque
1142 1273 1253 1312 potest
1283 1270 1401 1313 pluvia
1430 1271 1551 1306 relicta
1582 1270 1730 1316 eogitari

364 1342 406 1366 ex
427 1330 504 1379 iugi
527 1342 631 1375 aqua.
701 1327 714 1342 Ι

454 1392 492 1425 in
509 1391 721 1436 provinciam
743 1389 908 1433 collocat]
939 1388 995 1422 lta
1026 1387 1129 1432 longe
1158 1387 1300 1431 plurimi
1323 1399 1365 1423 ae
1386 1388 1620 1433 probatissimi
1648 1389 1731 1424 libri

364 1450 549 1494 praebent}
579 1454 616 1486 at
647 1451 684 1486 in
715 1450 820 1486 Acad.
856 1450 982 1484 Reuss.
1013 1445 1094 1480 Seu.
1117 1446 1151 1480 2.
1185 1448 1301 1482 Guelt'.
1325 1448 1358 1483 9.
1383 1449 1440 1483 12.
1470 1448 1564 1483 Leid.
1591 1448 1634 1483 N.
1657 1449 1731 1484 Eri.

367 1511 471 1545 Bcrn.
491 1512 526 1544 1.
547 1510 652 1546 Misn.
677 1513 711 1546 et
732 1510 849 1544 Berol.
871 1508 905 1543 1.
937 1506 1066 1550 legitur
1088 1506 1135 1540 >in
1163 1508 1339 1551 provincia
1361 1502 1454 1556 boll,
1473 1507 1566 1552 quod
1598 1507 1733 1543 scribae

367 1570 412 1605 ud
441 1570 651 1604 familiarem
686 1568 770 1612 ipsis
801 1571 1008 1602 structuram
1042 1569 1251 1610 exegerunt,
1282 1567 1471 1602 editoribus
1502 1557 1585 1601 nou¹
1600 1568 1734 1602 obtem-

367 1629 576 1673 perantibus.
623 1629 753 1664 Insulse
781 1630 897 1661 tamen
920 1625 1125 1660 Gerlachius
1146 1625 1380 1661 accusativum
1401 1627 1474 1661 vim
1502 1626 1649 1661 ablativi
1672 1627 1734 1661 ha-

370 1689 452 1723 bere
471 1689 611 1733 statuit,
641 1687 818 1722 remittens
847 1687 891 1721 ad
914 1697 974 1727 ea,
1006 1696 1095 1729 quae
1126 1685 1171 1720 ad
1194 1686 1267 1720 Cat.
1293 1669 1362 1728 XI⁹,
1386 1685 1421 1720 5.
1443 1685 1546 1729 XIX,
1567 1686 1603 1720 3.
1634 1689 1669 1721 et
1690 1687 1735 1720 ud

370 1748 449 1792 lug.
473 1749 579 1783 CXII.
605 1748 640 1782 3.
664 1746 832 1792 protulit,
856 1746 981 1791 quibus
1003 1746 1090 1779 locis
1112 1746 1150 1779 id
1171 1745 1303 1780 scilicet
1324 1746 1416 1791 egit,
1449 1749 1488 1780 ut
1510 1745 1595 1783 uuili
1617 1757 1737 1790 super-

370 1807 510 1842 stitione
533 1819 596 1852 pro
617 1805 740 1850 ineptis
757 1809 860 1849 atque
882 1803 1045 1839 obsoletis
1066 1805 1375 1850 grammaticorum
1397 1805 1588 1850 praeceptis
1603 1815 1737 1850 pugna-

376 1870 454 1910 ret,
477 1879 544 1902 nou
566 1867 701 1902 ratione
724 1865 783 1900 sed
807 1876 911 1900 coeca
930 1864 1166 1908 exemplorum
1189 1865 1427 1900 observatione
1448 1865 1562 1900 saetis.
1585 1866 1631 1899 cf.
1653 1865 1737 1900 Iah-

374 1927 425 1961 nii
447 1927 596 1962 Annales
618 1925 748 1962 Philol.
773 1928 808 1959 et
829 1925 980 1970 Paedag.
1004 1934 1036 1957 a.
1059 1923 1161 1958 1829.
1185 1925 1286 1959 Fasc.
1309 1914 1343 1959 ἲ.
1367 1937 1400 1969 p.
1423 1924 1481 1959 51.
1526 1924 1651 1959 Nostro
1674 1935 1738 1959 au-

376 1990 445 2022 tem
477 1986 554 2020 loco
585 1983 800 2020 accusativus
833 1984 912 2019 inde
942 1983 1145 2027 repetendus
1178 1987 1250 2025 est,
1273 1985 1363 2028 quod
1387 1985 1422 2018 in
1445 1986 1608 2019 collocare
1631 1986 1737 2018 verbo

375 2042 470 2078 notio
492 2044 651 2078 mittendi
673 2055 715 2077 ae
737 2048 847 2078 motus
869 2045 1061 2088 praevalen
1083 2055 1117 2079 v.
1136 2043 1331 2077 Daehnium
1349 2044 1391 2077 ad
1410 2043 1495 2087 Nep.
1516 2043 1606 2077 Cim.
1628 2045 1685 2088 lv,
1704 2044 1738 2078 1.

375 2114 410 2147 p.
434 2102 493 2138 93.
515 2122 561 2129 --
595 2103 710 2138 Verba
740 2114 828 2147 quae
855 2114 1022 2147 proxuma
1052 2110 1104 2139 est
1135 2103 1320 2138 Numidiae
1350 2103 1486 2137 Cottius
1515 2103 1608 2137 inani
1628 2103 1740 2147 suspi-

375 2162 467 2197 cioni
489 2163 655 2198 obnoxius
675 2173 738 2206 pro
763 2162 920 2196 insiticiis
942 2164 1059 2206 habet,
1082 2163 1163 2207 quia
1184 2162 1400 2197 notissimum
1422 2164 1478 2204 sit,
1501 2163 1740 2199 Romanorum

377 2221 591 2267 provinciam
621 2222 657 2256 in
680 2221 801 2256 Africa
830 2222 1012 2257 Numidiae
1040 2224 1231 2267 proximam
1262 2223 1389 2265 fuisse,
1425 2234 1535 2266 neque
1557 2223 1741 2258 Sallustius

379 2281 458 2316 aliis
487 2281 576 2316 locis
614 2282 683 2316 hoc
714 2281 986 2317 additamentum
1015 2283 1150 2317 habeut.
1205 2283 1274 2317 Sed
1309 2295 1415 2327 quum
1446 2288 1591 2326 utraque
1621 2294 1742 2317 mussa

312 2376 315 2379 ,
379 2351 442 2385 per
463 2351 501 2374 se
528 2351 652 2384 parum
674 2341 806 2382 valeat,
830 2345 903 2375 tum
925 2342 1030 2376 huius
1051 2342 1118 2376 loci
1140 2354 1279 2386 prorsus
1312 2343 1381 2381 alia
1404 2343 1492 2378 ratio
1506 2346 1585 2384 ‘0⁸⁶3
1616 2342 1742 2386 quippe

380 2399 446 2434 ista
466 2400 572 2434 verba
594 2412 662 2434 non
685 2402 730 2435 ad
761 2401 956 2436 universam
980 2401 1193 2445 provinciam
1219 2405 1392 2446 spectant,
1423 2403 1482 2436 sed
1505 2403 1741 2437 tantummodo

384 2459 430 2493 ad
453 2470 530 2492 eam
553 2459 626 2493 eius
648 2465 798 2505 partem,
822 2461 858 2495 in
880 2472 983 2506 quam
1006 2461 1195 2505 imperator
1217 2461 1331 2505 copias
1354 2463 1595 2497 collocaverat.
1638 2462 1743 2496 Scili-

380 2523 436 2552 eet
458 2522 496 2552 ut
518 2518 646 2554 milites
674 2522 718 2554 ad
752 2522 883 2556 subitos
915 2522 1082 2556 tumultus
1113 2525 1147 2556 et
1178 2521 1222 2556 ad
1246 2521 1432 2565 improvisu
1453 2521 1537 2556 belli
1560 2532 1665 2565 quam
1687 2533 1742 2555 ce-

382 2578 521 2613 lerrimo
543 2580 650 2614 acciri
673 2583 707 2614 et
730 2580 912 2615 convocari
936 2583 1093 2624 possent,
1124 2591 1192 2614 non
1223 2592 1286 2625 per
1320 2585 1506 2625 totunbeos
1529 2581 1743 2624 provinciam

384 2639 544 2672 Metellus
567 2638 784 2683 dispertivit,
807 2641 866 2674 sed
888 2640 931 2674 iis
953 2640 1059 2684 locis,
1083 2652 1172 2684 quae
1199 2651 1365 2685 proxume
1384 2641 1585 2675 Numidiam
1607 2641 1743 2676 adino&

384 2700 478 2743 rent,
502 2708 561 2732 eos
582 2698 737 2733 hiemare
760 2699 868 2735 iussit.
892 2701 938 2734 cf.
962 2700 1055 2735 infra
1078 2713 1107 2735 c.
1126 2701 1309 2739 LXXVIII,
1325 2699 1357 2735 5.
1408 2701 1500 2736 Inter
1523 2712 1579 2736 eoo
1599 2706 1634 2737 et
1648 2704 1676 2745 s
1680 2713 1698 2735 r
1707 2712 1744 2735 e-
