1826 3276
379 195 436 234 30
738 192 1138 235 C.SALLUST1
1168 194 1391 237 CRI'S'PI

384 303 538 350 vilibus
579 307 745 350 bellum
791 311 924 362 atque
976 307 1151 349 vastitas
1193 306 1344 350 Italiae
1387 309 1522 351 finem
1570 309 1747 352 faceret.

349 402 478 450 3Setl
540 402 795 459 priusquam
855 399 1158 443 huiuscemodi
1210 402 1273 444 rei
1322 402 1491 446 initium
1545 403 1748 462 expedio,

379 511 524 556 pauca
557 509 690 554 supra
723 500 945 553 repetam,
989 508 1078 552 quo
1114 494 1173 537 ad
1209 497 1567 555 cognoscendum
1603 498 1749 541 omnia

345 591 558 636 4i11ustria
603 589 745 648 magis
785 591 1018 649 magisque
1052 591 1097 633 in
1133 597 1288 650 aperto
1325 592 1420 636 sint.
1487 591 1618 636 Bello
1652 593 1747 637 Pu-

377 708 492 741 omm'a
513 707 723 742 substantive
742 707 888 751 positum
904 712 974 750 est,
998 712 1112 743 nostro
1131 710 1211 743 loco
1229 709 1370 753 epitheti
1390 707 1593 754 potestatem
1611 711 1745 745 retinet.

375 768 534 802 Ceterum
563 769 670 801 verba
699 769 751 802 uti
769 769 891 806 studiis
916 770 1068 802 civilibus
1095 770 1219 804 bellum
1241 775 1343 814 atque
1363 772 1511 804 vastitas
1531 772 1658 806 Italiae
1676 773 1744 814 fi-

375 839 468 860 nem
496 829 684 870 faceret
716 828 807 861 hunc
838 839 973 861 sensnm
1002 829 1149 863 habent:
1181 834 1218 863 ut
1250 829 1335 863 istae
1364 830 1491 864 civium
1513 831 1745 865 contentiones

373 890 408 921 et
440 886 605 920 factiones
633 888 771 921 tandem
798 887 834 920 in
858 888 989 922 bellum
1021 894 1258 933 erumperent,
1285 890 1377 932 quod
1399 889 1522 924 ltaliae
1546 891 1743 925 vastitatem

371 947 499 981 attulit.

463 1009 494 1048 §.
514 1006 548 1040 3.
590 1007 791 1051 priusquam
814 1026 857 1032 —
883 1008 1042 1052 expedio]
1069 1008 1259 1042 Muellerus
1281 1008 1417 1052 scripsit
1440 1009 1628 1052 expediam,
1650 1009 1741 1052 quod

370 1076 453 1099 sane
486 1066 521 1098 in
546 1066 630 1100 Bas.
655 1066 687 1099 1.
720 1066 830 1099 Paris.
857 1077 888 1099 z.
912 1067 1028 1100 Berol.
1053 1069 1085 1103 1.
1109 1069 1143 1101 2.
1175 1069 1277 1102 Misn.
1301 1068 1419 1101 Goerl.
1441 1072 1476 1102 et
1504 1072 1683 1112 praeterea
1700 1069 1741 1103 in

370 1127 521 1169 quinque
543 1130 578 1159 et
603 1125 727 1169 viginti
752 1126 830 1158 aliis
853 1130 979 1167 exst·at;
1015 1127 1074 1160 sed
1101 1128 1244 1168 relicui,
1269 1127 1304 1160 in
1327 1127 1451 1170 quibus
1475 1131 1554 1162 sunt
1576 1129 1682 1162 rubr.
1706 1129 1738 1164 1.

370 1185 466 1219 Leid.
485 1186 523 1219 L.
541 1185 666 1219 Nazar.
686 1186 853 1220 Commel.
877 1186 968 1230 Teg.
994 1181 1109 1220 Guelf.
1127 1187 1180 1229 5.,
1204 1186 1428 1220 indicativum
1445 1188 1622 1231 praebent,
1642 1188 1740 1222 euius

367 1256 458 1288 quae
474 1245 563 1279 ratio
591 1245 636 1278 sit
653 1246 800 1279 diximus
828 1246 871 1279 ad
889 1246 992 1280 Catil.
1010 1258 1039 1280 c.
1060 1248 1115 1288 lv,
1133 1246 1166 1280 5.
1195 1258 1230 1290 p.
1248 1246 1305 1281 26.
1342 1247 1386 1280 cf.
1402 1247 1580 1281 Handinm
1590 1248 1640 1281 ale
1653 1248 1738 1282 Pan·

367 1305 446 1339 tice.
464 1306 541 1339 Lat.
561 1306 636 1339 Vol.
655 1307 682 1339 1.
701 1317 734 1349 p.
753 1305 834 1339 397.
853 1304 888 1338 9.
911 1325 957 1331 -
980 1306 1018 1338 ln
1033 1305 1179 1340 dictione
1203 1317 1308 1350 supra
1335 1311 1491 1350 repetere
1517 1307 1588 1348 (ef.
1605 1308 1737 1347 cat.1v.

364 1363 400 1398 9.
435 1365 550 1399 Tacit.
571 1365 659 1398 Ann.
680 1366 770 1406 xw,
795 1364 851 1406 18,
875 1364 948 1409 in.)
975 1365 1181 1399 Gerlachius
1205 1378 1310 1410 supra
1334 1378 1473 1410 prorsus
1495 1366 1641 1401 mirifice
1654 1367 1738 1402 dicit

359 1425 578 1458 Graecorum
602 1436 699 1458 more
727 1437 849 1459 nomen
872 1435 965 1464 ess03
1003 1426 1062 1458 sed
1089 1437 1199 1468 neque
1232 1426 1293 1469 qui
1318 1430 1407 1460 esset
1434 1427 1498 1460 iste
1522 1426 1735 1462 Graecorum

362 1496 438 1518 mos
457 1485 590 1528 (locuit,
625 1497 735 1528 neque
759 1485 883 1518 Latina
902 1485 1062 1529 exempla
1093 1486 1139 1518 ab
1156 1497 1198 1519 eo
1215 1486 1324 1519 allata
1344 1497 1543 1529 perversam
1566 1487 1642 1522 eius
1657 1499 1734 1523 flest-

360 1545 505 1579 tentiam
522 1551 660 1588 possunt
675 1545 840 1579 stabilire.
884 1545 1163 1588 Praepositiones
1185 1546 1427 1579 adverbiorum
1446 1551 1616 1590 potestate
1635 1549 1732 1592 posi·-

359 1607 413 1638 tas
430 1615 533 1647 saepe
549 1605 651 1639 totins
662 1603 913 1638 enunciationis
931 1605 1002 1637 vim
1021 1605 1192 1638 sustinere
1206 1606 1401 1640 monuimus
1418 1607 1461 1640 ad
1470 1607 1732 1649 Catium-xxx.

357 1664 393 1700 3.
412 1677 445 1709 p.
459 1666 559 1707 137.;
584 1665 746 1710 utigitur
767 1665 890 1698 dicitur
912 1676 984 1698 rem
1009 1666 1162 1710 longe,
1188 1666 1243 1698 vel
1268 1666 1457 1711 longius
1478 1673 1650 1712 repetere,
1673 1669 1732 1703 ett-

357 1725 436 1758 dem
463 1725 628 1769 analogia
657 1725 786 1758 dictum
817 1728 869 1758 est
891 1736 963 1758 rem
987 1736 1124 1768 snpra
1147 1730 1323 1769 repetere,
1349 1726 1441 1769 quod
1454 1738 1555 1762 sensu
1570 1727 1662 1762 idem
1680 1733 1731 1763 eet

356 1788 460 1828 utque
480 1796 555 1818 rem
581 1796 622 1818 ex
642 1785 684 1817 iis
705 1795 794 1827 quae
824 1795 927 1827 supra
945 1789 1042 1825 sunt,
1071 1785 1146 1818 sive
1171 1797 1214 1818 ex
1232 1786 1350 1828 paullo
1374 1787 1615 1821 ro-otiorilms
1630 1799 1729 1831 repe-

354 1851 438 1886 tere,
463 1846 569 1878 verbo
587 1856 654 1878 non
674 1844 778 1877 idem.
824 1844 876 1876 Ex
898 1844 974 1888 lug.
993 1845 1118 1886 xxlv,
1135 1843 1168 1878 5.
1191 1849 1326 1885 autem,
1349 1854 1452 1887 quem
1467 1847 1583 1880 locum
1605 1847 1728 1882 Gerla—

354 1905 453 1938 chius
469 1916 549 1938 cum
570 1904 683 1939 Tacit.
705 1905 792 1938 Ann.
811 1904 866 1944 vl,
887 1903 945 1945 39,
965 1907 1050 1938 extr.
1074 1915 1137 1947 pro
1157 1903 1428 1938 luculentissimo
1445 1906 1630 1940 sententiae
1646 1918 1728 1941 suae

352 1966 566 1999 documento
578 1965 685 1999 habet
696 1989 705 2006 ,
728 1964 795 1996 hoc
811 1963 1081 1996 luculentissime
1103 1967 1219 2008 patet,
1255 1976 1360 2009 supra
1379 1965 1415 1999 in
1431 1965 1549 2009 priore
1567 1965 1646 1999 loco
1662 1966 1726 1999 nd·-

351 2025 531 2069 verbium,
570 2026 604 2059 in
625 2023 813 2067 posteriore
833 2023 1123 2067 praepositionem
1144 2035 1235 2067 esse,
1271 2024 1329 2058 eui
1349 2035 1449 2058 casus
1467 2036 1548 2058 suus
1568 2037 1610 2058 ex
1630 2029 1725 2059 ante-

350 2085 478 2130 gressis
497 2085 707 2129 cogitatione
724 2083 802 2117 addi
820 2083 953 2119 debeat.
972 2101 1016 2107 —
1035 2084 1077 2116 In
1098 2088 1230 2127 aperto,
1248 2094 1281 2117 v.
1293 2084 1336 2117 nd
1347 2085 1421 2118 Cat.
1432 2084 1524 2124 XLI,
1537 2083 1571 2116 1.
1589 2077 1725 2118 eortius

350 2148 527 2188 praeterea
546 2143 980 2186 contulitTacit.Ag1-ie.c.
992 2143 1025 2177 1.
1043 2143 1133 2176 med.
1147 2143 1226 2186 (ubi
1242 2155 1275 2178 v.
1287 2144 1426 2178 Walch.
1437 2143 1595 2187 p.107.);
1613 2143 1649 2176 in
1659 2146 1722 2187 sa—

350 2204 419 2245 cili,
447 2203 644 2245 Liv.111‚8‚
661 2203 716 2237 10.
737 2203 796 2236 ubi
815 2212 848 2237 v,
859 2201 1010 2237 Gronov.
1021 2205 1055 2236 et
1073 2203 1263 2244 Drakenb.,
1294 2203 1352 2247 qui
1367 2203 1518 2247 plurima
1535 2203 1680 2237 habent.

441 2265 473 2305 §2
498 2263 531 2299 4.
575 2269 652 2307 post
671 2263 947 2308 magnitudinem
970 2263 1116 2295 nominis
1141 2262 1308 2307 Romani]
1347 2264 1491 2297 Prorsus
1517 2273 1539 2296 a
1556 2273 1640 2296 vero
1659 2262 1719 2296 ab·

349 2327 465 2357 errant
483 2323 542 2366 qui
560 2335 638 2356 cum
649 2323 784 2367 hangio
801 2325 834 2356 et
848 2323 1016 2355 Muellero
1035 2322 1161 2355 horum
1178 2324 1365 2356 verborum
1383 2333 1519 2356 sensum
1536 2322 1631 2356 hunc
1648 2333 1722 2356 osse

349 2383 573 2417 contendunt:
592 2388 770 2427 postquam
783 2384 1015 2416 Romanorum
1035 2382 1309 2426 magnitudinem
1320 2385 1483 2427 fregerat
1490 2393 1504 2422 ,-
1525 2381 1624 2425 quasi
1638 2391 1720 2415 vero

348 2453 389 2476 ex
408 2443 592 2477 attriverat
610 2443 716 2475 verbo
732 2442 767 2474 in
785 2441 989 2485 antegressis
1013 2442 1171 2475 attritam
1190 2443 1343 2485 suppleri
1363 2443 1485 2476 debeat
1507 2442 1568 2485 (v.
1587 2441 1718 2476 Teller.

347 2513 380 2546 p.
404 2501 528 2546 2560,
554 2513 642 2544 quae
661 2502 750 2535 ratio
767 2513 834 2534 non
851 2502 963 2535 solum
980 2512 1002 2535 a
1019 2501 1257 2535 Grammatico
1269 2502 1450 2535 durissima
1467 2505 1530 2543 est,
1553 2500 1612 2534 sed
1631 2500 1719 2535 ulie-

347 2562 526 2596 nissimnm
544 2573 680 2604 quoque
701 2561 902 2594 sententiam
923 2563 1075 2605 praebet.
1122 2563 1251 2594 Auctor
1271 2561 1363 2594 enim
1382 2573 1502 2594 nomen
1524 2560 1718 2595 Romanum

345 2633 414 2656 non
432 2621 571 2666 opponit
592 2622 718 2655 ltaliae
735 2622 871 2664 opibus,
897 2623 955 2655 sed
973 2622 1029 2656 his
1050 2621 1134 2665 ipsis
1161 2621 1251 2654 nihil
1269 2620 1364 2654 aliud
1384 2620 1600 2666 significatur
1613 2628 1716 2663 quam
1763 2611 1765 2615 ⁴

346 2682 530 2726 imperium
557 2683 756 2715 Romanum
780 2683 887 2714 totam
913 2681 1050 2715 ltaliam
1071 2681 1142 2714 iam
1171 2681 1402 2724 complexum.
1446 2680 1564 2722 Quare
1579 2677 1716 2713 Cottius

346 2745 441 2775 recte
457 2742 563 2774 verba
583 2740 634 2774 sic
650 2740 915 2783 interpretatur:
939 2745 1118 2785 postquam
1139 2739 1289 2773 Romani
1306 2739 1429 2784 magni
1443 2739 1540 2780 facti
1557 2742 1656 2778 sunt,
1681 2741 1715 2771 et
