1826 3276
467 179 833 225 IUGURTHA.
895 177 1034 221 GAP.
1063 176 1118 222 Π.
1465 185 1496 224 9

232 302 292 347 11.
361 300 480 345 Nam
516 298 580 344 uti
623 313 766 359 genus
808 295 1042 342 hominum
1080 297 1384 358 compositum
1428 304 1497 343 est

96 414 153 446 ex
206 412 402 460 corpore
459 404 505 443 et
557 397 730 453 anima,
783 396 847 440 ita
899 410 972 441 res
1022 401 1210 442 cunctae
1259 395 1496 455 studiaque

189 657 237 693 11.
283 659 319 701 ς.
340 657 376 693 1.
421 665 534 701 genus
556 654 756 699 hominum]
778 654 833 689 Ita
853 656 950 689 recte
970 654 1117 699 plurimi
1142 655 1244 691 codd.
1275 655 1345 690 Sed
1365 656 1445 691 Bas-
1462 655 1499 692 1.

97 729 148 756 m.
170 730 207 764 p.
230 718 339 754 Fabr.
363 717 396 751 1.
432 716 551 750 Guelf.
576 715 610 750 9.
634 715 722 750 Tur.
746 715 780 751 1.
804 715 911 749 Bern.
936 714 969 749 1.
1001 715 1094 761 Teg.
1116 716 1214 751 Leid.
1240 718 1285 751 Κ.
1309 718 1500 752 Einsiedel.

98 791 211 828 genus
243 779 434 814 humanum
464 777 618 819 habent,
650 776 744 821 quod
767 787 870 810 sensu
896 776 1060 820 paullum
1082 776 1267 821 discrepat.
1313 778 1405 813 Nam
1436 791 1501 825 ge-

98 853 164 877 nus
195 841 374 875 hominum
406 837 584 884 significat
616 837 674 879 id,
713 849 783 882 quo
815 837 1000 872 hominum
1030 838 1174 882 propria
1204 842 1333 873 natura
1355 845 1503 884 constat,

96 913 210 949 genus
232 895 423 936 humanum
446 911 567 935 omnes
590 899 751 934 homines
774 899 811 933 in
834 911 943 934 unum
967 898 1067 943 quasi
1091 900 1364 943 comprehendit.
1411 902 1504 935 lllud

95 963 183 999 huic
205 963 286 998 loco
308 962 412 996 unice
434 960 613 1003 convenit;
638 972 748 1005 quare
770 972 898 1005 parum
921 959 1080 994 veritatis
1102 960 1211 994 habet
1230 961 1415 996 Gerlachii
1438 963 1501 996 ob-

96 1023 264 1067 servatio,
286 1023 647 1068 circumscriptionem
672 1022 845 1066 poeticam
864 1033 948 1057 esse.
971 1042 1018 1046 —
1043 1021 1275 1067 compositum
1294 1028 1345 1058 est
1367 1035 1408 1057 ex·
1428 1035 1506 1058 cor-

95 1097 183 1134 pore
212 1090 249 1122 et
281 1085 416 1121 anima.
461 1086 568 1119 Hunc
600 1084 791 1119 verborum
823 1084 1005 1125 ordinem,
1032 1082 1099 1128 'qui
1130 1087 1212 1118 ante
1238 1083 1399 1119 Cortium
1425 1085 1506 1119 vul-

97 1153 204 1196 gatus
235 1147 328 1190 fuit,
362 1145 574 1180 Gerlachius
606 1146 652 1181 ob
684 1146 919 1190 plurimorum
942 1144 1042 1181 codd.
1067 1155 1274 1178 consensum
1298 1145 1425 1180 merito
1450 1157 1508 1180 re-

99 1209 209 1245 duxit.
256 1208 327 1243 Sed
358 1219 431 1242 non
460 1207 577 1242 minus
610 1207 809 1242 defenditur
841 1206 1060 1251 sequentium
1088 1207 1340 1243 sententiarum
1372 1208 1506 1252 ordine,

99 1269 163 1315 qui
192 1280 254 1313 per
287 1272 400 1304 totum
428 1272 535 1313 caput
558 1269 793 1313 aequabiliter
823 1269 874 1303 ita
896 1268 1076 1303 institutus
1100 1272 1168 1310 est,
1202 1271 1260 1311 ut,
1295 1281 1404 1313 quum
1428 1270 1508 1304 luce

100 1331 231 1367 clarius
253 1330 311 1374 sit,
337 1341 418 1365 eum
444 1330 490 1364 ab
513 1330 614 1365 initio
639 1331 764 1375 capitis
786 1331 950 1375 pendere,
974 1330 1129 1365 dubitari
1151 1334 1300 1374 nequeat
1327 1330 1410 1375 quin
1432 1331 1507 1366 iam

101 1393 218 1439 primo
251 1393 332 1428 loco
363 1402 485 1436 corpus
515 1391 746 1436 praecesserit
779 1394 946 1426 animam.
1001 1392 1048 1426 ct'.
1087 1391 1221 1426 similes
1254 1392 1507 1427 sententiarum

103 1451 419 1495 conformationes,
457 1453 565 1489 Catil.
588 1455 618 1497 Ι,
642 1454 677 1488 2.
718 1454 809 1488 Vell.
833 1455 878 1495 11,
902 1452 962 1496 49,
987 1453 1022 1488 3.
1069 1453 1140 1488 Sed
1162 1454 1271 1488 Fabr.
1297 1454 1331 1488 1.
1372 1456 1444 1490 lnc.
1471 1457 1507 1492 1.

102 1513 214 1564 Acad.v
235 1514 362 1549 Hense.
387 1514 468 1550 Sen.
491 1515 526 1550 2.
559 1517 688 1550 Franc.
714 1516 831 1550 Guelf.
855 1515 890 1550 2.
915 1515 950 1549 4.
975 1514 1010 1550 7.
1042 1514 1131 1548 Tur.
1157 1515 1190 1550 1.
1221 1515 1320 1550 Leid.
1347 1517 1388 1552 A.
1420 1517 1508 1553 Ven.

36 1592 42 1607 s
102 1575 139 1612 2.
161 1575 196 1610 3.
229 1574 407 1614 inversum
429 1580 546 1612 tenent
569 1571 747 1621 ordinem,
774 1577 915 1619 Cottio,
940 1576 1075 1611 scilicet
1097 1577 1143 1610 ob
1165 1577 1400 1622 elegantiam,
1426 1591 1510 1624 pro-

103 1636 249 1679 batum3
281 1638 376 1681 quod
399 1638 468 1672 viri
490 1638 682 1684 iudicium,
715 1639 855 1684 quidvis
877 1638 993 1683 potius
1016 1638 1264 1684 intelligentis,
1295 1650 1402 1683 quam
1425 1639 1510 1684 quid

107 1698 250 1744 elegans
272 1702 361 1733 esset
383 1703 418 1734 et
439 1705 640 1742 venustum,
666 1700 843 1735 neminem
865 1701 1016 1735 debehat
1039 1711 1062 1734 a
1085 1704 1184 1735 recto
1208 1701 1394 1735 abducere.
1439 1702 1512 1736 Pa-

107 1761 160 1794 tet
189 1758 283 1792 enim
314 1760 450 1796 scribas
477 1762 651 1807 religione
683 1766 799 1797 motos
828 1762 939 1796 verba
961 1762 1235 1805 transposuisse,
1267 1773 1311 1795 ne
1334 1763 1453 1797 animo
1474 1763 1512 1798 in

106 1819 280 1855 divisione
308 1822 478 1857 sccundus
500 1823 599 1858 locus
622 1827 724 1859 esset.
771 1824 936 1858 Ceterum
961 1827 1011 1857 est
1036 1822 1176 1856 eortius
1200 1822 1348 1865 delevit,
1385 1823 1514 1858 Gerla-

107 1880 210 1915 chius
240 1885 320 1926 post
343 1883 463 1917 anima
486 1885 692 1929 collocavit,
730 1885 793 1919 ubi
815 1882 962 1930 plurimi
995 1883 1096 1918 codd.
1121 1883 1266 1918 habent.
1313 1883 1383 1918 Sed
1407 1884 1516 1919 istum

107 1942 227 1993 locum
250 1943 351 1978 exilis
374 1945 519 1987 vocula,
544 1955 566 1978 a
588 1945 775 1989 participio
798 1957 863 1980 suo
886 1955 993 1989 supra
1016 1945 1163 1978 modum
1186 1948 1342 1987 remota,
1367 1946 1516 1989 pessime

109 2004 263 2047 obtinet3
297 2016 407 2049 quare
436 2016 507 2040 non
536 2005 697 2040 dubitavi
722 2009 802 2050 post
825 2006 1048 2051 compositum
1071 2006 1273 2047 retrahere,
1306 2007 1357 2040 uti
1385 2007 1518 2052 legitur

110 2064 148 2100 iu
171 2065 270 2103 Laid.
293 2066 333 2103 C.
357 2067 402 2101 D.
426 2066 478 2102 Μ.
502 2070 537 2102 et
558 2067 657 2102 haud
681 2067 786 2102 dubie
812 2068 919 2102 etiam
944 2068 981 2101 in
1005 2067 1169 2103 Guelfff.
1191 2067 1318 2102 Franc.
1336 2071 1371 2101 et
1386 2068 1517 2103 Ven.2.

113 2127 222 2162 Valde
242 2131 297 2163 est
318 2128 411 2163 enim
432 2129 632 2173 probabile,
657 2133 801 2174 propter
822 2128 1039 2164 vicinitatem
1065 2142 1117 2164 ex·
1130 2129 1228 2164 vocis
1252 2129 1435 2164 evanuisse
1455 2136 1519 2173 est,

44 2194 46 2199 '
112 2192 154 2223 ut
174 2199 299 2224 revera
321 2190 417 2223 deest
439 2189 475 2223 in
499 2190 577 2224 Vat.
602 2190 661 2234 6.,
687 2203 730 2226 ac
752 2195 874 2235 postea
893 2201 915 2225 a
938 2190 1063 2225 scribis
1086 2190 1123 2225 in
1147 2191 1217 2225 fine
1239 2189 1388 2234 protasis
1411 2191 1522 2224 fuisse

114 2250 286 2287 additum.
331 2252 465 2285 Parum
490 2252 676 2295 prudenter
698 2252 810 2297 igitur
834 2252 1046 2287 Gerlachius
1071 2251 1107 2286 in
1139 2253 1349 2286 Commentt.
1374 2265 1411 2297 p.
1437 2252 1521 2287 215.

114 2312 220 2357 plane
242 2312 279 2346 id
302 2312 423 2348 abesse
445 2313 542 2354 vult3
566 2314 626 2347 sed
650 2318 794 2358 postea,
819 2319 858 2349 ut
877 2318 928 2349 cst
951 2314 1019 2348 sibi
1043 2325 1172 2359 parum
1195 2317 1378 2355 constans,
1404 2314 1441 2348 in
1466 2314 1522 2351 ed.

47 2420 50 2427 ,
117 2373 203 2408 min.
226 2373 383 2408 retinuit.
407 2393 451 2400 -
478 2376 606 2409 Anima
629 2375 817 2411 Sallustius
841 2377 964 2411 eodem
988 2387 1091 2411 sensu
1116 2380 1221 2420 atque
1240 2376 1379 2409 animus
1394 2375 1524 2410 dixisse

116 2434 231 2470 videri
264 2435 409 2480 possit,
436 2435 554 2480 itaque
577 2438 718 2472 Cottius
749 2437 984 2482 pronunciat,
1016 2437 1212 2482 repetitque
1234 2436 1403 2482 Longius.
1453 2437 1523 2472 Sed

38 2519 42 2523 -
70 2529 71 2534 ,
118 2497 257 2532 animus
279 2497 453 2531 latissimo
476 2508 578 2531 sensu
602 2509 670 2532 non
693 2499 817 2533 solum,
834 2497 1004 2533 sentiendi
1028 2498 1286 2542 appetendique
1304 2500 1524 2543 facultatem,

119 2560 160 2593 ut
181 2558 340 2604 Herzog.
365 2559 490 2594 statuit
512 2560 556 2593 ad
581 2559 681 2594 Caes.
703 2560 748 2596 B.
776 2562 823 2596 G.
845 2562 874 2603 Ι,
902 2560 975 2599 10.,
1009 2559 1070 2593 scd
1105 2559 1215 2594 etiam
1248 2561 1427 2606 cogitandi
1450 2561 1526 2595 vim

120 2619 392 2664 complectitur,
421 2621 543 2654 anima‘
565 2631 651 2655 vero
677 2620 700 2654 i.
721 2633 753 2655 e.
785 2623 891 2669 ψυχῇ
922 2620 1141 2666 significatur
1163 2620 1220 2664 id,
1255 2623 1349 2667 quod
1372 2626 1526 2656 mentem

121 2681 159 2714 et
191 2691 320 2724 corpus
351 2681 523 2724 continet,
555 2685 595 2716 ut
618 2681 740 2716 vivere
763 2693 805 2716 ac
827 2683 950 2728 vigere
970 2682 1097 2727 possit;
1128 2695 1241 2727 neque
1271 2684 1368 2719 aliud
1394 2683 1526 2719 Nonius

122 2739 263 2775 videtur
285 2742 462 2785 voluisse,
487 2743 548 2788 qui
572 2744 614 2786 V,
639 2743 698 2778 20.
733 2744 905 2787 auimo,
930 2744 1059 2789 inquit,
1085 2746 1260 2790 sapimus,
1293 2746 1449 2779 anima
1473 2746 1528 2779 vi-

124 2802 248 2838 vimus.
295 2802 404 2838 Haud
436 2815 518 2840 raro
554 2808 674 2841 autem
706 2806 848 2848 anima,
881 2806 919 2841 in
952 2817 1023 2851 qua
1045 2807 1156 2843 animi
1179 2807 1275 2843 vires
1297 2807 1436 2850 insunt,
1471 2817 1529 2842 or-
