<?xml version="1.0" encoding="UTF-8"?>
<!DOCTYPE html PUBLIC "-//W3C//DTD XHTML 1.0 Transitional//EN"
    "http://www.w3.org/TR/xhtml1/DTD/xhtml1-transitional.dtd">
<html xmlns="http://www.w3.org/1999/xhtml" xml:lang="en" lang="en">
 <head>
  <title>
</title>
<meta http-equiv="Content-Type" content="text/html;charset=utf-8" />
  <meta name='ocr-system' content='tesseract 3.04.00' />
  <meta name='ocr-capabilities' content='ocr_page ocr_carea ocr_par ocr_line ocrx_word'/>
</head>
<body>
  <div class='ocr_page' id='page_1' title='image "./operaquaesupers02salluoft/operaquaesupers02salluoft_0601.png"; bbox 0 0 1826 3276; ppageno 0'>
   <div class='ocr_carea' id='block_1_1' title="bbox 421 143 1470 228">
    <p class='ocr_par' dir='ltr' id='par_1_1' title="bbox 421 143 1470 228">
     <span class='ocr_line' id='line_1_1' title="bbox 421 143 1470 228; baseline 0.014 -15"><span class='ocrx_word' id='word_1_1' title='bbox 421 168 786 216; x_wconf 72' lang='lat' dir='ltr'><strong>wGURTuA.</strong></span> <span class='ocrx_word' id='word_1_2' title='bbox 845 143 1135 219; x_wconf 65' lang='lat' dir='ltr'><strong>GAR&#39;cvu.</strong></span> <span class='ocrx_word' id='word_1_3' title='bbox 1382 184 1470 228; x_wconf 76' lang='lat'><strong>579</strong></span> 
     </span>
    </p>
   </div>
   <div class='ocr_carea' id='block_1_2' title="bbox 9 287 1506 750">
    <p class='ocr_par' dir='ltr' id='par_1_2' title="bbox 9 287 1506 750">
     <span class='ocr_line' id='line_1_2' title="bbox 9 287 1466 355; baseline 0.012 -27"><span class='ocrx_word' id='word_1_4' title='bbox 9 327 17 334; x_wconf 76' lang='grc'><em>,</em></span> <span class='ocrx_word' id='word_1_5' title='bbox 75 298 279 345; x_wconf 84' lang='lat' dir='ltr'><strong>opesque</strong></span> <span class='ocrx_word' id='word_1_6' title='bbox 315 287 407 332; x_wconf 86' lang='lat' dir='ltr'><strong>eius</strong></span> <span class='ocrx_word' id='word_1_7' title='bbox 445 303 499 332; x_wconf 86' lang='lat' dir='ltr'><strong>ex</strong></span> <span class='ocrx_word' id='word_1_8' title='bbox 533 294 664 350; x_wconf 88' lang='lat' dir='ltr'><strong>patre</strong></span> <span class='ocrx_word' id='word_1_9' title='bbox 697 304 778 335; x_wconf 83' lang='lat' dir='ltr'><strong>suo</strong></span> <span class='ocrx_word' id='word_1_10' title='bbox 810 291 1077 353; x_wconf 79' lang='lat' dir='ltr'>penderent,</span> <span class='ocrx_word' id='word_1_11' title='bbox 1113 293 1312 355; x_wconf 76' lang='lat' dir='ltr'><strong>credere,</strong></span> <span class='ocrx_word' id='word_1_12' title='bbox 1341 297 1466 346; x_wconf 91' lang='lat' dir='ltr'><strong>illum</strong></span> 
     </span>
     <span class='ocr_line' id='line_1_3' title="bbox 73 382 1463 449; baseline 0.011 -22"><span class='ocrx_word' id='word_1_13' title='bbox 73 382 184 428; x_wconf 89' lang='lat' dir='ltr'><strong>nihil</strong></span> <span class='ocrx_word' id='word_1_14' title='bbox 209 384 362 444; x_wconf 88' lang='lat' dir='ltr'><strong>palam</strong></span> <span class='ocrx_word' id='word_1_15' title='bbox 398 400 630 444; x_wconf 77' lang='lat' dir='ltr'><strong>ausurum,¹</strong></span> <span class='ocrx_word' id='word_1_16' title='bbox 660 402 801 446; x_wconf 91' lang='lat' dir='ltr'><strong>quum</strong></span> <span class='ocrx_word' id='word_1_17' title='bbox 838 389 936 449; x_wconf 82' lang='lat' dir='ltr'><strong>ipse</strong></span> <span class='ocrx_word' id='word_1_18' title='bbox 966 390 1084 437; x_wconf 86' lang='lat' dir='ltr'><strong>filius</strong></span> <span class='ocrx_word' id='word_1_19' title='bbox 1114 393 1236 438; x_wconf 84' lang='lat' dir='ltr'><strong>testis</strong></span> <span class='ocrx_word' id='word_1_20' title='bbox 1272 393 1463 444; x_wconf 80' lang='lat' dir='ltr'><strong>adesset.</strong></span> 
     </span>
     <span class='ocr_line' id='line_1_4' title="bbox 71 466 1506 547; baseline 0.011 -23"><span class='ocrx_word' id='word_1_21' title='bbox 71 466 228 536; x_wconf 76' lang='lat' dir='ltr'><strong>Quare</strong></span> <span class='ocrx_word' id='word_1_22' title='bbox 262 486 500 542; x_wconf 86' lang='lat' dir='ltr'><strong>optumum</strong></span> <span class='ocrx_word' id='word_1_23' title='bbox 533 483 703 529; x_wconf 88' lang='lat' dir='ltr'><strong>factum</strong></span> <span class='ocrx_word' id='word_1_24' title='bbox 739 484 894 542; x_wconf 85' lang='lat' dir='ltr'><strong>videri,</strong></span> <span class='ocrx_word' id='word_1_25' title='bbox 929 501 1016 546; x_wconf 89' lang='lat' dir='ltr'><strong>per</strong></span> <span class='ocrx_word' id='word_1_26' title='bbox 1057 489 1207 535; x_wconf 88' lang='lat' dir='ltr'><strong>media</strong></span> <span class='ocrx_word' id='word_1_27' title='bbox 1252 492 1345 538; x_wconf 85' lang='lat' dir='ltr'><strong>eius</strong></span> <span class='ocrx_word' id='word_1_28' title='bbox 1388 503 1506 547; x_wconf 86' lang='lat' dir='ltr'><strong>ca-5</strong></span> 
     </span>
     <span class='ocr_line' id='line_1_5' title="bbox 69 564 1463 651; baseline 0.012 -30"><span class='ocrx_word' id='word_1_29' title='bbox 69 583 162 623; x_wconf 86' lang='lat' dir='ltr'><strong>stra</strong></span> <span class='ocrx_word' id='word_1_30' title='bbox 194 578 347 639; x_wconf 88' lang='lat' dir='ltr'><strong>palam</strong></span> <span class='ocrx_word' id='word_1_31' title='bbox 380 579 590 635; x_wconf 81' lang='lat' dir='ltr'><strong>transire3</strong></span> <span class='ocrx_word' id='word_1_32' title='bbox 624 595 735 639; x_wconf 83' lang='lat' dir='ltr'><strong>sese,</strong></span> <span class='ocrx_word' id='word_1_33' title='bbox 771 583 845 627; x_wconf 85' lang='lat' dir='ltr'><strong>vel</strong></span> <span class='ocrx_word' id='word_1_34' title='bbox 874 586 1149 651; x_wconf 57' lang='lat' dir='ltr'><strong>praemiseis,</strong></span> <span class='ocrx_word' id='word_1_35' title='bbox 1186 589 1259 634; x_wconf 87' lang='lat' dir='ltr'><strong>vel</strong></span> <span class='ocrx_word' id='word_1_36' title='bbox 1293 564 1463 639; x_wconf 83' lang='lat' dir='ltr'><strong>ibidem</strong></span> 
     </span>
     <span class='ocr_line' id='line_1_6' title="bbox 68 674 1500 750; baseline 0.013 -32"><span class='ocrx_word' id='word_1_37' title='bbox 68 675 232 721; x_wconf 88' lang='lat' dir='ltr'><strong>relictis</strong></span> <span class='ocrx_word' id='word_1_38' title='bbox 275 674 474 734; x_wconf 71' lang='lat' dir='ltr'><strong>Mauris3</strong></span> <span class='ocrx_word' id='word_1_39' title='bbox 519 677 664 723; x_wconf 90' lang='lat' dir='ltr'><strong>solum</strong></span> <span class='ocrx_word' id='word_1_40' title='bbox 711 687 815 725; x_wconf 83' lang='lat' dir='ltr'><strong>cum</strong></span> <span class='ocrx_word' id='word_1_41' title='bbox 859 681 987 727; x_wconf 80' lang='lat' dir='ltr'><strong>Sulla</strong></span> <span class='ocrx_word' id='word_1_42' title='bbox 1021 684 1197 730; x_wconf 86' lang='lat' dir='ltr'><strong>iturum.</strong></span> <span class='ocrx_word' id='word_1_43' title='bbox 1266 687 1339 733; x_wconf 88' lang='lat' dir='ltr'><strong>Ea</strong></span> <span class='ocrx_word' id='word_1_44' title='bbox 1373 695 1500 750; x_wconf 88' lang='lat' dir='ltr'><strong>res‚6</strong></span> 
     </span>
    </p>
   </div>
   <div class='ocr_carea' id='block_1_3' title="bbox 4 770 1464 848">
    <p class='ocr_par' dir='ltr' id='par_1_3' title="bbox 4 770 1464 848">
     <span class='ocr_line' id='line_1_7' title="bbox 4 770 1464 848; baseline 0.013 -32"><span class='ocrx_word' id='word_1_45' title='bbox 4 770 9 773; x_wconf 70' lang='lat'>&#39;</span> <span class='ocrx_word' id='word_1_46' title='bbox 69 780 118 818; x_wconf 91' lang='lat' dir='ltr'><strong>ut</strong></span> <span class='ocrx_word' id='word_1_47' title='bbox 145 773 191 818; x_wconf 89' lang='lat' dir='ltr'><strong>in</strong></span> <span class='ocrx_word' id='word_1_48' title='bbox 222 773 303 819; x_wconf 86' lang='lat' dir='ltr'><strong>tali</strong></span> <span class='ocrx_word' id='word_1_49' title='bbox 328 772 539 836; x_wconf 85' lang='lat' dir='ltr'><strong>negotio,</strong></span> <span class='ocrx_word' id='word_1_50' title='bbox 574 775 793 836; x_wconf 83' lang='lat' dir='ltr'><strong>probata3</strong></span> <span class='ocrx_word' id='word_1_51' title='bbox 831 794 886 824; x_wconf 88' lang='lat' dir='ltr'><strong>ac</strong></span> <span class='ocrx_word' id='word_1_52' title='bbox 921 780 1070 828; x_wconf 88' lang='lat' dir='ltr'><strong>statim</strong></span> <span class='ocrx_word' id='word_1_53' title='bbox 1102 783 1321 844; x_wconf 84' lang='lat' dir='ltr'><strong>profecti,</strong></span> <span class='ocrx_word' id='word_1_54' title='bbox 1356 788 1464 848; x_wconf 88' lang='lat' dir='ltr'><strong>quia</strong></span> 
     </span>
    </p>
   </div>
   <div class='ocr_carea' id='block_1_4' title="bbox 0 940 1505 2826">
    <p class='ocr_par' dir='ltr' id='par_1_4' title="bbox 59 940 1505 1539">
     <span class='ocr_line' id='line_1_8' title="bbox 65 940 1462 999; baseline 0.014 -25"><span class='ocrx_word' id='word_1_55' title='bbox 65 951 149 987; x_wconf 74' lang='lat' dir='ltr'><strong>pote</strong></span> <span class='ocrx_word' id='word_1_56' title='bbox 177 940 458 978; x_wconf 80' lang='lat' dir='ltr'><strong>commendatur.</strong></span> <span class='ocrx_word' id='word_1_57' title='bbox 503 941 595 978; x_wconf 81' lang='lat' dir='ltr'><strong>Nam</strong></span> <span class='ocrx_word' id='word_1_58' title='bbox 626 946 666 980; x_wconf 90' lang='lat' dir='ltr'><strong>ut</strong></span> <span class='ocrx_word' id='word_1_59' title='bbox 696 947 774 981; x_wconf 85' lang='lat' dir='ltr'><strong>erat</strong></span> <span class='ocrx_word' id='word_1_60' title='bbox 799 945 916 982; x_wconf 83' lang='lat' dir='ltr'><strong>Volux</strong></span> <span class='ocrx_word' id='word_1_61' title='bbox 939 947 1045 984; x_wconf 84' lang='lat' dir='ltr'><strong>anxio</strong></span> <span class='ocrx_word' id='word_1_62' title='bbox 1069 952 1105 985; x_wconf 90' lang='lat' dir='ltr'><strong>et</strong></span> <span class='ocrx_word' id='word_1_63' title='bbox 1126 951 1232 987; x_wconf 79' lang='lat' dir='ltr'><strong>valde</strong></span> <span class='ocrx_word' id='word_1_64' title='bbox 1254 955 1462 999; x_wconf 85' lang='lat' dir='ltr'><strong>perturbato</strong></span> 
     </span>
     <span class='ocr_line' id='line_1_9' title="bbox 60 1002 1461 1063; baseline 0.011 -27"><span class='ocrx_word' id='word_1_65' title='bbox 60 1002 204 1046; x_wconf 84' lang='lat' dir='ltr'><strong>animo,</strong></span> <span class='ocrx_word' id='word_1_66' title='bbox 236 1013 306 1038; x_wconf 88' lang='lat' dir='ltr'><strong>non</strong></span> <span class='ocrx_word' id='word_1_67' title='bbox 339 1006 477 1047; x_wconf 82' lang='lat' dir='ltr'><strong>poterat</strong></span> <span class='ocrx_word' id='word_1_68' title='bbox 508 1003 670 1049; x_wconf 78' lang='lat' dir='ltr'><strong>equidem</strong></span> <span class='ocrx_word' id='word_1_69' title='bbox 701 1017 766 1050; x_wconf 83' lang='lat' dir='ltr'><strong>pro</strong></span> <span class='ocrx_word' id='word_1_70' title='bbox 790 1010 886 1043; x_wconf 89' lang='lat' dir='ltr'><strong>certo</strong></span> <span class='ocrx_word' id='word_1_71' title='bbox 917 1012 952 1044; x_wconf 86' lang='lat' dir='ltr'><strong>et</strong></span> <span class='ocrx_word' id='word_1_72' title='bbox 980 1011 1162 1055; x_wconf 83' lang='lat' dir='ltr'><strong>explorato</strong></span> <span class='ocrx_word' id='word_1_73' title='bbox 1186 1013 1301 1050; x_wconf 85' lang='lat' dir='ltr'><strong>dicere</strong></span> <span class='ocrx_word' id='word_1_74' title='bbox 1325 1017 1461 1063; x_wconf 81' lang='lat' dir='ltr'><strong>Iugur-</strong></span> 
     </span>
     <span class='ocr_line' id='line_1_10' title="bbox 63 1064 1505 1118; baseline 0.01 -18"><span class='ocrx_word' id='word_1_75' title='bbox 63 1064 162 1100; x_wconf 71' lang='lat' dir='ltr'><strong>thom</strong></span> <span class='ocrx_word' id='word_1_76' title='bbox 186 1064 276 1099; x_wconf 77' lang='lat' dir='ltr'><strong>m&#39;hil</strong></span> <span class='ocrx_word' id='word_1_77' title='bbox 294 1065 419 1110; x_wconf 82' lang='lat' dir='ltr'><strong>palam</strong></span> <span class='ocrx_word' id='word_1_78' title='bbox 443 1075 631 1110; x_wconf 71' lang='lat' dir='ltr'><strong>ausurum,</strong></span> <span class='ocrx_word' id='word_1_79' title='bbox 655 1067 738 1112; x_wconf 81' lang='lat' dir='ltr'><strong>sed,</strong></span> <span class='ocrx_word' id='word_1_80' title='bbox 763 1079 834 1112; x_wconf 83' lang='lat' dir='ltr'><strong>quo</strong></span> <span class='ocrx_word' id='word_1_81' title='bbox 857 1068 996 1105; x_wconf 83' lang='lat' dir='ltr'>Sullam</span> <span class='ocrx_word' id='word_1_82' title='bbox 1020 1072 1221 1118; x_wconf 84' lang='lat' dir='ltr'><strong>mitigaret,</strong></span> <span class='ocrx_word' id='word_1_83' title='bbox 1249 1077 1353 1111; x_wconf 85' lang='lat' dir='ltr'><strong>valde</strong></span> <span class='ocrx_word' id='word_1_84' title='bbox 1376 1090 1461 1114; x_wconf 86' lang='lat' dir='ltr'><strong>con-</strong></span> <span class='ocrx_word' id='word_1_85' title='bbox 1495 1077 1505 1085; x_wconf 81' lang='lat'>&#39;</span> 
     </span>
     <span class='ocr_line' id='line_1_11' title="bbox 64 1125 1460 1182; baseline 0.011 -22"><span class='ocrx_word' id='word_1_86' title='bbox 64 1125 246 1168; x_wconf 80' lang='lat' dir='ltr'><strong>veniebat,</strong></span> <span class='ocrx_word' id='word_1_87' title='bbox 269 1128 309 1161; x_wconf 83' lang='lat' dir='ltr'><strong>ut</strong></span> <span class='ocrx_word' id='word_1_88' title='bbox 331 1125 463 1161; x_wconf 75' lang='lat' dir='ltr'><strong>diceret</strong></span> <span class='ocrx_word' id='word_1_89' title='bbox 489 1138 528 1162; x_wconf 81' lang='lat' dir='ltr'><strong>se</strong></span> <span class='ocrx_word' id='word_1_90' title='bbox 551 1127 718 1162; x_wconf 64' lang='lat' dir='ltr'><strong>cmuiicere</strong></span> <span class='ocrx_word' id='word_1_91' title='bbox 740 1138 783 1163; x_wconf 87' lang='lat' dir='ltr'><strong>ac</strong></span> <span class='ocrx_word' id='word_1_92' title='bbox 804 1131 985 1174; x_wconf 79' lang='lat' dir='ltr'><strong>probabile</strong></span> <span class='ocrx_word' id='word_1_93' title='bbox 1005 1138 1153 1178; x_wconf 79' lang='lat' dir='ltr'><strong>putare,</strong></span> <span class='ocrx_word' id='word_1_94' title='bbox 1172 1135 1276 1170; x_wconf 87' lang='lat' dir='ltr'><strong>illum</strong></span> <span class='ocrx_word' id='word_1_95' title='bbox 1300 1138 1460 1182; x_wconf 82' lang='lat' dir='ltr'><strong>quietum</strong></span> 
     </span>
     <span class='ocr_line' id='line_1_12' title="bbox 62 1186 1458 1244; baseline 0.01 -23"><span class='ocrx_word' id='word_1_96' title='bbox 62 1187 151 1222; x_wconf 87' lang='lat' dir='ltr'><strong>fore.</strong></span> <span class='ocrx_word' id='word_1_97' title='bbox 198 1188 244 1222; x_wconf 84' lang='lat' dir='ltr'><strong>Se</strong></span> <span class='ocrx_word' id='word_1_98' title='bbox 277 1186 315 1221; x_wconf 85' lang='lat' dir='ltr'><strong>iu</strong></span> <span class='ocrx_word' id='word_1_99' title='bbox 346 1186 412 1222; x_wconf 88' lang='lat' dir='ltr'><strong>tali</strong></span> <span class='ocrx_word' id='word_1_100' title='bbox 444 1191 619 1223; x_wconf 83' lang='lat' dir='ltr'><strong>structura</strong></span> <span class='ocrx_word' id='word_1_101' title='bbox 649 1187 818 1224; x_wconf 77' lang='lat' dir='ltr'><strong>omissum</strong></span> <span class='ocrx_word' id='word_1_102' title='bbox 848 1190 941 1227; x_wconf 86' lang='lat' dir='ltr'><strong>nihil</strong></span> <span class='ocrx_word' id='word_1_103' title='bbox 968 1193 1176 1230; x_wconf 77' lang='lat' dir='ltr'><strong>insolentiae</strong></span> <span class='ocrx_word' id='word_1_104' title='bbox 1203 1196 1325 1242; x_wconf 84' lang='lat' dir='ltr'><strong>habet,</strong></span> <span class='ocrx_word' id='word_1_105' title='bbox 1347 1211 1458 1244; x_wconf 86' lang='lat' dir='ltr'><strong>quum</strong></span> 
     </span>
     <span class='ocr_line' id='line_1_13' title="bbox 62 1247 1460 1306; baseline 0.007 -22"><span class='ocrx_word' id='word_1_106' title='bbox 62 1259 125 1284; x_wconf 70' lang='lat' dir='ltr'><strong>suo</strong></span> <span class='ocrx_word' id='word_1_107' title='bbox 148 1248 354 1294; x_wconf 83' lang='lat' dir='ltr'><strong>praecedat3</strong></span> <span class='ocrx_word' id='word_1_108' title='bbox 385 1247 433 1282; x_wconf 75' lang='lat' dir='ltr'><strong>cf.</strong></span> <span class='ocrx_word' id='word_1_109' title='bbox 457 1259 488 1284; x_wconf 86' lang='lat' dir='ltr'><strong>c.</strong></span> <span class='ocrx_word' id='word_1_110' title='bbox 514 1249 608 1292; x_wconf 88' lang='lat' dir='ltr'>XIV,</span> <span class='ocrx_word' id='word_1_111' title='bbox 632 1249 667 1284; x_wconf 99' lang='lat'><strong>3.</strong></span> <span class='ocrx_word' id='word_1_112' title='bbox 690 1262 726 1294; x_wconf 98' lang='grc' dir='ltr'><strong><em>Ρ.</em></strong></span> <span class='ocrx_word' id='word_1_113' title='bbox 751 1250 809 1288; x_wconf 79' lang='lat'><strong>73.</strong></span> <span class='ocrx_word' id='word_1_114' title='bbox 842 1270 888 1280; x_wconf 91' lang='lat'><strong>—·</strong></span> <span class='ocrx_word' id='word_1_115' title='bbox 922 1254 1110 1299; x_wconf 79' lang='lat' dir='ltr'><strong><em>Optumum</em></strong></span> <span class='ocrx_word' id='word_1_116' title='bbox 1127 1258 1329 1303; x_wconf 83' lang='lat' dir='ltr'><strong>factum,</strong></span> <span class='ocrx_word' id='word_1_117' title='bbox 1365 1262 1460 1306; x_wconf 76' lang='lat' dir='ltr'><strong>quod</strong></span> 
     </span>
     <span class='ocr_line' id='line_1_14' title="bbox 61 1309 1460 1366; baseline 0.009 -22"><span class='ocrx_word' id='word_1_118' title='bbox 61 1310 228 1355; x_wconf 80' lang='lat' dir='ltr'><strong>permulti</strong></span> <span class='ocrx_word' id='word_1_119' title='bbox 260 1309 362 1344; x_wconf 85' lang='lat' dir='ltr'><strong>codd.</strong></span> <span class='ocrx_word' id='word_1_120' title='bbox 391 1313 526 1354; x_wconf 87' lang='lat' dir='ltr'><strong>tenent,</strong></span> <span class='ocrx_word' id='word_1_121' title='bbox 555 1322 619 1344; x_wconf 88' lang='lat' dir='ltr'><strong>cur</strong></span> <span class='ocrx_word' id='word_1_122' title='bbox 640 1311 908 1354; x_wconf 80' lang='lat' dir='ltr'><strong>praeferendum</strong></span> <span class='ocrx_word' id='word_1_123' title='bbox 931 1318 1095 1359; x_wconf 76' lang='lat' dir='ltr'><strong>putemus</strong></span> <span class='ocrx_word' id='word_1_124' title='bbox 1118 1317 1288 1364; x_wconf 80' lang='lat' dir='ltr'><strong>vulgatae</strong></span> <span class='ocrx_word' id='word_1_125' title='bbox 1308 1321 1460 1366; x_wconf 77' lang='lat' dir='ltr'><strong>scriptu-</strong></span> 
     </span>
     <span class='ocr_line' id='line_1_15' title="bbox 60 1371 1458 1426; baseline 0.007 -22"><span class='ocrx_word' id='word_1_126' title='bbox 60 1380 124 1406; x_wconf 83' lang='lat' dir='ltr'><strong>rae</strong></span> <span class='ocrx_word' id='word_1_127' title='bbox 146 1374 216 1416; x_wconf 82' lang='lat' dir='ltr'><strong>opt.</strong></span> <span class='ocrx_word' id='word_1_128' title='bbox 240 1373 399 1415; x_wconf 79' lang='lat' dir='ltr'><strong>factu,</strong></span> <span class='ocrx_word' id='word_1_129' title='bbox 431 1381 454 1406; x_wconf 87' lang='lat' dir='ltr'><strong>a</strong></span> <span class='ocrx_word' id='word_1_130' title='bbox 487 1371 679 1406; x_wconf 86' lang='lat' dir='ltr'><strong>Gerlachio</strong></span> <span class='ocrx_word' id='word_1_131' title='bbox 706 1371 744 1406; x_wconf 87' lang='lat' dir='ltr'><strong>iu</strong></span> <span class='ocrx_word' id='word_1_132' title='bbox 768 1373 822 1407; x_wconf 89' lang='lat' dir='ltr'><strong>ed.</strong></span> <span class='ocrx_word' id='word_1_133' title='bbox 847 1373 932 1408; x_wconf 90' lang='lat' dir='ltr'><strong>mai.</strong></span> <span class='ocrx_word' id='word_1_134' title='bbox 957 1374 1052 1409; x_wconf 89' lang='lat' dir='ltr'><strong>etin</strong></span> <span class='ocrx_word' id='word_1_135' title='bbox 1075 1376 1287 1416; x_wconf 83' lang='lat' dir='ltr'><strong>Commentt.</strong></span> <span class='ocrx_word' id='word_1_136' title='bbox 1314 1392 1350 1426; x_wconf 85' lang='grc' dir='ltr'><strong><em>Ρ.</em></strong></span> <span class='ocrx_word' id='word_1_137' title='bbox 1373 1381 1458 1419; x_wconf 76' lang='grc'><strong>332.</strong></span> 
     </span>
     <span class='ocr_line' id='line_1_16' title="bbox 59 1430 1458 1487; baseline 0.007 -21"><span class='ocrx_word' id='word_1_138' title='bbox 59 1430 300 1476; x_wconf 80' lang='lat' dir='ltr'><strong>improbatae,</strong></span> <span class='ocrx_word' id='word_1_139' title='bbox 330 1431 368 1467; x_wconf 88' lang='lat' dir='ltr'><strong>in</strong></span> <span class='ocrx_word' id='word_1_140' title='bbox 399 1431 452 1467; x_wconf 87' lang='lat' dir='ltr'><strong>ed.</strong></span> <span class='ocrx_word' id='word_1_141' title='bbox 476 1431 564 1467; x_wconf 88' lang='lat' dir='ltr'><strong>min.</strong></span> <span class='ocrx_word' id='word_1_142' title='bbox 588 1443 673 1468; x_wconf 85' lang='lat' dir='ltr'><strong>vero</strong></span> <span class='ocrx_word' id='word_1_143' title='bbox 695 1433 898 1477; x_wconf 77' lang='lat' dir='ltr'><strong>restitutae,</strong></span> <span class='ocrx_word' id='word_1_144' title='bbox 931 1433 1083 1470; x_wconf 73' lang='lat' dir='ltr'><strong>diximus</strong></span> <span class='ocrx_word' id='word_1_145' title='bbox 1110 1435 1157 1471; x_wconf 86' lang='lat' dir='ltr'><strong>ad</strong></span> <span class='ocrx_word' id='word_1_146' title='bbox 1181 1437 1285 1474; x_wconf 76' lang='lat' dir='ltr'><strong>catil.</strong></span> <span class='ocrx_word' id='word_1_147' title='bbox 1310 1441 1458 1487; x_wconf 83' lang='lat' dir='ltr'>XXXII,</span> 
     </span>
     <span class='ocr_line' id='line_1_17' title="bbox 59 1491 901 1539; baseline -0.001 -11"><span class='ocrx_word' id='word_1_148' title='bbox 59 1492 96 1528; x_wconf 85' lang='lat'><strong>1.</strong></span> <span class='ocrx_word' id='word_1_149' title='bbox 116 1503 154 1539; x_wconf 90' lang='grc' dir='ltr'><strong>Ρ.</strong></span> <span class='ocrx_word' id='word_1_150' title='bbox 177 1491 260 1527; x_wconf 81' lang='lat'><strong>151.</strong></span> <span class='ocrx_word' id='word_1_151' title='bbox 624 1511 625 1514; x_wconf 64' lang='lat'><em>=</em></span> <span class='ocrx_word' id='word_1_152' title='bbox 895 1526 901 1536; x_wconf 73' lang='grc'><strong><em>,</em></strong></span> 
     </span>
    </p>

    <p class='ocr_par' dir='ltr' id='par_1_5' title="bbox 0 1552 1460 2826">
     <span class='ocr_line' id='line_1_18' title="bbox 153 1552 1458 1602; baseline 0.009 -15"><span class='ocrx_word' id='word_1_153' title='bbox 153 1553 188 1596; x_wconf 74' lang='lat' dir='ltr'><strong>S.</strong></span> <span class='ocrx_word' id='word_1_154' title='bbox 211 1552 248 1588; x_wconf 84' lang='lat'><strong>6.</strong></span> <span class='ocrx_word' id='word_1_155' title='bbox 271 1555 307 1588; x_wconf 86' lang='lat' dir='ltr'><strong>et</strong></span> <span class='ocrx_word' id='word_1_156' title='bbox 328 1553 363 1589; x_wconf 74' lang='lat'><strong>7.</strong></span> <span class='ocrx_word' id='word_1_157' title='bbox 397 1558 439 1589; x_wconf 76' lang='lat' dir='ltr'><strong>ut</strong></span> <span class='ocrx_word' id='word_1_158' title='bbox 468 1555 507 1589; x_wconf 78' lang='lat' dir='ltr'><strong>in</strong></span> <span class='ocrx_word' id='word_1_159' title='bbox 537 1555 604 1590; x_wconf 76' lang='lat' dir='ltr'><strong>tali</strong></span> <span class='ocrx_word' id='word_1_160' title='bbox 634 1555 799 1601; x_wconf 79' lang='lat' dir='ltr'><strong>negotio]</strong></span> <span class='ocrx_word' id='word_1_161' title='bbox 836 1555 861 1590; x_wconf 88' lang='grc' dir='ltr'><strong><em>ἰ.</em></strong></span> <span class='ocrx_word' id='word_1_162' title='bbox 884 1566 916 1590; x_wconf 82' lang='lat' dir='ltr'><strong>e.</strong></span> <span class='ocrx_word' id='word_1_163' title='bbox 940 1556 1222 1602; x_wconf 80' lang='lat' dir='ltr'><strong>quandoquidem</strong></span> <span class='ocrx_word' id='word_1_164' title='bbox 1245 1558 1282 1595; x_wconf 86' lang='lat' dir='ltr'><strong>in</strong></span> <span class='ocrx_word' id='word_1_165' title='bbox 1304 1561 1371 1597; x_wconf 83' lang='lat' dir='ltr'><strong>tali</strong></span> <span class='ocrx_word' id='word_1_166' title='bbox 1392 1573 1458 1599; x_wconf 85' lang='lat' dir='ltr'><strong>ne·</strong></span> 
     </span>
     <span class='ocr_line' id='line_1_19' title="bbox 59 1613 1457 1668; baseline 0.005 -19"><span class='ocrx_word' id='word_1_167' title='bbox 59 1613 160 1660; x_wconf 83' lang='lat' dir='ltr'><strong>gotio</strong></span> <span class='ocrx_word' id='word_1_168' title='bbox 181 1613 341 1650; x_wconf 76' lang='lat' dir='ltr'><strong>melioris</strong></span> <span class='ocrx_word' id='word_1_169' title='bbox 362 1615 500 1651; x_wconf 81' lang='lat' dir='ltr'><strong>consilii</strong></span> <span class='ocrx_word' id='word_1_170' title='bbox 523 1615 625 1660; x_wconf 82' lang='lat' dir='ltr'><strong>copia</strong></span> <span class='ocrx_word' id='word_1_171' title='bbox 650 1626 719 1650; x_wconf 92' lang='lat' dir='ltr'><strong>non</strong></span> <span class='ocrx_word' id='word_1_172' title='bbox 741 1618 840 1661; x_wconf 87' lang='lat' dir='ltr'><strong>erat,</strong></span> <span class='ocrx_word' id='word_1_173' title='bbox 873 1615 948 1651; x_wconf 71' lang='lat' dir='ltr'><strong>sive</strong></span> <span class='ocrx_word' id='word_1_174' title='bbox 972 1628 1038 1662; x_wconf 81' lang='lat' dir='ltr'><strong>pro</strong></span> <span class='ocrx_word' id='word_1_175' title='bbox 1062 1619 1197 1653; x_wconf 71' lang='lat' dir='ltr'><strong>consilii</strong></span> <span class='ocrx_word' id='word_1_176' title='bbox 1218 1620 1359 1665; x_wconf 77' lang='lat' dir='ltr'><strong>inopia,</strong></span> <span class='ocrx_word' id='word_1_177' title='bbox 1383 1632 1457 1668; x_wconf 70' lang='lat' dir='ltr'><strong>qua</strong></span> 
     </span>
     <span class='ocr_line' id='line_1_20' title="bbox 58 1675 1460 1728; baseline 0.005 -17"><span class='ocrx_word' id='word_1_178' title='bbox 58 1676 97 1711; x_wconf 91' lang='lat' dir='ltr'><strong>in</strong></span> <span class='ocrx_word' id='word_1_179' title='bbox 120 1675 187 1711; x_wconf 76' lang='lat' dir='ltr'><strong>tali</strong></span> <span class='ocrx_word' id='word_1_180' title='bbox 208 1675 352 1722; x_wconf 83' lang='lat' dir='ltr'><strong>negotio</strong></span> <span class='ocrx_word' id='word_1_181' title='bbox 374 1677 568 1713; x_wconf 84' lang='lat' dir='ltr'><strong>laboratur.</strong></span> <span class='ocrx_word' id='word_1_182' title='bbox 620 1677 665 1712; x_wconf 86' lang='lat' dir='ltr'><strong>Ut</strong></span> <span class='ocrx_word' id='word_1_183' title='bbox 687 1676 860 1722; x_wconf 87' lang='lat' dir='ltr'><strong>particula</strong></span> <span class='ocrx_word' id='word_1_184' title='bbox 882 1677 977 1712; x_wconf 87' lang='lat' dir='ltr'><strong>enim</strong></span> <span class='ocrx_word' id='word_1_185' title='bbox 1000 1689 1080 1714; x_wconf 82' lang='lat' dir='ltr'><strong>eam</strong></span> <span class='ocrx_word' id='word_1_186' title='bbox 1103 1679 1178 1714; x_wconf 87' lang='lat' dir='ltr'><strong>vim</strong></span> <span class='ocrx_word' id='word_1_187' title='bbox 1200 1680 1320 1723; x_wconf 85' lang='lat' dir='ltr'><strong>habet,</strong></span> <span class='ocrx_word' id='word_1_188' title='bbox 1344 1687 1384 1717; x_wconf 90' lang='lat' dir='ltr'><strong>ut</strong></span> <span class='ocrx_word' id='word_1_189' title='bbox 1406 1683 1460 1728; x_wconf 75' lang='lat' dir='ltr'><strong>id,</strong></span> 
     </span>
     <span class='ocr_line' id='line_1_21' title="bbox 58 1736 1455 1790; baseline 0.005 -19"><span class='ocrx_word' id='word_1_190' title='bbox 58 1737 154 1783; x_wconf 80' lang='lat' dir='ltr'><strong>quod</strong></span> <span class='ocrx_word' id='word_1_191' title='bbox 186 1736 230 1772; x_wconf 83' lang='lat' dir='ltr'><strong>de</strong></span> <span class='ocrx_word' id='word_1_192' title='bbox 262 1737 384 1782; x_wconf 83' lang='lat' dir='ltr'><strong>aliqua</strong></span> <span class='ocrx_word' id='word_1_193' title='bbox 415 1749 455 1772; x_wconf 90' lang='lat' dir='ltr'><strong>re</strong></span> <span class='ocrx_word' id='word_1_194' title='bbox 485 1737 713 1782; x_wconf 84' lang='lat' dir='ltr'><strong>enunciatur,</strong></span> <span class='ocrx_word' id='word_1_195' title='bbox 745 1749 815 1773; x_wconf 89' lang='lat' dir='ltr'><strong>non</strong></span> <span class='ocrx_word' id='word_1_196' title='bbox 838 1750 901 1783; x_wconf 86' lang='lat' dir='ltr'><strong>per</strong></span> <span class='ocrx_word' id='word_1_197' title='bbox 923 1750 974 1781; x_wconf 76' lang='lat' dir='ltr'><strong>ee,</strong></span> <span class='ocrx_word' id='word_1_198' title='bbox 996 1740 1101 1783; x_wconf 84' lang='lat' dir='ltr'><strong>quale</strong></span> <span class='ocrx_word' id='word_1_199' title='bbox 1122 1745 1197 1783; x_wconf 76' lang='lat' dir='ltr'><strong>est,</strong></span> <span class='ocrx_word' id='word_1_200' title='bbox 1221 1740 1455 1790; x_wconf 76' lang='lat' dir='ltr'><strong>intelligatur,</strong></span> 
     </span>
     <span class='ocr_line' id='line_1_22' title="bbox 58 1794 1455 1848; baseline 0.005 -14"><span class='ocrx_word' id='word_1_201' title='bbox 58 1799 121 1835; x_wconf 77' lang='lat' dir='ltr'><strong>sed</strong></span> <span class='ocrx_word' id='word_1_202' title='bbox 144 1810 186 1834; x_wconf 70' lang='lat' dir='ltr'><strong>ex</strong></span> <span class='ocrx_word' id='word_1_203' title='bbox 207 1803 339 1834; x_wconf 78' lang='lat' dir='ltr'><strong>natura</strong></span> <span class='ocrx_word' id='word_1_204' title='bbox 362 1804 399 1834; x_wconf 85' lang='lat' dir='ltr'><strong>et</strong></span> <span class='ocrx_word' id='word_1_205' title='bbox 421 1794 619 1834; x_wconf 65' lang='lat' dir='ltr'><strong>condicione</strong></span> <span class='ocrx_word' id='word_1_206' title='bbox 644 1800 718 1834; x_wconf 80' lang='lat' dir='ltr'><strong>eius</strong></span> <span class='ocrx_word' id='word_1_207' title='bbox 739 1800 813 1841; x_wconf 83' lang='lat' dir='ltr'><strong>rei,</strong></span> <span class='ocrx_word' id='word_1_208' title='bbox 848 1799 897 1834; x_wconf 80' lang='lat' dir='ltr'><strong>ad</strong></span> <span class='ocrx_word' id='word_1_209' title='bbox 924 1811 1030 1845; x_wconf 80' lang='lat' dir='ltr'><strong>quum</strong></span> <span class='ocrx_word' id='word_1_210' title='bbox 1053 1803 1268 1847; x_wconf 76' lang='lat' dir='ltr'><strong>comparatio</strong></span> <span class='ocrx_word' id='word_1_211' title='bbox 1292 1807 1455 1848; x_wconf 79' lang='lat' dir='ltr'><strong>refertur.</strong></span> 
     </span>
     <span class='ocr_line' id='line_1_23' title="bbox 58 1859 1456 1913; baseline 0.003 -17"><span class='ocrx_word' id='word_1_212' title='bbox 58 1862 169 1913; x_wconf 65' lang='lat' dir='ltr'><strong>Quae¹</strong></span> <span class='ocrx_word' id='word_1_213' title='bbox 186 1859 345 1896; x_wconf 85' lang='lat' dir='ltr'><strong>condicio</strong></span> <span class='ocrx_word' id='word_1_214' title='bbox 369 1865 593 1905; x_wconf 85' lang='lat' dir='ltr'><strong>comparatae</strong></span> <span class='ocrx_word' id='word_1_215' title='bbox 615 1861 690 1903; x_wconf 86' lang='lat' dir='ltr'><strong>rei,</strong></span> <span class='ocrx_word' id='word_1_216' title='bbox 715 1859 931 1907; x_wconf 83' lang='lat' dir='ltr'><strong>cogitatione</strong></span> <span class='ocrx_word' id='word_1_217' title='bbox 953 1865 1089 1897; x_wconf 89' lang='lat' dir='ltr'><strong>tautum</strong></span> <span class='ocrx_word' id='word_1_218' title='bbox 1113 1863 1350 1908; x_wconf 84' lang='lat' dir='ltr'><strong>concipienda,</strong></span> <span class='ocrx_word' id='word_1_219' title='bbox 1374 1877 1456 1900; x_wconf 84' lang='lat' dir='ltr'><strong>ver-</strong></span> 
     </span>
     <span class='ocr_line' id='line_1_24' title="bbox 57 1921 1455 1969; baseline 0.004 -12"><span class='ocrx_word' id='word_1_220' title='bbox 57 1922 115 1958; x_wconf 74' lang='lat' dir='ltr'><strong>bis</strong></span> <span class='ocrx_word' id='word_1_221' title='bbox 137 1933 207 1957; x_wconf 91' lang='lat' dir='ltr'><strong>non</strong></span> <span class='ocrx_word' id='word_1_222' title='bbox 230 1921 428 1964; x_wconf 82' lang='lat' dir='ltr'><strong>declarata,</strong></span> <span class='ocrx_word' id='word_1_223' title='bbox 453 1933 564 1966; x_wconf 85' lang='lat' dir='ltr'><strong>quum</strong></span> <span class='ocrx_word' id='word_1_224' title='bbox 586 1923 643 1957; x_wconf 88' lang='lat' dir='ltr'><strong>vel</strong></span> <span class='ocrx_word' id='word_1_225' title='bbox 666 1921 762 1957; x_wconf 83' lang='lat' dir='ltr'><strong>aiens</strong></span> <span class='ocrx_word' id='word_1_226' title='bbox 784 1921 841 1964; x_wconf 80' lang='lat' dir='ltr'><strong>sit,</strong></span> <span class='ocrx_word' id='word_1_227' title='bbox 866 1923 923 1956; x_wconf 85' lang='lat' dir='ltr'><strong>vel</strong></span> <span class='ocrx_word' id='word_1_228' title='bbox 945 1935 1100 1968; x_wconf 75' lang='lat' dir='ltr'><strong>negans,</strong></span> <span class='ocrx_word' id='word_1_229' title='bbox 1133 1929 1172 1959; x_wconf 82' lang='lat' dir='ltr'><strong>ut</strong></span> <span class='ocrx_word' id='word_1_230' title='bbox 1194 1924 1369 1969; x_wconf 81' lang='lat' dir='ltr'><strong>particula</strong></span> <span class='ocrx_word' id='word_1_231' title='bbox 1392 1929 1455 1963; x_wconf 84' lang='lat' dir='ltr'><strong>aut</strong></span> 
     </span>
     <span class='ocr_line' id='line_1_25' title="bbox 57 1983 1455 2030; baseline 0.002 -10"><span class='ocrx_word' id='word_1_232' title='bbox 57 1995 102 2020; x_wconf 80' lang='lat' dir='ltr'><strong>cx</strong></span> <span class='ocrx_word' id='word_1_233' title='bbox 124 1994 237 2028; x_wconf 81' lang='lat' dir='ltr'><strong>aequo</strong></span> <span class='ocrx_word' id='word_1_234' title='bbox 262 1983 361 2028; x_wconf 83' lang='lat' dir='ltr'><strong>ponit</strong></span> <span class='ocrx_word' id='word_1_235' title='bbox 382 1987 572 2028; x_wconf 85' lang='lat' dir='ltr'><strong>utrumque</strong></span> <span class='ocrx_word' id='word_1_236' title='bbox 595 1983 830 2026; x_wconf 87' lang='lat' dir='ltr'><strong>enunciatum,</strong></span> <span class='ocrx_word' id='word_1_237' title='bbox 851 1986 914 2018; x_wconf 85' lang='lat' dir='ltr'><strong>aut</strong></span> <span class='ocrx_word' id='word_1_238' title='bbox 932 1984 1063 2019; x_wconf 76' lang='lat' dir='ltr'><strong>finibus</strong></span> <span class='ocrx_word' id='word_1_239' title='bbox 1078 1985 1337 2030; x_wconf 80' lang='lat' dir='ltr'><strong>angustioribus</strong></span> <span class='ocrx_word' id='word_1_240' title='bbox 1354 1999 1455 2023; x_wconf 82' lang='lat' dir='ltr'><strong>coer-</strong></span> 
     </span>
     <span class='ocr_line' id='line_1_26' title="bbox 57 2045 1454 2091; baseline 0.001 -10"><span class='ocrx_word' id='word_1_241' title='bbox 57 2049 114 2081; x_wconf 76' lang='lat' dir='ltr'><strong>oet</strong></span> <span class='ocrx_word' id='word_1_242' title='bbox 135 2045 343 2091; x_wconf 80' lang='lat' dir='ltr'><strong>primariam</strong></span> <span class='ocrx_word' id='word_1_243' title='bbox 365 2045 594 2088; x_wconf 82' lang='lat' dir='ltr'><strong>sententiam,</strong></span> <span class='ocrx_word' id='word_1_244' title='bbox 627 2056 741 2090; x_wconf 86' lang='lat' dir='ltr'><strong>neque</strong></span> <span class='ocrx_word' id='word_1_245' title='bbox 770 2055 939 2091; x_wconf 86' lang='lat' dir='ltr'><strong>magnam</strong></span> <span class='ocrx_word' id='word_1_246' title='bbox 970 2045 1004 2080; x_wconf 84' lang='lat' dir='ltr'><strong>ei</strong></span> <span class='ocrx_word' id='word_1_247' title='bbox 1030 2046 1104 2081; x_wconf 84' lang='lat' dir='ltr'><strong>vim</strong></span> <span class='ocrx_word' id='word_1_248' title='bbox 1131 2046 1353 2082; x_wconf 74' lang='lat' dir='ltr'><strong>tribuendam</strong></span> <span class='ocrx_word' id='word_1_249' title='bbox 1377 2059 1454 2084; x_wconf 73' lang='lat' dir='ltr'><strong>ease</strong></span> 
     </span>
     <span class='ocr_line' id='line_1_27' title="bbox 55 2107 1453 2152; baseline 0 -9"><span class='ocrx_word' id='word_1_250' title='bbox 55 2107 217 2144; x_wconf 71' lang='lat' dir='ltr'><strong>ostendit.</strong></span> <span class='ocrx_word' id='word_1_251' title='bbox 262 2107 368 2142; x_wconf 81' lang='lat' dir='ltr'><strong>Prior</strong></span> <span class='ocrx_word' id='word_1_252' title='bbox 389 2107 482 2142; x_wconf 88' lang='lat' dir='ltr'><strong>ratio</strong></span> <span class='ocrx_word' id='word_1_253' title='bbox 504 2107 568 2142; x_wconf 85' lang='lat' dir='ltr'><strong>ubi</strong></span> <span class='ocrx_word' id='word_1_254' title='bbox 591 2107 706 2150; x_wconf 81' lang='lat' dir='ltr'><strong>valet,</strong></span> <span class='ocrx_word' id='word_1_255' title='bbox 730 2111 770 2141; x_wconf 73' lang='lat' dir='ltr'><strong>ut</strong></span> <span class='ocrx_word' id='word_1_256' title='bbox 792 2107 994 2152; x_wconf 84' lang='lat' dir='ltr'><strong>germanico</strong></span> <span class='ocrx_word' id='word_1_257' title='bbox 1017 2110 1069 2142; x_wconf 83' lang='lat' dir='ltr'><strong>est</strong></span> <span class='ocrx_word' id='word_1_258' title='bbox 1092 2107 1167 2151; x_wconf 75' lang='lat' dir='ltr'><strong>uls,</strong></span> <span class='ocrx_word' id='word_1_259' title='bbox 1200 2107 1375 2152; x_wconf 81' lang='lat' dir='ltr'><strong>posterior</strong></span> <span class='ocrx_word' id='word_1_260' title='bbox 1402 2109 1453 2144; x_wconf 82' lang='lat' dir='ltr'><strong>si-</strong></span> 
     </span>
     <span class='ocr_line' id='line_1_28' title="bbox 54 2167 1453 2215; baseline 0.002 -12"><span class='ocrx_word' id='word_1_261' title='bbox 54 2169 249 2215; x_wconf 81' lang='lat' dir='ltr'><strong>gnificatur</strong></span> <span class='ocrx_word' id='word_1_262' title='bbox 269 2167 443 2213; x_wconf 72' lang='lat' dir='ltr'><strong>particula</strong></span> <span class='ocrx_word' id='word_1_263' title='bbox 458 2170 536 2212; x_wconf 74' lang='lat' dir='ltr'><strong>fiir,</strong></span> <span class='ocrx_word' id='word_1_264' title='bbox 560 2179 664 2213; x_wconf 87' lang='lat' dir='ltr'><strong>quem</strong></span> <span class='ocrx_word' id='word_1_265' title='bbox 683 2178 787 2202; x_wconf 85' lang='lat' dir='ltr'><strong>usum</strong></span> <span class='ocrx_word' id='word_1_266' title='bbox 808 2168 952 2202; x_wconf 82' lang='lat' dir='ltr'><strong>uberius</strong></span> <span class='ocrx_word' id='word_1_267' title='bbox 975 2167 1232 2203; x_wconf 77' lang='lat' dir='ltr'><strong>illustravimus</strong></span> <span class='ocrx_word' id='word_1_268' title='bbox 1253 2167 1290 2202; x_wconf 89' lang='lat' dir='ltr'><strong>in</strong></span> <span class='ocrx_word' id='word_1_269' title='bbox 1307 2169 1453 2206; x_wconf 69' lang='lat' dir='ltr'><strong>Diurnin</strong></span> 
     </span>
     <span class='ocr_line' id='line_1_29' title="bbox 55 2227 1452 2275; baseline 0.001 -10"><span class='ocrx_word' id='word_1_270' title='bbox 55 2230 183 2266; x_wconf 69' lang='lat' dir='ltr'><strong>achon.</strong></span> <span class='ocrx_word' id='word_1_271' title='bbox 212 2240 245 2265; x_wconf 86' lang='lat' dir='ltr'><strong>a.</strong></span> <span class='ocrx_word' id='word_1_272' title='bbox 276 2228 383 2264; x_wconf 81' lang='lat'><strong>1830.</strong></span> <span class='ocrx_word' id='word_1_273' title='bbox 414 2228 508 2264; x_wconf 86' lang='lat' dir='ltr'><strong>Sect.</strong></span> <span class='ocrx_word' id='word_1_274' title='bbox 539 2230 584 2264; x_wconf 89' lang='lat'><strong>11.</strong></span> <span class='ocrx_word' id='word_1_275' title='bbox 616 2229 661 2266; x_wconf 90' lang='lat' dir='ltr'><strong>N.</strong></span> <span class='ocrx_word' id='word_1_276' title='bbox 694 2229 776 2264; x_wconf 80' lang='lat'><strong>112.</strong></span> <span class='ocrx_word' id='word_1_277' title='bbox 806 2241 843 2274; x_wconf 91' lang='grc' dir='ltr'><strong><em>Ρ.</em></strong></span> <span class='ocrx_word' id='word_1_278' title='bbox 874 2227 944 2264; x_wconf 84' lang='grc'><strong>905</strong></span> <span class='ocrx_word' id='word_1_279' title='bbox 974 2240 1026 2273; x_wconf 78' lang='lat' dir='ltr'><strong>sq.</strong></span> <span class='ocrx_word' id='word_1_280' title='bbox 1072 2228 1200 2264; x_wconf 84' lang='lat' dir='ltr'><strong>Nostro</strong></span> <span class='ocrx_word' id='word_1_281' title='bbox 1230 2228 1344 2275; x_wconf 83' lang='lat' dir='ltr'><strong>igitur</strong></span> <span class='ocrx_word' id='word_1_282' title='bbox 1371 2231 1452 2267; x_wconf 80' lang='lat' dir='ltr'><strong>loeo</strong></span> 
     </span>
     <span class='ocr_line' id='line_1_30' title="bbox 55 2289 1452 2337; baseline 0.001 -11"><span class='ocrx_word' id='word_1_283' title='bbox 55 2291 147 2326; x_wconf 81' lang='lat' dir='ltr'><strong>haec</strong></span> <span class='ocrx_word' id='word_1_284' title='bbox 169 2290 340 2337; x_wconf 84' lang='lat' dir='ltr'><strong>cogitatio</strong></span> <span class='ocrx_word' id='word_1_285' title='bbox 361 2289 500 2325; x_wconf 78' lang='lat' dir='ltr'><strong>subest:</strong></span> <span class='ocrx_word' id='word_1_286' title='bbox 524 2290 614 2326; x_wconf 82' lang='lat' dir='ltr'><strong>alias</strong></span> <span class='ocrx_word' id='word_1_287' title='bbox 637 2291 731 2326; x_wconf 86' lang='lat' dir='ltr'><strong>enim</strong></span> <span class='ocrx_word' id='word_1_288' title='bbox 755 2295 829 2326; x_wconf 89' lang='lat' dir='ltr'><strong>tam</strong></span> <span class='ocrx_word' id='word_1_289' title='bbox 852 2290 1051 2336; x_wconf 83' lang='lat' dir='ltr'><strong>periculosa</strong></span> <span class='ocrx_word' id='word_1_290' title='bbox 1074 2302 1131 2325; x_wconf 80' lang='lat' dir='ltr'><strong>res</strong></span> <span class='ocrx_word' id='word_1_291' title='bbox 1149 2302 1218 2325; x_wconf 80' lang='lat' dir='ltr'><strong>non</strong></span> <span class='ocrx_word' id='word_1_292' title='bbox 1236 2291 1349 2335; x_wconf 74' lang='lat' dir='ltr'><strong>focile</strong></span> <span class='ocrx_word' id='word_1_293' title='bbox 1367 2303 1452 2337; x_wconf 78' lang='lat' dir='ltr'><strong>pro·</strong></span> 
     </span>
     <span class='ocr_line' id='line_1_31' title="bbox 56 2350 1452 2399; baseline 0 -11"><span class='ocrx_word' id='word_1_294' title='bbox 56 2353 150 2390; x_wconf 72' lang='lat' dir='ltr'><strong>bold</strong></span> <span class='ocrx_word' id='word_1_295' title='bbox 170 2353 322 2398; x_wconf 52' lang='lat' dir='ltr'><strong>fuissem</strong></span> <span class='ocrx_word' id='word_1_296' title='bbox 353 2351 556 2397; x_wconf 84' lang='lat' dir='ltr'><strong>germanice</strong></span> <span class='ocrx_word' id='word_1_297' title='bbox 588 2357 708 2387; x_wconf 86' lang='lat' dir='ltr'><strong>autem</strong></span> <span class='ocrx_word' id='word_1_298' title='bbox 739 2353 792 2388; x_wconf 84' lang='lat' dir='ltr'><strong>sic</strong></span> <span class='ocrx_word' id='word_1_299' title='bbox 816 2365 854 2388; x_wconf 89' lang='lat' dir='ltr'><strong>se</strong></span> <span class='ocrx_word' id='word_1_300' title='bbox 876 2350 985 2386; x_wconf 87' lang='lat' dir='ltr'><strong>habet</strong></span> <span class='ocrx_word' id='word_1_301' title='bbox 1009 2351 1198 2387; x_wconf 80' lang='lat' dir='ltr'><strong>sententia:</strong></span> <span class='ocrx_word' id='word_1_302' title='bbox 1223 2352 1296 2387; x_wconf 80' lang='lat' dir='ltr'><strong>dies</strong></span> <span class='ocrx_word' id='word_1_303' title='bbox 1318 2354 1452 2399; x_wconf 80' lang='lat' dir='ltr'><strong>warde,</strong></span> 
     </span>
     <span class='ocr_line' id='line_1_32' title="bbox 51 2413 1450 2460; baseline 0 -10"><span class='ocrx_word' id='word_1_304' title='bbox 51 2417 132 2460; x_wconf 75' lang='lat' dir='ltr'><strong>fiir</strong></span> <span class='ocrx_word' id='word_1_305' title='bbox 165 2415 223 2450; x_wconf 73' lang='lat' dir='ltr'><strong>die</strong></span> <span class='ocrx_word' id='word_1_306' title='bbox 256 2414 547 2460; x_wconf 68' lang='lat' dir='ltr'><strong>gegenwa‘rtz&#39;ge,</strong></span> <span class='ocrx_word' id='word_1_307' title='bbox 582 2414 837 2458; x_wconf 81' lang='lat' dir='ltr'><strong>verzweifelte,</strong></span> <span class='ocrx_word' id='word_1_308' title='bbox 878 2413 983 2458; x_wconf 82' lang='lat' dir='ltr'><strong>Lage</strong></span> <span class='ocrx_word' id='word_1_309' title='bbox 1023 2413 1243 2448; x_wconf 84' lang='lat' dir='ltr'><strong>annehmbar</strong></span> <span class='ocrx_word' id='word_1_310' title='bbox 1274 2414 1450 2450; x_wconf 73' lang='lat' dir='ltr'><strong>befunden</strong></span> 
     </span>
     <span class='ocr_line' id='line_1_33' title="bbox 56 2473 1449 2522; baseline 0.002 -13"><span class='ocrx_word' id='word_1_311' title='bbox 56 2475 164 2522; x_wconf 83' lang='lat' dir='ltr'><strong>(deun</strong></span> <span class='ocrx_word' id='word_1_312' title='bbox 186 2486 231 2510; x_wconf 83' lang='lat' dir='ltr'><strong>an</strong></span> <span class='ocrx_word' id='word_1_313' title='bbox 257 2475 328 2510; x_wconf 89' lang='lat' dir='ltr'><strong>und</strong></span> <span class='ocrx_word' id='word_1_314' title='bbox 350 2475 410 2509; x_wconf 75' lang='lat' dir='ltr'><strong>fiir</strong></span> <span class='ocrx_word' id='word_1_315' title='bbox 434 2475 511 2509; x_wconf 78' lang='lat' dir='ltr'><strong>sich</strong></span> <span class='ocrx_word' id='word_1_316' title='bbox 533 2486 610 2509; x_wconf 86' lang='lat' dir='ltr'><strong>war</strong></span> <span class='ocrx_word' id='word_1_317' title='bbox 633 2486 670 2510; x_wconf 78' lang='lat' dir='ltr'><strong>es</strong></span> <span class='ocrx_word' id='word_1_318' title='bbox 696 2475 791 2510; x_wconf 75' lang='lat' dir='ltr'><strong>nicht</strong></span> <span class='ocrx_word' id='word_1_319' title='bbox 820 2487 865 2509; x_wconf 76' lang='lat' dir='ltr'><strong>zu</strong></span> <span class='ocrx_word' id='word_1_320' title='bbox 889 2474 1071 2521; x_wconf 81' lang='lat' dir='ltr'><strong>billigen).</strong></span> <span class='ocrx_word' id='word_1_321' title='bbox 1118 2473 1287 2509; x_wconf 73' lang='lat' dir='ltr'><strong>Eiusdem</strong></span> <span class='ocrx_word' id='word_1_322' title='bbox 1309 2475 1449 2522; x_wconf 73' lang='lat' dir='ltr'><strong>generi·</strong></span> 
     </span>
     <span class='ocr_line' id='line_1_34' title="bbox 55 2534 1448 2583; baseline 0.001 -13"><span class='ocrx_word' id='word_1_323' title='bbox 55 2536 228 2580; x_wconf 80' lang='lat' dir='ltr'><strong>exempla,</strong></span> <span class='ocrx_word' id='word_1_324' title='bbox 249 2536 286 2570; x_wconf 90' lang='lat' dir='ltr'><strong>in</strong></span> <span class='ocrx_word' id='word_1_325' title='bbox 310 2536 437 2580; x_wconf 73' lang='lat' dir='ltr'><strong>quihus</strong></span> <span class='ocrx_word' id='word_1_326' title='bbox 461 2540 500 2571; x_wconf 81' lang='lat' dir='ltr'><strong>nt</strong></span> <span class='ocrx_word' id='word_1_327' title='bbox 522 2536 755 2583; x_wconf 83' lang='lat' dir='ltr'><strong>restringendi</strong></span> <span class='ocrx_word' id='word_1_328' title='bbox 778 2539 984 2580; x_wconf 83' lang='lat' dir='ltr'><strong>potestatem</strong></span> <span class='ocrx_word' id='word_1_329' title='bbox 1008 2546 1050 2569; x_wconf 87' lang='lat' dir='ltr'><strong>ex</strong></span> <span class='ocrx_word' id='word_1_330' title='bbox 1076 2534 1242 2579; x_wconf 76' lang='lat' dir='ltr'><strong>negativa</strong></span> <span class='ocrx_word' id='word_1_331' title='bbox 1265 2536 1448 2581; x_wconf 76' lang='lat' dir='ltr'><strong>sententia,</strong></span> 
     </span>
     <span class='ocr_line' id='line_1_35' title="bbox 0 2595 1446 2641; baseline 0.001 -11"><span class='ocrx_word' id='word_1_332' title='bbox 0 2618 1 2627; x_wconf 32' lang='grc' dir='ltr'>η</span> <span class='ocrx_word' id='word_1_333' title='bbox 54 2607 147 2641; x_wconf 83' lang='lat' dir='ltr'><strong>quae</strong></span> <span class='ocrx_word' id='word_1_334' title='bbox 168 2597 322 2641; x_wconf 79' lang='lat' dir='ltr'><strong>suppleri</strong></span> <span class='ocrx_word' id='word_1_335' title='bbox 346 2598 467 2640; x_wconf 83' lang='lat' dir='ltr'><strong>debet,</strong></span> <span class='ocrx_word' id='word_1_336' title='bbox 499 2597 646 2641; x_wconf 85' lang='lat' dir='ltr'><strong>accipit,</strong></span> <span class='ocrx_word' id='word_1_337' title='bbox 677 2598 768 2631; x_wconf 90' lang='lat' dir='ltr'><strong>haec</strong></span> <span class='ocrx_word' id='word_1_338' title='bbox 793 2601 888 2632; x_wconf 80' lang='lat' dir='ltr'><strong>sunt:</strong></span> <span class='ocrx_word' id='word_1_339' title='bbox 921 2596 995 2629; x_wconf 87' lang='lat' dir='ltr'><strong>Cic.</strong></span> <span class='ocrx_word' id='word_1_340' title='bbox 1020 2595 1108 2639; x_wconf 84' lang='grc' dir='ltr'><strong><em>ΕΡΡ.</em></strong></span> <span class='ocrx_word' id='word_1_341' title='bbox 1134 2596 1181 2630; x_wconf 84' lang='lat' dir='ltr'><strong>ad</strong></span> <span class='ocrx_word' id='word_1_342' title='bbox 1202 2597 1341 2632; x_wconf 79' lang='lat' dir='ltr'><strong>Famm.</strong></span> <span class='ocrx_word' id='word_1_343' title='bbox 1366 2597 1446 2640; x_wconf 85' lang='lat' dir='ltr'>XII,</span> 
     </span>
     <span class='ocr_line' id='line_1_36' title="bbox 53 2658 1450 2704; baseline 0.001 -12"><span class='ocrx_word' id='word_1_344' title='bbox 53 2658 91 2693; x_wconf 83' lang='lat'><strong>2.</strong></span> <span class='ocrx_word' id='word_1_345' title='bbox 130 2658 321 2700; x_wconf 77' lang='lat' dir='ltr'><strong>Nonnihil,</strong></span> <span class='ocrx_word' id='word_1_346' title='bbox 351 2663 399 2693; x_wconf 87' lang='lat' dir='ltr'><strong>ut</strong></span> <span class='ocrx_word' id='word_1_347' title='bbox 422 2659 466 2692; x_wconf 81' lang='lat' dir='ltr'><strong>in</strong></span> <span class='ocrx_word' id='word_1_348' title='bbox 489 2659 638 2693; x_wconf 71' lang='lat' dir='ltr'><strong>tantis</strong></span> <span class='ocrx_word' id='word_1_349' title='bbox 661 2659 821 2701; x_wconf 77' lang='lat' dir='ltr'><strong>malis,</strong></span> <span class='ocrx_word' id='word_1_350' title='bbox 855 2663 906 2693; x_wconf 82' lang='lat' dir='ltr'><strong>est</strong></span> <span class='ocrx_word' id='word_1_351' title='bbox 926 2659 1143 2704; x_wconf 80' lang='lat' dir='ltr'><strong>profectum,</strong></span> <span class='ocrx_word' id='word_1_352' title='bbox 1168 2658 1230 2692; x_wconf 88' lang='lat' dir='ltr'><strong>ubi</strong></span> <span class='ocrx_word' id='word_1_353' title='bbox 1251 2659 1340 2692; x_wconf 82' lang='lat' dir='ltr'><strong>haec</strong></span> <span class='ocrx_word' id='word_1_354' title='bbox 1367 2659 1450 2693; x_wconf 84' lang='lat' dir='ltr'><strong>sub·-</strong></span> 
     </span>
     <span class='ocr_line' id='line_1_37' title="bbox 53 2718 1448 2764; baseline 0.001 -10"><span class='ocrx_word' id='word_1_355' title='bbox 53 2722 109 2754; x_wconf 60' lang='grc' dir='ltr'><strong>αἰ</strong></span> <span class='ocrx_word' id='word_1_356' title='bbox 129 2719 320 2754; x_wconf 64' lang='lat' dir='ltr'><strong>sententias</strong></span> <span class='ocrx_word' id='word_1_357' title='bbox 345 2721 498 2755; x_wconf 85' lang='lat' dir='ltr'><strong>multum</strong></span> <span class='ocrx_word' id='word_1_358' title='bbox 521 2719 615 2754; x_wconf 88' lang='lat' dir='ltr'><strong>enim</strong></span> <span class='ocrx_word' id='word_1_359' title='bbox 643 2718 681 2753; x_wconf 90' lang='lat' dir='ltr'><strong>in</strong></span> <span class='ocrx_word' id='word_1_360' title='bbox 703 2719 805 2753; x_wconf 82' lang='lat' dir='ltr'><strong>malis</strong></span> <span class='ocrx_word' id='word_1_361' title='bbox 830 2719 971 2755; x_wconf 88' lang='lat' dir='ltr'><strong>omnino</strong></span> <span class='ocrx_word' id='word_1_362' title='bbox 994 2729 1063 2752; x_wconf 78' lang='lat' dir='ltr'><strong>non</strong></span> <span class='ocrx_word' id='word_1_363' title='bbox 1082 2722 1198 2764; x_wconf 83' lang='lat' dir='ltr'><strong>potest</strong></span> <span class='ocrx_word' id='word_1_364' title='bbox 1218 2719 1350 2762; x_wconf 83' lang='lat' dir='ltr'><strong>profici.</strong></span> <span class='ocrx_word' id='word_1_365' title='bbox 1395 2719 1448 2755; x_wconf 81' lang='lat' dir='ltr'><strong>ld.</strong></span> 
     </span>
     <span class='ocr_line' id='line_1_38' title="bbox 54 2779 1448 2826; baseline 0.002 -11"><span class='ocrx_word' id='word_1_366' title='bbox 54 2779 100 2816; x_wconf 71' lang='lat' dir='ltr'><strong>de</strong></span> <span class='ocrx_word' id='word_1_367' title='bbox 119 2780 261 2818; x_wconf 79' lang='lat' dir='ltr'><strong>Senect.</strong></span> <span class='ocrx_word' id='word_1_368' title='bbox 282 2792 312 2815; x_wconf 89' lang='lat' dir='ltr'><strong>c.</strong></span> <span class='ocrx_word' id='word_1_369' title='bbox 334 2780 380 2826; x_wconf 67' lang='lat'><strong>4,</strong></span> <span class='ocrx_word' id='word_1_370' title='bbox 401 2779 460 2817; x_wconf 80' lang='lat'><strong>12.</strong></span> <span class='ocrx_word' id='word_1_371' title='bbox 521 2781 660 2818; x_wconf 84' lang='lat' dir='ltr'><strong>Multae</strong></span> <span class='ocrx_word' id='word_1_372' title='bbox 683 2785 787 2817; x_wconf 75' lang='lat' dir='ltr'><strong>eram</strong></span> <span class='ocrx_word' id='word_1_373' title='bbox 810 2781 848 2817; x_wconf 82' lang='lat' dir='ltr'><strong>in</strong></span> <span class='ocrx_word' id='word_1_374' title='bbox 877 2781 919 2826; x_wconf 75' lang='lat' dir='ltr'><strong>Q.</strong></span> <span class='ocrx_word' id='word_1_375' title='bbox 942 2780 1071 2824; x_wconf 76' lang='lat' dir='ltr'><strong>Fabio,</strong></span> <span class='ocrx_word' id='word_1_376' title='bbox 1106 2783 1154 2815; x_wconf 80' lang='lat' dir='ltr'><strong>ut</strong></span> <span class='ocrx_word' id='word_1_377' title='bbox 1185 2779 1233 2814; x_wconf 76' lang='lat' dir='ltr'><strong>in</strong></span> <span class='ocrx_word' id='word_1_378' title='bbox 1263 2779 1448 2818; x_wconf 73' lang='lat' dir='ltr'><strong>homino</strong></span> 
     </span>
    </p>
   </div>
   <div class='ocr_carea' id='block_1_5' title="bbox 1053 2851 1166 2899">
    <p class='ocr_par' dir='ltr' id='par_1_6' title="bbox 1053 2851 1166 2899">
     <span class='ocr_line' id='line_1_39' title="bbox 1053 2851 1166 2899; baseline 0.009 0"><span class='ocrx_word' id='word_1_379' title='bbox 1053 2851 1166 2899; x_wconf 70' lang='lat'><strong>37*</strong></span> 
     </span>
    </p>
   </div>
  </div>
 </body>
</html>
