1826 3276
381 195 438 234 16
749 189 794 232 G.
823 189 1134 232 SALLUSTI
1163 189 1380 234 CRISPI

382 305 424 349 vi
459 305 637 362 quidem
669 319 828 363 regere
857 304 1044 362 patriam
1070 308 1146 347 aut
1173 310 1379 363 parentes
1405 320 1675 363 quamquam
1703 314 1747 352 et

381 401 544 459 possis,
598 405 643 442 et
684 398 844 441 delicta
889 398 1109 457 corrigas,
1151 403 1301 443 tamen
1333 401 1634 460 importunum
1667 408 1747 458 est,

380 517 524 562 gravius
550 518 601 549 est
627 516 695 550 tuti
722 526 789 550 non
814 514 905 550 nude
931 527 1006 550 esse
1030 515 1182 559 dictum,
1215 516 1275 551 sed
1293 519 1410 563 utique
1429 519 1597 563 particula
1613 521 1750 566 augeri,

380 577 423 609 de
438 576 533 608 cuius
552 575 775 609 confirmandi
793 579 956 620 potestate
973 587 1008 610 v·
1027 576 1274 611 Frotscherum
1300 579 1345 612 ad
1364 576 1528 622 Quinctil.
1548 578 1602 622 X,
1625 578 1668 621 2,
1691 579 1749 613 1⁰.
1815 608 1823 615 x

383 637 491 669 Tutus
517 634 598 677 quid
615 634 784 679 significet
811 635 1058 678 explicavimus
1082 636 1175 670 infra
1193 637 1237 671 ad
1263 649 1293 671 c.
1314 638 1539 682 LXXXVIII,
1562 638 1598 675 2.
1641 639 1750 673 Ptae-

379 700 474 730 terea
493 695 565 728 iam
581 697 674 738 patet
689 705 731 727 ex
747 693 1025 737 interpretatione
1042 700 1172 738 nostra,
1194 698 1302 731 verba
1322 703 1384 732 aut
1399 709 1438 732 eo
1454 697 1505 732 ita
1519 710 1594 733 esse
1611 698 1749 743 capien-

379 757 435 800 da,
460 760 500 790 ut
517 761 579 789 aut
595 757 722 798 spectet
738 754 783 787 ad
800 755 1023 797 supplendam
1041 755 1256 798 sententiam,
1280 768 1350 800 qua
1367 759 1571 793 concedatur
1587 758 1635 802 id,
1657 759 1750 803 quod

379 820 481 851 antea
501 818 575 848 erat
589 817 771 858 negatum,
808 824 846 846 eo
867 817 981 846 autem
1001 814 1083 856 quid
1101 814 1180 847 inde
1198 817 1450 852 consectarium
1468 817 1514 852 sit
1530 817 1677 859 indicet;
1713 829 1750 853 V.

381 876 426 911 ad
443 887 472 909 c.
487 875 567 916 XX,
589 873 624 908 6.
670 872 735 905 Vix
755 875 806 906 est
823 876 940 906 autem
963 874 1054 916 quod
1075 885 1246 917 moneam,
1270 888 1333 920 que
1354 878 1528 921 particula
1545 888 1627 912 casu
1643 878 1748 912 omis-

378 938 436 980 sa,
472 946 576 979 quam
595 933 748 977 proclive
774 931 900 973 fuerit,
933 935 971 965 ut
987 943 1029 966 ex
1047 933 1191 968 vocibus
1207 936 1403 979 suitutituti
1423 938 1569 981 vulgata
1583 938 1747 981 prodiret.

378 995 490 1038 Nimis
512 994 621 1039 igitur
643 1003 665 1026 a
686 1003 770 1026 vero
797 991 972 1026 aberravit
1000 992 1208 1038 Sellingius,
1241 994 1277 1028 in
1298 996 1410 1030 Lectt.
1434 996 1519 1030 Sall.
1542 1008 1574 1040 p.
1591 996 1649 1031 19.
1672 997 1749 1032 Sal-
1810 988 1813 992 ,

377 1056 519 1091 lustium
536 1053 712 1097 scripsisse
743 1052 944 1086 coniiciens:
980 1052 1104 1095 quibus
1124 1065 1186 1096 per
1204 1054 1362 1089 fraudem
1378 1056 1431 1089 ius
1450 1056 1588 1090 virtutis
1605 1062 1673 1098 est,
1706 1067 1748 1091 eo

377 1117 491 1159 magis
513 1113 647 1148 honesti
668 1115 758 1147 sunt.
790 1131 835 1136 —
866 1112 1011 1144 Honesti
1029 1111 1053 1144 i.
1075 1123 1104 1146 e.
1123 1113 1282 1148 honorati
1289 1126 1302 1154 ,-
1324 1126 1356 1151 v.
1377 1115 1421 1148 ad
1436 1115 1539 1149 Catil.
1558 1127 1589 1150 c.
1609 1117 1688 1159 XX,
1711 1117 1748 1151 9.

376 1188 413 1220 p¹
431 1174 510 1208 102.
556 1174 602 1209 ct.
629 1172 702 1205 Cic.
730 1173 829 1205 Brut.
857 1182 887 1205 c.
915 1172 1080 1214 LXXXI,
1103 1172 1184 1206 281.
1223 1175 1334 1216 Quum
1359 1175 1463 1209 honos
1490 1175 1537 1210 sit
1556 1177 1749 1220 praemium

376 1235 536 1275 virtutis,
571 1232 696 1266 iudicio
716 1232 894 1276 studioque
914 1232 1038 1265 civium
1057 1233 1209 1267 delatum
1231 1235 1278 1267 ad
1298 1235 1464 1279 aliquem,
1499 1236 1558 1280 qui
1573 1247 1649 1271 eum
1669 1248 1748 1271 aen-

377 1295 503 1337 tentiis,
529 1294 586 1338 qui
603 1292 783 1336 suffragiis
802 1292 946 1336 adeptus
968 1297 1033 1335 est,
1067 1293 1098 1326 is
1116 1293 1201 1327 mihi
1218 1298 1252 1328 et
1274 1294 1489 1330 honestus
1511 1300 1546 1331 et
1567 1296 1746 1332 honora-

377 1359 451 1390 tus
475 1354 622 1387 videtur.

469 1416 501 1456 ς.
523 1413 556 1448 2.
600 1412 752 1456 patriam
775 1416 838 1446 aut
858 1413 1040 1457 parentes]
1082 1413 1247 1447 Parentes
1269 1414 1389 1458 quales
1416 1414 1454 1450 h.
1480 1415 1504 1449 l.
1531 1415 1747 1461 intelligendi

376 1473 444 1509 sint
459 1473 606 1506 diximus
621 1473 662 1508 ad
684 1472 783 1506 Catil.
802 1473 860 1512 vl,
877 1471 910 1505 5.
936 1485 970 1516 p.
991 1472 1047 1506 34.
1069 1476 1102 1507 et
1119 1474 1164 1507 ad
1183 1474 1258 1518 Ing.
1281 1474 1482 1516 LXXXVII,
1504 1474 1539 1509 2.
1572 1476 1748 1519 Quoniam

313 1565 318 1572 ,
377 1533 470 1567 enim
493 1533 535 1565 de
558 1532 698 1575 imperio
730 1532 854 1566 iniuste
877 1533 1064 1566 exercendo
1097 1533 1233 1577 agitur,
1271 1533 1308 1567 in
1335 1538 1497 1579 promptu
1519 1538 1570 1569 est
1586 1542 1748 1579 parentes

377 1605 450 1627 esse
473 1592 533 1636 qui
554 1595 695 1635 pareant
726 1593 783 1626 vel
807 1592 986 1633 obediant3
1033 1592 1091 1636 qui
1114 1605 1220 1636 quum
1240 1595 1380 1637 patriae
1401 1598 1633 1637 opponantur,
1663 1595 1689 1630 i.
1713 1606 1746 1631 e.

331 1640 335 1643 ι
375 1653 580 1696 reipublicae
604 1653 689 1692 sedi,
719 1651 871 1685 relicuae
892 1656 1011 1696 gentes
1032 1653 1200 1686 Romanis
1223 1652 1398 1687 subiectae
1419 1653 1487 1688 ista
1509 1665 1595 1688 voce
1615 1654 1746 1699 signifi-

374 1716 507 1748 cantur.
554 1712 623 1745 Pro
647 1717 708 1745 aut
732 1711 868 1745 Curtius
891 1722 927 1744 se
952 1711 1130 1753 profitetur
1153 1712 1258 1745 malle
1281 1717 1401 1756 atque,
1428 1713 1520 1756 quod
1543 1712 1747 1749 Gerlachius

374 1783 442 1806 non
475 1771 558 1805 satis
586 1774 679 1804 recte
700 1770 836 1804 videtur
867 1770 1053 1812 refellisse,
1088 1781 1231 1804 monens
1255 1776 1317 1805 aut
1341 1772 1514 1815 particula
1535 1772 1667 1815 caveri,
1702 1785 1746 1807 ne

375 1831 451 1875 quis
466 1834 598 1874 patrem
618 1831 675 1863 vel
693 1834 839 1863 matrem
862 1829 1048 1874 intelligat.
1094 1831 1162 1864 Sed
1184 1830 1413 1875 coniungendi
1434 1830 1547 1874 potius
1566 1842 1670 1874 quam
1689 1844 1744 1867 ex-

375 1890 534 1924 cludendi
558 1889 630 1923 vim
652 1890 784 1922 habere
811 1890 973 1922 voculam
998 1889 1131 1932 patebit
1154 1900 1196 1922 ex
1218 1889 1345 1922 notatis
1367 1889 1411 1922 ad
1436 1890 1537 1925 Catil.
1563 1902 1594 1925 c.
1617 1892 1743 1937 XXVI,

374 1951 408 1984 2.
433 1962 470 1993 p.
487 1949 566 1983 121.
615 1949 659 1981 cl'.
683 1948 767 1981 ibid.
790 1949 868 1990 Lu,
892 1948 949 1981 33.
983 1949 1058 1992 lug.
1082 1949 1217 1989 XXXI,
1240 1948 1297 1984 23.
1331 1949 1427 1990 XLI,
1451 1949 1484 1984 8.
1515 1950 1612 1986 Caes.
1636 1951 1679 1986 B.
1701 1952 1743 1986 C.

373 2010 419 2054 11,
443 2009 501 2052 32,
527 2009 583 2042 11.
605 2008 722 2041 Hand.
745 2008 787 2040 de
809 2007 955 2040 Particc.
980 2008 1057 2041 Lat.
1079 2007 1124 2040 T.
1148 2009 1176 2042 Ι.
1200 2019 1236 2051 p.
1260 2007 1340 2042 535.
1363 2009 1406 2051 11,
1432 2009 1466 2044 1.
1488 2021 1563 2054 sqq.

465 2079 672 2112 quamquam
696 2072 730 2100 et
748 2068 880 2111 possis]
913 2067 1127 2111 Quamquam
1149 2066 1185 2101 in
1208 2068 1362 2102 oratione
1382 2073 1478 2103 recta
1501 2081 1531 2103 c.
1549 2069 1638 2104 coni.
1660 2081 1744 2106 con-

373 2127 543 2173 iungitur,
578 2126 637 2160 ubi
661 2126 856 2159 conceditur
869 2127 952 2169 fieri
970 2138 1081 2170 posse,
1116 2129 1207 2170 quod
1230 2128 1441 2169 enuncientur,
1467 2139 1538 2162 esse
1558 2130 1743 2173 nonitem3

372 2188 435 2222 ubi
457 2198 539 2221 vero
572 2187 704 2230 aliquid
726 2197 848 2220 revera
873 2197 943 2219 esse
977 2187 1193 2229 conceditur,
1226 2199 1294 2221 non
1317 2191 1427 2231 potest
1448 2199 1516 2222 non
1538 2188 1744 2230 indicativus

372 2248 494 2282 modus
516 2247 609 2290 poni.
663 2247 780 2289 Quare
802 2245 896 2279 Frid.
919 2245 1111 2279 Ellendtius
1133 2258 1200 2280 non
1230 2247 1313 2282 satis
1334 2251 1426 2282 recte
1446 2247 1580 2283 videtur
1600 2250 1646 2284 ad
1669 2249 1742 2286 cic.

371 2308 471 2342 Brut.
495 2319 524 2340 c.
546 2306 603 2347 3⁰,
630 2305 708 2339 115.
732 2317 764 2348 p.
787 2304 844 2340 86.
869 2305 1079 2347 disseruisse,
1107 2306 1166 2350 qui
1200 2318 1312 2351 „pars
1334 2308 1590 2351 exemplorum,
1619 2308 1743 2352 inquit,

372 2365 628 2399 coniunctivum
646 2364 881 2398 exhibentium
904 2365 1072 2399 eiusmodi
1095 2370 1157 2408 est,
1184 2371 1224 2401 ut
1245 2380 1439 2413 quanquam
1462 2369 1639 2413 eleganter
1660 2380 1742 2404 con-

372 2425 520 2459 cedentis
542 2425 604 2466 sit,
641 2424 677 2457 id
700 2425 790 2468 quod
812 2435 895 2458 sane
917 2426 1073 2469 quidem,
1106 2438 1222 2461 verum
1246 2429 1381 2472 quidem
1404 2433 1475 2471 est,
1509 2428 1566 2461 vel
1587 2429 1742 2464 modeste

371 2485 646 2527 contradicentis,
671 2496 734 2528 pro
759 2489 886 2518 tamen.
934 2485 973 2518 V.
998 2485 1246 2529 wyttenbach.
1268 2488 1361 2523 Bibl.
1387 2487 1472 2522 crit.
1495 2487 1612 2522 P.111.
1630 2500 1664 2532 p.
1681 2486 1740 2522 25.

371 2544 452 2588 Qua
474 2547 659 2588 potestate,
692 2547 794 2587 prout
817 2544 1030 2578 affirmantes
1053 2545 1274 2588 opinantesve
1287 2535 1492 2590 {oquimun
1524 2546 1620 2581 modi
1644 2558 1740 2580 com-

371 2604 474 2638 mode
503 2604 650 2638 variant.
661 2607 683 2625 “
727 2604 970 2649 Spaldingium
1000 2605 1044 2638 ad
1075 2605 1220 2647 Quintil.
1253 2608 1412 2642 Prooem.
1437 2608 1470 2648 5.
1494 2605 1550 2639 18.
1582 2606 1740 2640 Ciceroni

370 2664 463 2697 huuc
492 2663 700 2698 coniunctivi
730 2676 830 2698 usum
861 2675 1045 2708 perperam
1075 2665 1289 2700 abiudicasse
1314 2667 1450 2700 abunde
1477 2666 1656 2700 ostendunt
1676 2677 1739 2699 no-

370 2726 428 2758 tae
448 2723 658 2769 Heusingeri
685 2723 730 2759 ad
754 2723 825 2760 Cic.
850 2724 892 2759 de
915 2724 987 2760 Off.
1007 2725 1035 2768 1,
1051 2724 1087 2768 2,
1098 2725 1132 2760 ¹1.
1158 2724 1342 2760 Goerenzii
1365 2725 1410 2761 ad
1431 2725 1540 2770 Legg.
1561 2725 1623 2768 111,
1634 2724 1668 2769 8,
1681 2724 1735 2759 18.
