1826 3276
498 185 867 231 IUGURTHA.
929 184 1059 228 CAP.
1092 187 1150 228 X.
1479 191 1537 231 53

128 324 214 371 per
250 307 382 368 regni
417 305 556 350 fidem
591 318 758 347 moneo
792 302 1087 362 obtestorque
1119 309 1188 359 te,
1224 302 1285 347 uti
1323 302 1422 360 hos,
1457 305 1534 362 qui

128 406 210 452 tibi
248 420 420 466 genere
464 401 730 463 propinqui,
784 399 1008 444 beneficio
1067 415 1169 444 meo
1216 401 1376 444 fratres
1416 407 1531 460 sunt,

129 517 257 548 caros
310 502 506 558 habeas,
549 492 650 544 *neu
702 498 829 542 malis
877 498 1046 542 alienos
1100 497 1347 559 adiungere
1394 513 1532 556 quam

125 600 343 662 sanguine
392 599 652 643 coniunctos
694 595 900 639 retinere.
973 595 1078 639 Non
1124 595 1342 640 exercitus
1379 595 1563 655 neque4

126 697 322 744 thesauri
358 694 584 756 praesidia
619 692 750 752 regni
786 697 901 746 sunt,
938 706 1093 735 verum
1129 693 1278 747 amici,
1312 708 1426 752 quos
1448 709 1531 738 ne-

122 852 291 888 personue
313 839 473 886 regentia
495 837 702 883 saepissime
735 836 812 871 sine
844 846 931 870 casu
954 835 1049 880 poni.
1099 835 1240 870 eortius
1273 838 1422 872 contulit
1446 839 1530 875 Ter.

122 902 275 948 Adelph.
297 902 327 944 Ι,
352 902 386 944 1,
410 901 468 936 47.
518 901 608 942 Ille,
640 909 742 945 quem
773 897 938 942 beneficio
968 896 1229 942 adiungas,
1260 909 1302 932 ea:
1332 901 1446 934 animo
1464 903 1530 945 sa·

121 966 200 1000 ciet.
224 976 261 999 v.
286 967 409 998 notata
431 961 476 996 ad
500 972 531 995 c.
555 960 583 1002 1,
607 957 640 992 3.
689 959 809 994 Alieni
841 962 961 993 autem
992 961 1219 1002 opponuntur
1247 960 1451 1005 propinquis
1491 965 1530 997 ut

120 1027 156 1071 §.
179 1024 214 1060 5.
238 1025 283 1059 cf.
299 1024 488 1058 Ruhnken.
510 1022 554 1057 ad
579 1021 663 1055 Ter.
688 1022 816 1055 Heant.
840 1020 884 1062 V,
908 1019 945 1063 4,
967 1018 1001 1054 6.
1026 1018 1100 1053 Cic.
1125 1019 1221 1056 Lael.
1241 1031 1271 1056 c.
1295 1020 1336 1064 V,
1362 1020 1418 1056 19.
1445 1021 1524 1057 Liv.

119 1086 249 1129 xxix,
273 1085 332 1128 29,
356 1084 392 1122 8.

212 1150 247 1192 5.
270 1147 395 1181 4-6.
443 1158 511 1180 non
535 1145 705 1180 exercitus
723 1155 836 1188 neque
860 1142 965 1188 them]
1000 1142 1055 1175 De
1078 1153 1149 1175 non
1168 1162 1213 1166 —
1232 1153 1344 1186 neque
1367 1142 1526 1187 particu-

119 1209 165 1244 lis
179 1220 212 1243 v.
237 1208 282 1242 ad
307 1207 412 1242 Catil.
449 1207 522 1249 LII,
545 1206 592 1249 6.,
626 1206 687 1251 qui
710 1207 810 1240 Iocus
833 1204 943 1239 etiam
968 1206 1128 1247 respectu
1154 1202 1372 1247 sequentium
1397 1205 1526 1239 verbo-

119 1283 198 1306 rum
223 1271 281 1316 off.
310 1275 344 1306 et
356 1272 388 1315 s.
414 1281 508 1315 pan,
531 1269 629 1303 nulla
662 1265 842 1312 particula
874 1276 956 1300 cum
980 1264 1265 1299 antecedentibus
1297 1264 1526 1307 socium-um,

118 1332 346 1367 conferendus
377 1335 439 1366 eet.
496 1330 595 1365 Adde
623 1331 746 1363 notata
779 1328 825 1362 ad
859 1327 936 1362 Cat.
967 1327 1092 1369 LVIII,
1119 1325 1176 1361 14.
1211 1339 1247 1371 p.
1277 1326 1361 1362 309.
1385 1348 1430 1353 —-
1454 1328 1526 1362 Pro

115 1395 305 1440 pariuntur
337 1393 473 1437 aliquot
503 1391 588 1426 libri
619 1402 661 1424 ex
701 1389 991 1435 interpretatione
1024 1393 1223 1434 parantur,
1256 1387 1349 1432 quod
1383 1388 1525 1423 Cor-tius

118 1458 211 1491 recte
234 1454 368 1500 respuit
391 1453 472 1487 coll.
498 1451 576 1487 Liv.
598 1453 672 1496 vll,
696 1453 755 1494 4⁰,
770 1452 804 1488 5.
854 1453 951 1487 Satis
970 1451 1046 1495 suit
1067 1450 1220 1495 eritque,
1244 1450 1337 1484 unde
1362 1450 1445 1484 belli
1461 1450 1523 1484 de-

118 1529 178 1552 cus
197 1517 441 1563 pariatur,
470 1518 504 1549 et
529 1513 600 1548 Cic.
630 1514 672 1547 de
702 1514 775 1548 Off.
803 1513 849 1551 11,
881 1512 917 1556 9,
948 1513 982 1547 3.
1033 1512 1132 1546 Haec
1163 1511 1286 1557 quibus
1319 1511 1422 1545 rebus
1442 1522 1524 1556 pa-

118 1580 312 1615 riuntur
334 1589 357 1612 a
380 1576 549 1622 singulis,
572 1576 696 1609 iisdem
710 1578 791 1620 sere
812 1588 834 1609 a
849 1574 1095 1615 multitudine,
1118 1572 1181 1606 ubi
1205 1583 1240 1606 v.
1260 1572 1323 1606 Fr.
1347 1571 1524 1617 Heusing.

118 1641 229 1676 Plura
262 1639 410 1675 contulit
437 1637 702 1671 Drakenborch.
735 1638 781 1671 ad
810 1636 888 1671 Liv.
920 1635 1026 1674 xm,
1059 1635 1118 1676 ll,
1142 1634 1175 1668 9.
1202 1634 1347 1668 Ruhnk.
1371 1634 1416 1668 ad
1439 1634 1524 1669 Ter.

119 1702 212 1736 Eun.
227 1701 255 1743 1,
270 1701 306 1744 2,
329 1700 388 1734 69.
408 1717 454 1725 —
483 1699 567 1732 Tuis
590 1699 697 1732 hostis
720 1698 915 1731 Muellerus
949 1696 1034 1731 satis
1068 1695 1186 1730 ieiune
1210 1695 1260 1730 ait
1293 1706 1357 1739 pro
1378 1695 1523 1740 vulgari

119 1766 305 1797 tuorum
329 1760 435 1794 hostie
458 1758 590 1792 dictum
614 1770 710 1801 esse3
733 1759 778 1792 ad
804 1758 924 1792 damni
948 1758 1042 1792 enim
1058 1757 1240 1792 notionem
1263 1756 1423 1791 dativum
1448 1768 1524 1792 esse

118 1823 231 1857 multo
254 1819 568 1867 significantiorem
593 1819 670 1863 quis
685 1830 753 1852 non
778 1818 901 1852 videt?
925 1818 1066 1852 Cottius
1091 1818 1254 1863 ascripsit
1272 1818 1390 1852 Plaut.
1413 1819 1522 1854 Poen.

120 1881 160 1924 V,
186 1879 222 1923 4,
245 1879 305 1915 43.
355 1880 425 1915 Sed
444 1881 520 1926 quis
537 1881 637 1914 homo
666 1878 747 1914 est?
775 1899 820 1905 -—
854 1880 1042 1914 Amicus
1075 1879 1179 1914 tibi.
1202 1878 1281 1914 Liv.
1309 1879 1438 1922 XXVI,
1461 1878 1522 1922 5⁰,

116 1940 152 1976 7.
171 1939 206 1976 8.
239 1939 428 1976 Praeterea
451 1939 499 1973 cf.
531 1939 575 1973 ad
599 1939 676 1974 Cat.
702 1941 780 1982 XL,
804 1941 840 1977 3.
865 1953 900 1985 p.
927 1939 1009 1977 188.
1058 1939 1179 1974 Hostis
1202 1945 1323 1975 autem
1345 1951 1432 1975 cave
1455 1953 1518 1986 pu-

116 2005 170 2037 tos
191 2002 228 2036 h.
259 2002 284 2038 1.
307 2012 372 2046 pro
395 2001 535 2036 inimico
568 2000 703 2036 dictum
736 2013 824 2038 esse.
873 2002 967 2036 Inter
989 2011 1080 2045 quae
1104 2001 1282 2037 vocabula
1304 2013 1521 2048 quamquam

115 2066 211 2099 recte
232 2063 284 2098 ita
302 2062 542 2109 distinguitur,
566 2066 606 2097 nt
629 2063 698 2098 hoc
722 2064 878 2108 privatas
895 2075 939 2099 ac
960 2063 1163 2105 verborum,
1191 2063 1279 2097 illud
1305 2064 1464 2108 publicas
1485 2067 1521 2099 et

116 2136 297 2160 armorum
321 2124 555 2160 contentiones
577 2124 763 2170 significet,
786 2130 905 2160 tamen
917 2125 953 2160 in
977 2123 1082 2169 gravi
1105 2123 1264 2158 oratione
1281 2125 1389 2160 hostis
1411 2125 1520 2160 etiam

117 2186 150 2221 is
171 2186 292 2221 vocari
315 2190 451 2231 potest,
472 2185 572 2220 cuins
595 2186 715 2220 odium
739 2187 776 2221 in
799 2187 953 2231 aliquem
971 2189 1068 2221 tanta
1095 2185 1132 2219 vi
1156 2186 1332 2232 erumpit,
1355 2190 1394 2222 ut
1416 2187 1519 2223 factis

117 2257 190 2281 non
214 2246 405 2289 abstineat,
426 2246 463 2282 in
486 2247 582 2282 bello
609 2250 749 2282 tantum
773 2248 947 2283 committi
971 2247 1105 2289 solitis;
1138 2247 1184 2282 cf.
1208 2248 1356 2294 Fragm.
1378 2248 1474 2284 Hist.
1489 2250 1520 2294 1,

117 2306 178 2350 19,
201 2305 259 2342 15.
283 2307 357 2343 Cic.
389 2307 433 2341 de
463 2307 565 2342 Finn.
593 2308 644 2352 V,
675 2309 746 2354 lo,
769 2310 826 2345 29.
861 2310 897 2344 in
930 2310 1030 2343 Verr.
1052 2309 1107 2353 ΙΙ,
1126 2309 1186 2352 24,
1211 2307 1269 2344 58.
1316 2309 1519 2344 Doederlini

115 2368 250 2414 synon.
283 2369 362 2406 Lat.
393 2370 470 2404 Vol.
503 2371 562 2405 lv.
591 2382 627 2415 p.
650 2370 721 2407 394
742 2384 793 2416 sq.
818 2392 861 2397 —
899 2372 1070 2417 Equidem
1104 2384 1173 2418 ego
1205 2382 1251 2405 ne
1281 2371 1436 2416 amplius
1473 2384 1516 2406 eo

114 2431 222 2465 modo
245 2431 436 2476 explicem,
474 2443 581 2475 quern
604 2433 650 2467 ad
673 2434 749 2468 Cat.
775 2434 831 2476 LI,
854 2433 912 2468 20.
939 2446 972 2479 p.
988 2433 1070 2469 248.
1097 2433 1286 2479 proposui,
1308 2444 1518 2477 permoveor

114 2491 252 2540 Raudii
276 2491 460 2536 acumine,
496 2493 557 2537 qui
588 2494 631 2528 de
652 2494 803 2529 Particc.
827 2495 920 2530 Latt.
953 2496 1031 2530 Vol.
1051 2497 1096 2530 ΙΙ.
1125 2508 1160 2541 p.
1185 2494 1257 2530 423
1277 2506 1340 2539 sqq
1356 2520 1368 2537 ‚
1391 2507 1517 2540 qnam-

114 2563 223 2598 quam
247 2554 369 2598 paullo
391 2553 428 2587 in
452 2564 532 2596 me,
567 2553 628 2598 qni
656 2553 749 2590 facio
784 2567 866 2590 eum
896 2556 1064 2601 plurimi,
1095 2556 1186 2591 laesi
1217 2568 1418 2602 nunquam,
1442 2557 1516 2593 ira-

115 2613 282 2658 cundior,
309 2614 507 2650 luculenter
528 2616 648 2650 docuit
673 2605 831 2662 equidem
854 2617 1072 2663 particulae,
1097 2617 1228 2662 quippe
1251 2630 1294 2653 ex
1317 2619 1457 2664 quidem
1481 2624 1517 2656 et

117 2686 138 2710 e
158 2675 288 2710 vocula
318 2675 519 2711 intendendi
541 2680 659 2719 ortae,
681 2689 751 2712 non
777 2690 853 2713 esse
876 2678 1054 2723 duplicem
1076 2689 1202 2721 usum,
1226 2680 1287 2714 sed
1310 2691 1416 2715 unam
1441 2681 1516 2715 vim
1572 2682 1577 2687 ’

116 2746 268 2781 eamque
288 2737 420 2780 talem,
443 2740 483 2773 nt
506 2749 575 2773 non
599 2738 663 2773 nni
688 2738 842 2784 notioni,
868 2740 927 2775 sed
952 2739 1016 2775 toti
1038 2740 1230 2776 sententiae
1252 2753 1401 2788 gravem
1426 2753 1516 2778 cou-

117 2796 354 2835 firmationem
382 2798 508 2843 addat,
541 2801 588 2837 ab
611 2800 709 2844 eius,
736 2800 800 2846 qui
822 2801 1009 2849 loquatur,
1032 2801 1166 2839 indicio
1186 2804 1391 2849 profectam.
1415 2805 1518 2841 Valet
