1826 3276
224 123 234 148 t

434 162 796 209 1UGURTHA.
854 135 987 208 CAP.
1018 161 1176 208 cxlv,
1373 156 1498 210 ²605

86 283 239 340 esse,
275 296 378 328 cum
411 283 567 343 paucis
602 281 754 327 amicis
799 287 846 328 et
878 286 1118 341 quaestore
1151 280 1328 340 nostro,'
1353 283 1501 341 ‚quasi

111 380 270 425 obvius
315 379 499 424 honoris
547 391 704 424 caussa
747 379 956 440 procedit
989 379 1035 423 iu
1067 378 1286 423 tumulum
1319 378 1500 424 facillu-

110 491 235 523 mum
277 478 376 523 visu
410 476 732 523 insidiantibus,
799 475 980 521 Eodem
1022 469 1218 522 Numida
1261 491 1364 521 cum
1396 476 1540 538 ple-6

109 575 261 634 risque
294 574 557 618 necessariis
592 574 681 618 suis
715 573 922 631 inermis,
954 572 1021 618 uti
1056 572 1222 617 dictum
1253 579 1373 630 erat,
1421 590 1502 619 ac-

111 671 254 727 cedit,
300 686 355 714 ac
396 671 544 716 statim
579 670 712 731 signo
749 669 856 715 dato
896 670 1095 730 undique
1137 670 1267 715 simul
1302 685 1359 716 ex
1391 671 1501 717 insi-

109 767 194 813 diis
243 767 479 831 invaditur.
561 766 715 812 Ceteri
765 768 1039 821 obtruncati;
1086 766 1309 829 Iugurtha
1344 767 1535 813 Sullae7

108 866 279 912 vinetus
313 864 528 922 traditur,
572 870 617 909 et
651 864 710 908 ab
747 879 803 909 eo
837 864 897 908 ad
930 863 1127 909 Marium
1162 865 1382 910 deductus
1417 871 1497 910 est.

247 961 410 1008 CXIV.
479 962 572 1008 Per
603 960 729 1007 idem
761 967 942 1024 tempus
975 961 1215 1008 advorsum
1250 962 1407 1008 Gallos
1438 962 1500 1009 ab

160 1151 166 1158 ,
199 1121 233 1163 S.
255 1117 292 1154 5.
316 1119 500 1166 accerst‘ri]
541 1120 598 1156 Ita
620 1130 788 1165 perquam
812 1119 916 1154 multi
939 1120 1039 1156 codd.
1062 1120 1215 1163 habent,
1238 1119 1301 1155 alii
1323 1121 1499 1164 arcessiri,

107 1179 202 1224 quod
224 1179 355 1224 pariter
377 1180 423 1216 ad
446 1180 600 1216 formam
621 1181 788 1216 infinitivi
811 1186 956 1225 quartae
980 1181 1235 1227 coniugationis
1258 1181 1365 1225 ducit,
1391 1193 1500 1226 quam

106 1250 176 1275 nou
196 1240 454 1276 sollicitandam
472 1253 546 1277 esse
565 1242 780 1278 ostendimus
801 1243 846 1277 ad
869 1254 899 1277 c.
923 1242 1032 1284 LXII,
1054 1241 1088 1276 4.
1111 1242 1320 1277 Gerlachius
1342 1242 1379 1276 in
1401 1248 1499 1277 utra-

106 1311 176 1345 que
195 1301 248 1338 ed.
267 1301 407 1346 scripsit
426 1304 575 1347 accersi,
600 1304 693 1347 quod
712 1303 842 1348 exigua
860 1302 958 1338 codd.
979 1302 1185 1338 auctoritato
1203 1303 1326 1338 nititur
1347 1307 1382 1338 et
1399 1303 1499 1338 haud

107 1362 213 1397 dubie
243 1374 268 1398 a
296 1362 423 1398 scribis
454 1364 613 1398 effictum
645 1368 709 1398 est.
731 1382 777 1389 -
811 1364 957 1398 lacrmis
988 1363 1216 1398 Gerlachium
1239 1363 1277 1397 iu
1300 1364 1354 1399 ed.
1378 1363 1500 1398 novis·-

106 1421 198 1456 sima
210 1424 314 1456 -recte
335 1423 513 1468 scripsisse
535 1427 639 1468 puto3
666 1435 748 1459 nam
770 1425 863 1468 quod
888 1424 932 1462 ad
957 1424 1060 1458 Catil.
1082 1424 1183 1467 LIX,
1205 1424 1239 1458 5.
1263 1436 1297 1469 p.
1321 1424 1400 1459 318.
1425 1423 1500 1459 dixi

106 1482 178 1518 hoc
200 1483 281 1517 Ioco
305 1493 425 1518 omnes
446 1485 548 1518 codd.
571 1485 722 1519 inermus
746 1485 925 1529 praebere,
951 1484 1082 1519 salsum
1106 1488 1168 1526 est,
1193 1495 1300 1528 quum
1324 1485 1438 1519 Paris.
1461 1486 1497 1519 b.

109 1556 142 1579 c.
174 1555 206 1584 z³
242 1543 362 1578 Goerl.
395 1548 430 1579 et
464 1545 581 1579 Berol.
615 1545 756 1580 inermia
780 1545 980 1587 exhibeant,
1006 1545 1044 1579 in
1067 1546 1214 1589 Ber-ger.
1239 1545 1357 1580 Guelf.
1382 1544 1439 1580 10.
1464 1549 1500 1578 et

107 1604 215 1640 Misn.
239 1604 284 1640 sit
306 1605 474 1648 inermes,
510 1606 554 1640 de
576 1605 696 1640 multis
719 1605 799 1640 aliis
822 1610 942 1640 autem
963 1615 1033 1638 non
1063 1609 1159 1639 certo
1182 1610 1324 1642 constet.
1380 1607 1501 1651 Quare

107 1665 326 1702 usitatiorem
349 1667 503 1701 formam
526 1666 767 1712 praetulimus.
792 1686 835 1692 —
874 1667 934 1700 Uti
959 1666 1089 1700 dietum
1122 1671 1218 1708 erat,
1241 1666 1266 1700 i.
1291 1677 1322 1700 e.
1347 1669 1386 1700 ut
1409 1666 1500 1701 inter

108 1731 275 1772 utrosque
298 1731 519 1770 convenerat,
551 1727 605 1761 vel
628 1731 668 1762 ut
691 1728 903 1771 postulatum
925 1737 968 1761 ac
986 1725 1211 1762 constitutum
1234 1730 1320 1762 erat.
1343 1747 1390 1754 —
1412 1723 1500 1762 Ver-

109 1789 196 1824 bum
218 1789 474 1824 substantivum
498 1787 638 1822 Cor-tius
666 1788 736 1822 fide
763 1788 882 1824 Senat.
908 1789 943 1823 1.
967 1787 1108 1830 delevit,
1133 1800 1239 1833 quam
1264 1787 1499 1823 temeritatem

110 1849 320 1885 Ger-lachin:
342 1848 380 1883 in
403 1849 613 1884 Commentt.
646 1860 680 1893 p.
703 1849 784 1886 335.
810 1849 985 1894 probavit,
1019 1849 1140 1885 iudicii
1166 1850 1222 1885 sui
1252 1848 1290 1883 in
1322 1849 1377 1885 ed.
1412 1849 1502 1884 min.

110 1922 232 1946 rursus
246 1909 452 1958 immemor.
484 1910 618 1954 Eodem
638 1912 744 1946 modo
769 1913 814 1946 ab
837 1916 985 1956 utroque
1006 1910 1042 1944 in
1066 1915 1242 1954 postrema
1264 1909 1390 1954 capitis
1412 1920 1500 1944 voce

110 1974 306 2019 peccatum.
340 1990 388 1997 —-
417 1971 488 2006 Pro
511 1971 680 2006 deductus
701 1971 737 2006 in
768 1971 886 2006 Guelf.
909 1971 966 2005 12.
991 1971 1067 2007 Vin.
1091 1972 1125 2006 1.
1151 1972 1232 2007 Sen.
1255 1970 1290 2005 2.
1315 1974 1350 2006 et
1371 1971 1500 2006 Heuss.

110 2035 206 2069 male
227 2035 340 2068 exstat
362 2033 504 2074 ductum
540 2043 623 2067 nam
647 2033 817 2068 deducere
841 2033 981 2077 proprie
1004 2037 1190 2078 usurpatur
1213 2033 1257 2067 de
1280 2032 1336 2075 iis,
1358 2032 1419 2077 qui
1440 2032 1500 2068 vel

109 2095 265 2136 honoris,
286 2094 344 2128 vel
366 2094 554 2138 praesidii,
590 2094 647 2128 vel
669 2094 846 2129 custodiae
870 2104 994 2128 caussa
1016 2093 1168 2138 aliquem
1193 2094 1424 2135 comitantur-3
1451 2093 1500 2128 cf.

110 2160 278 2192 annotata
299 2157 344 2191 ad
368 2155 473 2190 Catil.
499 2167 530 2189 c.
555 2155 626 2198 LV,
649 2155 683 2189 2.
709 2167 743 2199 p.
765 2153 844 2188 290.
862 2173 909 2180 -
932 2155 1093 2189 Ceterum
1118 2154 1219 2190 Sulla
1242 2156 1333 2190 hanc
1356 2165 1501 2198 operam

110 2227 134 2252 ι
157 2229 195 2251 se
215 2216 431 2261 reipublicae
454 2216 660 2259 praestitam
682 2215 770 2252 tanti
792 2215 899 2257 facit,
932 2220 972 2249 ut
994 2215 1185 2261 imaginem
1209 2215 1313 2250 huius
1336 2215 1500 2250 traditio-

109 2277 165 2312 nis
197 2277 326 2312 annulo
363 2276 559 2322 signatorio
596 2276 806 2321 insculptam
837 2277 1004 2320 haberet,
1040 2288 1151 2321 eaque
1183 2277 1303 2312 omnia
1335 2276 1501 2321 signaret.

112 2348 149 2376 v.
171 2338 265 2373 Plin.
287 2338 335 2374 Η.
361 2338 405 2373 Ν.
429 2338 622 2380 xxxvnl,
650 2338 686 2374 1.
710 2339 827 2373 aner.
850 2339 947 2373 Max.
970 2338 1059 2380 vul,
1082 2337 1139 2374 15.
1165 2339 1276 2373 Coum.

205 2399 327 2434 CXIV.
364 2400 398 2441 S.
421 2399 455 2433 1.
496 2399 561 2434 Per
584 2399 675 2434 idem
698 2403 858 2445 tempus]
895 2399 1070 2444 Iugurtha.
1103 2403 1227 2444 captus
1257 2401 1310 2435 est
1344 2408 1436 2433 anno
1464 2409 1500 2432 u.

114 2471 146 2495 c.
178 2459 262 2496 648.
295 2472 330 2504 p.
365 2460 432 2507 ClJ.
463 2471 499 2496 n.
533 2460 614 2494 106.
679 2461 811 2506 Caepio
843 2465 962 2496 autem
997 2466 1031 2496 et
1064 2461 1125 2496 Cn.
1158 2459 1311 2496 Manlius
1343 2459 1504 2494 consules

113 2530 207 2556 anno
227 2523 392 2565 aequente
414 2521 451 2555 in
474 2521 593 2556 Gallie.
615 2521 754 2556 devicti.
770 2539 816 2547 ——
839 2522 958 2557 Gallos
978 2523 1166 2558 Sallustius
1188 2522 1283 2565 dicit,
1306 2532 1393 2565 quos
1413 2521 1502 2555 Ger-

113 2592 237 2616 manos
258 2581 373 2616 dicere
395 2582 564 2623 debehat,
596 2593 818 2617 communem
839 2583 984 2618 illorum
1006 2588 1203 2629 temporum
1225 2593 1379 2617 errorem
1402 2593 1503 2616 secu-

114 2644 184 2685 tus,
207 2653 248 2677 eo
272 2647 413 2685 ortum,
444 2643 538 2688 quod
562 2644 737 2687 Romani,
762 2644 924 2688 priorum
944 2645 1166 2680 invasionum
1190 2656 1212 2680 a
1235 2643 1351 2678 Gallis
1371 2643 1408 2677 in
1431 2643 1501 2677 lta-

115 2702 202 2738 liam
225 2703 398 2740 factarum
431 2705 640 2739 memoriam
668 2705 875 2748 retinentes,
906 2711 1172 2750 ceterarumque
1200 2704 1377 2751 gentium,
1411 2713 1503 2747 quae

114 2765 384 2808 septentrionem
406 2776 527 2801 versus
546 2762 716 2810 incolunt,
740 2766 871 2812 ignari,
899 2777 1020 2802 omnes
1042 2768 1088 2802 ab
1110 2768 1178 2802 hac
1200 2770 1300 2812 parte
1325 2765 1410 2810 ipsis
1433 2765 1503 2799 im-
