1826 3276
378 1007 1184 1075 PRAEFArro

80 1483 266 1559 Pauca
298 1515 422 1570 sunt,
467 1525 584 1572 quae
617 1510 663 1556 in
697 1509 788 1556 hoc
831 1509 974 1556 altero
1014 1523 1205 1571 operum
1233 1507 1467 1556 Sauustia-

79 1629 241 1661 norum
273 1615 497 1660 volumine
531 1615 788 1677 evulgando
824 1613 1015 1659 dicenda
1046 1613 1210 1659 habeo.
1281 1612 1335 1657 In
1366 1613 1467 1657 uni-

78 1731 258 1763 versum
291 1718 409 1762 enim
452 1718 642 1764 eandem
683 1719 902 1764 rationem
941 1722 1119 1763 secutus
1162 1731 1283 1774 sum,
1329 1730 1465 1775 quam

77 1821 125 1865 in
160 1819 350 1866 Catilina
385 1825 431 1865 et
465 1820 747 1866 emendando
782 1827 828 1866 et
875 1818 1142 1881 explicando
1176 1818 1263 1862 inii.
1334 1817 1464 1873 Quae

0 1933 5 1947 ¹·
77 1937 218 1984 quum
245 1922 349 1968 viris
383 1921 665 1983 doctissimis,
696 1924 774 1983 qui
806 1923 921 1967 illius
952 1923 1054 1966 libri
1088 1934 1322 1966 censuram
1349 1935 1463 1980 ege-

0 2028 2 2034 '
75 2031 201 2087 runt,
234 2025 430 2083 Iacobo,
463 2025 714 2084 Ellendfio,
755 2024 880 2070 Max.
916 2023 1192 2080 Schmidtio‚
1241 2021 1462 2082 Obbario,

75 2130 198 2186 aliis,
252 2144 442 2189 quorum
486 2130 670 2175 nomina
713 2143 990 2191 cognoscere
1038 2142 1129 2173 non
1170 2127 1297 2189 potui
1314 2158 1328 2182 ,
1370 2140 1460 2170 non

71 2230 257 2294 prorsus
289 2232 636 2294 improbaretur,
669 2231 720 2277 id
748 2232 940 2276 maxime
972 2230 1083 2277 mihi
1116 2229 1343 2292 agendum
1370 2243 1461 2290 pu-

0 2338 5 2392 j
72 2335 188 2392 tavi,
222 2339 274 2380 ut
305 2341 520 2394 quantum
557 2350 741 2397 possem
767 2336 937 2393 vitatis,
973 2349 1090 2394 quae
1123 2339 1246 2379 recte
1279 2332 1458 2392 vitupe-

0 2450 5 2494 ι
71 2442 170 2482 rata
202 2436 437 2494 vidissem,
471 2438 620 2482 talem>
644 2438 694 2483 in
725 2437 946 2500 Iugurtha
977 2434 1239 2482 illustnando
1269 2447 1458 2495 operam

69 2554 312 2601 ponerem,
340 2555 458 2600 quae
482 2546 579 2586 tum
607 2540 693 2586 illis
710 2541 838 2599 viris,
871 2540 1076 2587 doctrina
1110 2537 1455 2585 et·humanitate

0 2644 5 2679 ⁸
70 2642 343 2704 insignibus,
383 2648 482 2688 tum
528 2643 758 2702 omnibus,
803 2658 998 2704 quorum
1038 2642 1275 2688 auctoritas
1307 2640 1453 2702 pluri-

71 2759 197 2791 mum
224 2744 349 2807 apud
380 2761 456 2793 me
489 2747 629 2806 valet,
662 2762 753 2794 non
779 2747 902 2794 omni
930 2761 987 2793 ex
1018 2750 1149 2809 parte
1182 2744 1449 2805 displiceret,
