1826 3276
450 175 471 219 1
483 176 518 219 U
531 174 569 219 G
582 175 617 219 U
627 171 714 219 R‘T
726 175 768 218 H
777 176 825 218 A.
885 174 959 218 CA
970 174 1015 218 Ρ.
1043 175 1245 220 XCVIII.
1452 177 1539 219 525

143 295 224 340 ctis
260 292 442 339 barbari
473 308 554 339 suo
584 308 712 338 more
744 293 911 346 laetari,
950 293 1185 351 exsultare,
1221 299 1422 354 strepere
1453 307 1536 337 vo-

142 393 295 450 cibus,
341 398 389 436 et
432 391 522 451 ipsi
557 390 694 435 duces
729 391 907 436 feroces
943 390 1048 449 quia
1082 405 1170 434 non
1207 389 1419 451 fugerent
1451 406 1536 451 pro

141 489 384 535 victoribus
419 503 571 549 agere.
653 488 750 533 Sed
787 504 841 533 ea
877 462 1037 532 cuncta
1069 488 1284 541 Romanis
1320 503 1376 532 ex
1410 494 1575 538 tene-7

141 587 234 632 bris
269 592 326 631 -et
360 586 620 630 editioribus
661 585 769 630 locis
806 585 955 630 facilia
1000 586 1096 630 visu
1131 600 1391 647 magnoque
1425 584 1539 630 hor·

140 690 339 730 tamento
375 689 513 728 erant.

135 893 322 938 sugere,
352 893 436 924 aut
459 900 549 934 pro,·
580 893 771 934 utrumque
794 889 951 935 ineptum
976 893 1049 929 est,
1078 889 1154 925 sive
1180 889 1301 932 verbi,
1332 889 1407 924 sive
1431 890 1538 935 parti-

142 953 305 994 cularum
332 950 470 986 ratione
487 950 623 985 hubita-
642 951 830 988 Praeterea
842 952 882 1002 in
897 951 1074 986 nonnullis
1091 951 1190 986 codd.
1211 951 1329 986 Palatt
1342 977 1352 994 ,
1375 951 1468 986 Leid.
1497 953 1539 985 F.

141 1013 186 1049 N.
206 1013 324 1048 Guelf.
344 1011 391 1046 10
414 1017 449 1046 et
472 1012 530 1046 11.
553 1011 684 1058 legitur
706 1024 737 1058 q.
761 1025 797 1048 n.
817 1015 952 1060 fugere
976 1018 1113 1058 atque
1133 1024 1169 1058 p.
1192 1023 1224 1046 υ.
1250 1023 1299 1055 a.,
1323 1023 1431 1056 quam
1451 1014 1540 1048 scri—

141 1078 283 1121 pturam
301 1072 516 1108 Gerlachius
532 1072 568 1107 in
590 1076 740 1117 utraque
754 1074 809 1108 ed.
828 1074 971 1119 recepit.
996 1073 1066 1108 Sed
1083 1073 1134 1107 ita
1151 1072 1340 1108 bimembri
1356 1075 1450 1109 fucta
1466 1086 1542 1110 ora-

141 1136 236 1172 tione
265 1146 335 1170 non
366 1134 481 1169 solum
513 1134 700 1169 durissima
723 1136 775 1168 est
796 1145 868 1168 esse
892 1135 993 1170 verbi
1017 1135 1171 1179 ellipsis,
1202 1135 1262 1169 sed
1294 1141 1412 1170 manet
1434 1135 1541 1171 etiam

141 1198 264 1233 endem
289 1196 325 1230 in
340 1198 474 1241 sugere
497 1196 606 1229 verbo
630 1196 842 1239 difficultas,
875 1207 917 1231 ac
949 1197 1055 1231 simul
1079 1197 1156 1242 ipsa
1179 1196 1348 1232 sententia
1370 1197 1542 1242 perverti-

141 1263 211 1294 tur.
261 1256 400 1303 Quippe
431 1268 500 1290 non
524 1259 632 1300 sacta
656 1257 811 1291 hostium
828 1259 927 1302 fuga
951 1269 1018 1292 non
1043 1270 1167 1293 caussa
1190 1262 1266 1292 erat
1282 1260 1452 1302 ferociae,
1482 1260 1543 1294 sed

142 1323 183 1355 ut
203 1330 267 1364 pro
291 1318 478 1353 victoribus
502 1323 650 1362 agerent
682 1317 850 1359 barbari5
882 1329 992 1362 quare
1022 1321 1134 1355 verba
1167 1332 1209 1355 ex
1242 1319 1326 1364 quia
1357 1320 1542 1364 pendentia

140 1392 211 1416 non
239 1380 282 1415 ad
301 1381 442 1424 seroces
464 1381 634 1423 spectant,
658 1379 717 1412 sed
742 1379 785 1413 ud
811 1379 1006 1422 sequentia,
1031 1380 1100 1414 hoc
1123 1391 1246 1414 sensu:
1272 1385 1307 1415 et
1330 1380 1400 1425 ipsi
1423 1381 1541 1423 duces,

140 1439 253 1476 feroci
279 1439 423 1486 ingenio
445 1438 606 1483 praediti,
627 1427 904 1483 pro‘victoribus
926 1442 1097 1486 agebant,
1122 1442 1208 1485 quia
1227 1452 1308 1483 non,
1333 1447 1373 1477 ut
1396 1447 1446 1476 est
1464 1443 1542 1477 Nu-

141 1501 318 1537 midarum
347 1511 420 1534 moa
453 1501 491 1535 in
518 1511 645 1546 pugna
679 1501 846 1546 ancipiti,
871 1503 970 1547 saga
993 1503 1177 1544 abierant,
1208 1503 1269 1537 sed
1291 1509 1543 1539 remanserant.

141 1563 227 1599 Inde
259 1561 495 1608 clarissimum
523 1565 587 1605 est,
612 1562 748 1597 nullam
772 1562 880 1606 plane
901 1563 1115 1607 particulam
1139 1567 1220 1599 ante
1243 1555 1355 1599 verba
1375 1576 1438 1610 pro
1462 1567 1543 1600 vict.

126 1614 220 1659 ’θεοῦ
239 1634 352 1669 posse.
401 1621 471 1656 Sed
495 1633 604 1666 quum
628 1626 663 1657 et
681 1625 813 1668 fugere
835 1634 900 1668 per
922 1635 960 1659 se
982 1623 1042 1658 vix
1065 1627 1158 1659 stare
1181 1625 1311 1669 possit,
1334 1637 1447 1671 neque
1470 1628 1544 1663 ullo

143 1684 251 1721 modo
273 1683 512 1729 intelligutur,
536 1682 566 1718 si
592 1682 642 1718 ita
665 1684 835 1728 scriptum
861 1684 1002 1727 ruisset,
1027 1685 1203 1728 quomodo
1234 1691 1295 1730 ut,
1328 1693 1414 1731 aut,
1441 1694 1544 1734 atque

145 1747 234 1782 oriri
249 1745 417 1792 potuerit,
442 1755 564 1778 verum
584 1743 712 1779 vidisse
732 1748 898 1789 putamus
916 1745 1088 1788 Coi-tium,
1109 1745 1170 1790 qui
1187 1749 1360 1793 fugerent
1375 1761 1545 1794 reponen-

144 1809 230 1844 dum
254 1819 330 1842 esse
351 1805 514 1841 coniecit.
561 1806 654 1840 Casu
680 1805 774 1840 enim
799 1811 837 1842 at
867 1806 994 1841 litteris
1016 1806 1170 1849 avulsis,
1202 1811 1241 1842 ut
1272 1810 1402 1855 aliquis
1421 1812 1544 1847 saitem

144 1879 266 1905 sensus
289 1866 492 1911 exsisteret,
525 1878 548 1902 a
574 1867 733 1901 librariis
755 1866 835 1902 inde
858 1867 991 1902 factum
1015 1871 1067 1902 est
1088 1872 1148 1910 at,
1172 1871 1248 1903 tum
1273 1877 1337 1906 aut
1367 1876 1402 1906 et
1425 1877 1543 1919 aeque,

144 1941 238 1977 quae
271 1928 466 1974 particulae
494 1928 699 1981 saepissime
734 1932 1015 1972 commutantur,
1050 1940 1083 1964 v-
1115 1929 1233 1965 varias
1263 1931 1360 1967 lectt.
1393 1933 1439 1967 ud
1469 1934 1547 1970 Cat.
1585 1960 1590 1966 Δ

145 1984 280 2033 XXXI,
297 1990 332 2026 5.
352 1990 398 2027 ad
421 1991 501 2036 lug.
525 1990 711 2031 LXXXII,
732 1989 768 2024 2.
791 1989 926 2033 XCIX,
950 1990 983 2024 1.
1018 1991 1131 2034 CXII,
1152 1991 1186 2026 3.
1211 1993 1474 2028 Drakenborch.
1499 1995 1544 2029 ad

145 2052 224 2089 Liv.
249 2051 326 2094 vu,
350 2050 409 2094 39,
432 2050 514 2093 14.;
538 2051 574 2086 in
598 2051 712 2086 Palat.
736 2050 769 2086 4.
796 2062 900 2093 vero,
926 2051 1045 2086 Guelf.
1069 2052 1104 2086 2.
1127 2052 1163 2088 3.
1188 2054 1282 2090 Med.
1307 2054 1364 2089 11.
1388 2059 1424 2090 et
1447 2055 1546 2090 Tau—

145 2113 214 2149 rin.
245 2111 384 2147 scribae
415 2112 501 2157 quid
523 2113 678 2147 facerent
700 2118 740 2148 nt
763 2112 889 2148 litteris
919 2113 1049 2155 nescii,
1079 2114 1183 2158 plane
1218 2113 1422 2150 omiserunt.
1469 2117 1546 2150 Fa-

147 2179 272 2222 gerent
306 2178 424 2211 autem
456 2177 491 2209 et
525 2174 622 2209 modi
658 2179 693 2209 et
726 2173 895 2218 temporis
928 2178 1087 2218 respectu
1124 2175 1227 2210 valde
1260 2177 1546 2219 commendatum

147 2247 231 2272 nam
261 2234 500 2271 coniunctivae
532 2239 667 2281 spectat
696 2236 743 2271 ad
775 2235 1042 2282 significandam
1075 2247 1236 2278 caussam
1267 2237 1304 2272 iu
1333 2239 1546 2284 cogitatione

149 2298 280 2332 ducum
303 2298 473 2343 positam3
504 2295 752 2342 imperfectum
785 2308 869 2332 vcro
900 2297 1056 2332 declarat
1077 2297 1184 2333 istam
1207 2310 1367 2334 caussam
1391 2301 1546 2335 nondum

148 2370 311 2402 measse,
334 2358 394 2393 sed
418 2357 604 2393 etiamtum
627 2359 757 2393 valere.
789 2359 923 2393 Eodem
946 2358 1053 2393 modo
1075 2359 1211 2394 Iocutus
1235 2364 1287 2395 est
1305 2360 1426 2395 Livius
1448 2362 1545 2403 XXI,

148 2419 187 2464 9,
209 2419 242 2454 1.
283 2420 396 2464 Quum
420 2419 483 2454 dia
506 2430 634 2464 anceps
650 2420 779 2464 suisset
802 2426 978 2456 certamen
1006 2424 1040 2455 et
1063 2420 1284 2467 Saguntinis,
1308 2422 1420 2467 quia
1440 2434 1545 2468 prae·-

150 2486 207 2516 ter
234 2492 329 2527 spem
359 2481 666 2525 resisterent,
702 2481 888 2516 crevissent
906 2481 1043 2523 >animast
1076 2483 1262 2518 clamorem
1284 2484 1452 2529 oppidani
1474 2486 1544 2519 tol-

153 2542 241 2580 lunt.
263 2562 310 2569 -
346 2542 429 2577 Pro
453 2543 640 2578 victoribus
663 2542 689 2576 i.
713 2553 744 2577 e.
777 2542 880 2588 quasi
909 2542 1075 2586 victores,
1109 2555 1190 2588 pro
1218 2543 1390 2588 particula
1415 2545 1544 2580 falsam

151 2603 327 2647 quandam
360 2603 534 2639 rationem
573 2603 773 2646 indicante,
816 2613 908 2647 quae
944 2603 981 2638 in
1016 2615 1120 2639 verae
1154 2606 1273 2640 locum
1303 2605 1546 2641 substituatur.

151 2664 383 2710 Comparavit
414 2665 554 2700 Cottius
588 2665 666 2700 Liv.
699 2665 826 2707 XXIV,
858 2662 918 2706 25,
940 2664 976 2699 3.
1025 2665 1108 2700 Illos
1129 2677 1222 2701 nova
1244 2668 1376 2701 scelera
1400 2667 1547 2707 molitos,

151 2737 258 2771 quum
288 2727 586 2768 Andranodoras,
623 2738 714 2772 quae
743 2730 949 2772 procurator
984 2726 1210 2770 possederat,
1248 2738 1330 2772 pro
1367 2727 1546 2761 domino

150 2787 354 2832 possederit.
379 2787 499 2823 Plaut.
524 2787 673 2822 Trucul.
698 2787 726 2830 I,
747 2787 785 2829 2,
807 2786 865 2821 73.
917 2787 1006 2828 Cur,
1029 2788 1186 2833 obsecro,
1212 2799 1296 2833 ergo
1320 2792 1403 2823 ante
1423 2788 1547 2823 ostium
