1826 3276
422 209 502 248 1⁰0
783 203 828 244 c,
859 170 1178 244 SALLthrl
1205 201 1414 245 CRISPI

421 317 602 372 lentior,
647 316 888 376 Iugurthae
945 314 1151 369 traditum
1199 315 1316 358 illam
1369 316 1572 370 alteram,
1631 316 1779 375 specie

419 426 551 468 quam
586 425 668 454 usu
698 411 932 469 potiorem,
962 423 1076 468 quae
1104 410 1352 468 portuosior
1367 410 1422 452 ‘et
1446 410 1655 473 aedificiis
1681 425 1777 454 ma-

419 506 486 564 gis
522 509 732 548 exornata
763 511 877 560 erat,
912 498 1142 548 Adherbal
1175 503 1384 563 possedit.
1487 491 1490 494 ’

554 598 689 642 XVII.
738 599 830 643 Res
855 600 1078 659 postulare
1107 598 1279 643 videtur
1308 598 1486 643 Africae
1512 598 1640 642 situm
1666 611 1779 657 pau-

419 695 479 737 cis
516 708 762 752 exponere,
798 699 842 737 et
863 710 935 738 eas
962 695 1127 754 gentis,
1171 695 1431 752 quibuscum
1460 694 1584 739 nobis
1614 692 1781 737 bellum

383 788 410 846 ,2
428 794 502 832 aut
537 787 724 832 amicitia
768 788 874 846 fuit,
917 790 1142 850 attingere.
1212 788 1304 834 Sed
1343 804 1455 848 quae
1490 789 1588 832 loca
1623 793 1667 832 et
1700 802 1780 831 na-

416 947 528 991 XXX,
546 947 603 990 14,
625 946 659 982 9.
683 948 833 992 Herzog.
850 947 894 981 ud
917 947 1015 982 Caes.
1038 948 1081 982 B.
1098 948 1142 983 G.
1167 948 1195 990 1,
1216 947 1252 983 2.
1267 967 1310 972 -
1333 948 1437 982 Illam
1460 947 1506 982 ab
1527 945 1695 981 Sallustio
1718 945 1781 978 ud-

416 1007 526 1041 ditum
549 1017 643 1049 esse,
678 1006 761 1050 quia
782 1018 856 1040 rem
879 1007 1073 1052 legentibus
1094 1011 1214 1042 notam
1237 1018 1310 1041 esse
1331 1010 1479 1048 statuat,
1514 1004 1596 1040 sutis
1617 1003 1782 1048 probabi-

415 1066 494 1101 liter
525 1072 638 1100 censet
674 1066 901 1108 Gerlacliius;
932 1067 991 1100 sed
1025 1072 1100 1101 tum
1128 1071 1222 1102 recta
1251 1067 1387 1100 ratione
1417 1068 1531 1109 caret,
1565 1065 1656 1108 quod
1689 1064 1782 1098 idem

417 1127 533 1169 paullo
555 1129 634 1160 aute
647 1125 813 1170 praecipit
828 1126 885 1160 ille
904 1138 1090 1170 pronomen
1108 1126 1289 1171 aliquoties
1309 1125 1511 1159 redundare.
1557 1125 1643 1158 Cum
1666 1127 1783 1158 nostro

416 1187 494 1220 loco
518 1185 677 1220 convenit
708 1185 865 1220 laudatus
896 1197 917 1220 a
942 1185 1128 1220 Gerlachio
1153 1185 1224 1220 Cic.
1248 1186 1284 1220 in
1309 1185 1410 1220 Cutil.
1433 1186 1491 1227 IV,
1513 1184 1548 1226 5,
1571 1184 1606 1220 9.
1633 1184 1663 1218 si
1687 1184 1781 1218 eritis

416 1246 522 1279 secuti
542 1246 747 1282 senteutiam
773 1246 810 1280 C.
835 1246 1014 1287 Caesaris,
1037 1249 1191 1290 sortasse
1222 1247 1334 1281 miuus
1363 1249 1462 1280 erunt
1489 1245 1574 1279 mihi
1599 1245 1782 1289 populares

416 1307 563 1350 impetus
592 1307 854 1350 pertimescendi
864 1318 877 1346 ,·
911 1306 975 1340 sim
1005 1306 1130 1340 illam
1163 1307 1382 1346 alteram,
1422 1305 1532 1339 nescio
1564 1315 1612 1338 an
1633 1303 1780 1348 amplius

415 1365 501 1398 mihi
540 1364 674 1408 negotii
712 1366 948 1401 contrahatur.
982 1376 1016 1399 v.
1041 1365 1147 1400 etiam
1169 1367 1213 1400 ad
1236 1378 1266 1400 c.
1290 1366 1406 1408 XXV,
1428 1365 1462 1399 2.
1484 1383 1530 1390 --
1563 1363 1718 1408 Speciem
1746 1367 1780 1396 et

416 1436 514 1458 usum
539 1424 753 1467 contraponit
775 1425 880 1460 etiam
900 1426 1012 1459 Plaut.
1035 1425 1138 1460 Most.
1164 1426 1200 1467 1,
1225 1425 1267 1467 2,
1291 1424 1348 1460 42.
1379 1429 1419 1459 ut
1441 1429 1474 1459 et
1487 1425 1524 1458 in
1551 1435 1675 1459 usum
1703 1423 1781 1457 boni

418 1489 451 1518 et
484 1485 519 1517 in
551 1484 678 1528 speci
687 1492 749 1517 em
778 1486 901 1529 populo
925 1485 1004 1520 sint.
1036 1485 1130 1519 Flor.
1154 1485 1222 1529 111,
1246 1484 1303 1519 13.
1337 1490 1376 1519 ut
1397 1496 1464 1518 non
1486 1485 1522 1518 in
1547 1495 1696 1526 usum,
1727 1484 1778 1517 ita

416 1545 465 1578 ad
494 1544 629 1588 imperii
657 1544 847 1588 speciem
870 1555 1004 1589 magna
1028 1545 1168 1578 nomina
1192 1545 1375 1589 acquisisse
1395 1544 1572 1588 pulchrum
1589 1549 1692 1588 atque
1719 1543 1779 1577 de-

417 1615 543 1638 corum.
568 1603 912 1646 coum—Possedit,
935 1604 1025 1645 quod
1042 1604 1101 1637 hic
1115 1603 1266 1638 (lesendit
1281 1613 1303 1637 a
1322 1603 1470 1647 posside,
1493 1614 1526 1638 V.
1542 1603 1582 1637 F.
1606 1604 1649 1638 A.
1670 1603 1778 1637 Wolf.

414 1665 458 1707 ud
482 1663 572 1698 Tac.
598 1664 683 1698 Anu.
715 1665 766 1703 11,
793 1663 838 1703 5,
861 1663 895 1697 3.
926 1663 1056 1697 Hei-tel.
1088 1663 1133 1697 ad
1166 1662 1287 1707 Agric.
1318 1674 1348 1699 c.
1381 1662 1516 1705 XVIII,
1540 1663 1633 1710 med.
1653 1674 1686 1707 p.
1707 1661 1778 1703 36„

414 1735 481 1758 non
504 1727 555 1758 est
578 1723 731 1767 accepit,
754 1726 792 1757 ut
820 1721 973 1766 nangius
994 1722 1161 1766 explicat,
1181 1722 1240 1756 sed
1270 1722 1470 1766 occupem&
1493 1722 1539 1770 εξ.
1562 1722 1698 1765 XVIII,
1721 1722 1777 1757 11.

416 1784 539 1817 Persae
562 1795 585 1816 a
606 1782 807 1827 parentibus
829 1781 979 1826 digressi
997 1783 1175 1826 possedere
1198 1793 1242 1816 ea
1263 1783 1359 1823 loca,
1393 1791 1482 1826 quae
1503 1793 1668 1826 proxuma
1691 1782 1777 1816 Gar-

413 1843 594 1888 thaginem
627 1842 795 1877 Numidia
825 1841 1043 1885 appellatum·
1072 1841 1156 1876 ibid.
1189 1844 1222 1885 §.
1254 1842 1308 1876 12.
1341 1841 1502 1884 XLVIII,
1533 1840 1568 1876 3.
1598 1844 1634 1876 et
1662 1841 1776 1876 Tacit.

415 1903 502 1936 Anu.
526 1903 630 1943 XIV,
653 1902 721 1944 21,
747 1901 780 1936 1.
896 1904 898 1906 ’
1451 1913 1458 1918 ·

506 2021 616 2056 XVII.
639 2023 672 2063 §.
703 2021 736 2055 1.
755 2024 790 2055 et
809 2021 842 2057 2.
868 2022 937 2056 Res
957 2022 1131 2065 postulare
1151 2019 1287 2056 videtur
1304 2039 1347 2046 —
1362 2020 1540 2064 exponere]
1564 2018 1775 2053 Infinitivum

414 2091 455 2118 ex
479 2081 654 2124 postulare
678 2085 797 2125 aptum
819 2081 981 2117 Gerlach.
1004 2091 1067 2124 pro
1090 2080 1224 2124 poetica
1246 2082 1416 2114 structura
1440 2080 1565 2120 habet,
1593 2078 1776 2113 immemor

350 2136 355 2140 ’
414 2140 590 2184 praecepti
607 2139 661 2174 sui
673 2164 682 2182 ,
709 2140 753 2173 ad
770 2140 870 2174 Catil.
892 2141 931 2183 V,
950 2140 984 2181 4.
1006 2141 1210 2174 Commentt.
1228 2151 1261 2183 p.
1279 2139 1335 2172 44.
1354 2139 1540 2183 propositi,
1573 2138 1774 2173 Sallustium

415 2199 557 2244 poeticis
577 2199 755 2235 structuris
778 2211 917 2243 prorsus
939 2199 1120 2234 abstinere.
1175 2199 1254 2243 Qua
1275 2199 1408 2232 ratione
1430 2201 1506 2243 post
1528 2199 1634 2234 verbu
1655 2199 1774 2233 volun-

415 2259 494 2293 tatis
516 2263 578 2294 uut
598 2259 734 2294 consilii
757 2259 945 2295 infinitivus
969 2259 1068 2293 nobis
1089 2258 1226 2302 quidem
1256 2259 1388 2302 positus
1419 2258 1598 2299 videatur,
1625 2257 1774 2292 diximu·

413 2319 457 2351 ud
483 2319 559 2353 Cat.
585 2318 660 2360 LII,
682 2319 743 2354 24.
767 2331 800 2363 p.
817 2319 897 2354 273.
920 2320 966 2355 οἳ.
989 2320 1065 2364 Ing.
1095 2319 1191 2360 XIX,
1217 2318 1251 2352 2.
1276 2320 1344 2352 alio
1365 2329 1618 2363 properare
1642 2322 1775 2361 tempus

415 2383 540 2412 monet.
566 2378 680 2413 Tacit.
704 2380 792 2414 Ann-
815 2381 882 2422 VI,
907 2378 974 2422 45,
997 2379 1031 2413 4.
1078 2380 1196 2417 Macro
1218 2379 1466 2423 impulerat
1487 2377 1635 2412 Enniam
1657 2387 1774 2411 amore

415 2439 571 2471 iuvenem
595 2438 787 2477 illicere.
810 2441 880 2482 XI,
906 2439 971 2480 29,
994 2441 1078 2472 extr.
1113 2439 1295 2472 Narcissus
1318 2439 1406 2473 duas
1437 2437 1574 2482 pellices
1598 2446 1772 2481 perpu-

414 2497 473 2531 lit
503 2498 710 2532 delationem
745 2500 870 2534 subire.
902 2500 949 2535 cf.
981 2497 1129 2541 Ruperti
1161 2498 1207 2532 ad
1240 2499 1340 2532 eund.
1366 2498 1436 2539 xl,
1458 2498 1491 2532 1.
1514 2495 1770 2530 Drakenborch.

412 2555 456 2589 ad
486 2556 562 2589 Liv.
598 2557 781 2600 XXXVII,
814 2559 881 2600 49,
913 2558 948 2593 7.
979 2557 1028 2594 id.
1061 2558 1142 2599 XL,
1173 2557 1240 2600 38,
1271 2558 1306 2593 3.
1345 2557 1517 2592 Cornelius
1554 2560 1588 2589 et
1619 2555 1771 2588 Baebius

413 2616 672 2657 edixerunt,
693 2618 840 2664 Ligures
855 2620 898 2652 ab
915 2619 1025 2653 Anido
1046 2619 1212 2652 montibus
1229 2617 1515 2652 descendere.
1535 2615 1768 2650 Rudtlimunn.

353 2696 359 2703 ,
412 2677 535 2710 Institt.
565 2677 721 2711 Grumm.
755 2678 801 2714 T,
835 2678 880 2711 11.
905 2689 938 2721 p.
962 2678 1042 2712 235.
1058 2679 1267 2712 Ramshorn.
1285 2677 1441 2710 Gramm.
1464 2676 1540 2710 Lat.
1565 2674 1598 2718 §.
1620 2672 1700 2708 168.
1725 2673 1767 2706 Β.

409 2735 441 2770 2.
468 2739 536 2770 not.
561 2734 593 2772 4.
619 2747 651 2779 p.
674 2736 752 2772 429.
779 2755 820 2763 —
846 2737 914 2770 Pro
926 2739 1155 2781 frequentata
1179 2736 1314 2771 imSen.
1337 2735 1371 2771 2.
1395 2736 1517 2770 neusa.
1534 2738 1570 2768 et
1587 2733 1710 2767 Vrutis.
1732 2732 1766 2766 2.
