1826 3276
408 187 465 228 62
589 204 598 213 ’
774 185 819 229 G.
847 148 1415 231 SALLth-TlicRISPI

411 313 499 357 que
526 305 700 358 tempus
729 299 785 341 ad
815 305 1045 356 utramque
1078 315 1172 344 rem
1207 301 1481 358 decernitur,
1519 302 1599 347 sed
1624 309 1767 348 matu—

410 393 498 437 rius
538 394 594 436 ad
629 394 861 452 pecuniam
904 393 1260 438 distribuendam.
1339 396 1503 456 Reguli
1533 397 1700 442 interea
1723 398 1768 441 in

377 489 510 531 3loca
543 489 795 547 propinqua
827 487 1038 531 thesauris
1070 488 1176 532 alius
1213 490 1299 533 alio
1340 505 1610 536 concessere.
1673 492 1767 536 Sed

407 582 639 641 Hiempsal
670 583 713 626 in
747 583 917 641 oppido
955 583 1190 627 Thirmida
1221 585 1334 628 forte
1373 586 1463 630 eius
1501 587 1638 630 domo
1667 593 1767 631 ute-

406 677 560 730 batur,
600 678 674 735 qui
703 693 942 737 proxumus
971 679 1097 722 lictor
1115 680 1357 740 Iugurthae
1377 695 1503 725 carus
1531 687 1766 741 acceptus-

407 786 495 829 que
525 773 565 815 ei
589 788 764 832 semper
795 772 961 826 fuerat3
993 789 1123 832 quem
1152 776 1224 819 ille
1251 791 1354 822 casu
1377 754 1618 834 ministrum
1638 777 1766 820 oblass

404 872 498 910 tum
528 868 754 927 promissis
784 874 938 912 onerat
968 868 1271 928 impellitque,
1308 871 1369 914 uti
1397 876 1622 929 tamquam
1642 886 1764 915 suam

403 1001 507 1036 stium
532 1002 723 1046 scripsisse:
746 1004 782 1036 in
797 1004 919 1048 oppido
944 1004 1074 1038 Cirta
1099 1006 1323 1040 Numidae
1338 1009 1434 1049 forte
1457 1008 1530 1041 eius
1550 1010 1616 1041 etc.
1638 1006 1765 1040 nullius

402 1061 506 1104 pretii
530 1067 602 1103 est,
634 1074 744 1105 neque
776 1065 885 1098 uliam
918 1065 1175 1108 probabilitatis
1205 1066 1354 1109 speciem
1375 1067 1490 1101 habet.
1533 1065 1666 1109 Quodsi
1683 1066 1765 1109 quid

401 1120 437 1154 in
461 1132 498 1154 re
520 1126 662 1156 narrata
695 1124 914 1158 obscuritatis
946 1124 1051 1165 inest,
1082 1125 1172 1168 quod
1205 1137 1272 1159 non
1295 1125 1514 1170 negaverim,
1537 1124 1573 1158 id
1595 1137 1664 1159 nou
1685 1125 1764 1159 Sal-

400 1180 506 1215 lustio
530 1181 748 1215 tribuendum
772 1187 874 1226 puto,
907 1184 965 1217 sed
996 1195 1119 1228 parum
1150 1185 1352 1229 perspicuae
1373 1185 1622 1226 Numidarum,
1644 1195 1666 1219 a
1688 1184 1764 1228 qui-

400 1241 466 1275 bus
487 1242 575 1275 haec
597 1242 743 1284 habuit,
766 1243 967 1277 narrationi.

491 1303 524 1343 §.
550 1301 584 1335 3.
627 1313 814 1346 proxumus
844 1303 956 1347 lictor]
980 1303 1078 1347 Apud
1103 1305 1278 1338 Romanos
1299 1305 1471 1347 proximus
1494 1305 1592 1339 lictor
1614 1304 1763 1340 vocaba—

397 1364 456 1395 tur
477 1361 526 1403 is,
559 1362 619 1405 qui
647 1362 683 1395 in
716 1363 804 1395 serie
833 1362 1062 1397 incedentium
1096 1364 1236 1397 ultimus
1271 1367 1362 1405 erat,
1386 1363 1628 1408 magistratum
1649 1365 1762 1409 ipsum

397 1421 613 1464 praecedens.
638 1432 669 1454 v.
706 1423 798 1456 Cort.
824 1423 868 1456 ad
890 1424 926 1456 h.
949 1423 972 1456 1.
1005 1424 1179 1457 Drakenb.
1211 1423 1254 1457 ad
1280 1424 1354 1457 biv·
1378 1425 1502 1464 XXIV,
1524 1423 1582 1465 44,
1598 1424 1653 1458 1⁰.
1670 1425 1762 1468 Lips.

395 1481 506 1515 Elect.
527 1482 555 1523 Ι,
579 1481 635 1516 23.
684 1481 753 1515 Sed
783 1493 888 1526 quum
921 1483 1089 1517 Romanis
1119 1483 1220 1516 valde
1249 1483 1417 1517 usitatum
1445 1487 1531 1517 esset
1559 1495 1624 1517 sua
1645 1484 1761 1529 magi-

396 1543 567 1575 stratuum
590 1543 759 1576 vocabula
780 1543 824 1576 ad
858 1543 946 1576 alios
969 1544 1113 1586 populos
1137 1543 1342 1584 transferre,
1374 1554 1442 1586 quo
1472 1542 1621 1577 similem
1655 1544 1761 1577 modo

395 1612 471 1634 rem
492 1601 744 1646 significarent,
769 1603 954 1637 Sallustius
978 1603 1104 1636 lictoris
1127 1601 1264 1635 nomine
1284 1602 1390 1636 latius
1410 1606 1546 1645 patente
1567 1602 1718 1646 aliquem
1741 1614 1763 1638 ο

395 1672 540 1695 numero
573 1662 780 1702 satellitum,
814 1664 872 1705 qui
906 1662 1111 1706 Iugurtham
1142 1661 1301 1694 comitari
1331 1661 1506 1702 solebant,
1527 1661 1676 1707 intelligi
1698 1674 1760 1698 vo-

394 1722 486 1763 luit,
505 1725 543 1756 ut
566 1727 659 1757 recte
680 1722 839 1756 viderunt
868 1723 989 1765 intprr.
1035 1721 1213 1754 Proximus
1235 1720 1344 1764 igitur
1365 1732 1465 1754 sensu
1478 1719 1608 1764 pariter
1626 1722 1760 1757 variato

393 1784 444 1815 est
467 1781 515 1822 is,
547 1781 607 1824 qui
631 1793 715 1826 prae
737 1782 858 1816 ceteris
878 1781 1068 1826 Iugurthae
1089 1792 1143 1814 res
1173 1781 1316 1814 curabat
1337 1784 1371 1814 et
1394 1780 1535 1825 negotia
1554 1783 1758 1826 exsequeba-

393 1843 465 1875 tur.
487 1861 534 1866 —
565 1841 635 1883 Εἰ,
670 1843 760 1886 quod
785 1842 820 1875 in
843 1842 919 1876 Vin.
946 1842 981 1876 2.
1007 1846 1084 1886 post
1106 1852 1238 1884 semper
1260 1839 1406 1884 legitur,
1433 1850 1455 1873 a
1477 1841 1592 1875 Guelf.
1618 1841 1652 1876 3.
1675 1853 1758 1876 vero

392 1901 508 1943 abest,
540 1902 676 1935 Curtius
701 1901 839 1935 delevit.
888 1902 988 1944 Quod
1018 1911 1230 1945 quamquam
1250 1903 1380 1933 temere
1401 1901 1531 1934 factum
1546 1903 1618 1942 est,
1642 1905 1758 1935 tamen

395 1972 476 1995 cum
500 1962 688 1995 Gerlachio
720 1971 787 1994 non
817 1960 961 1994 dixerim
985 1960 1110 1993 omisso
1142 1959 1342 2003 pronomine
1361 1964 1592 2001 „structuram
1615 1961 1758 1996 durissi-

391 2032 490 2056 mam
499 2024 522 2041 ‘⁵
544 2021 640 2063 fieri,
663 2032 751 2064 quae
774 2024 865 2055 certe
888 2031 955 2054 non
979 2019 1098 2053 durior
1121 2023 1172 2052 est
1194 2029 1298 2062 quam
1321 2019 1355 2052 in
1372 2023 1532 2062 sequente
1552 2030 1675 2062 versu,
1697 2021 1758 2055 ubi

392 2082 544 2117 oblatum
567 2081 640 2115 sine
663 2080 779 2114 dativo
803 2081 971 2120 habetur,
1003 2081 1062 2113 aut
1084 2078 1120 2111 iu
1143 2078 1185 2112 iis
1208 2078 1372 2122 exemplis
1402 2090 1492 2123 quae
1513 2079 1692 2124 tetigimus
1713 2081 1756 2115 ad

391 2153 422 2176 c.
446 2142 475 2183 1,
498 2141 532 2178 8.
556 2145 589 2175 et
612 2141 654 2175 ad
680 2141 756 2174 Cat.
781 2139 837 2182 LI,
860 2139 916 2173 28.
962 2139 1029 2173 Sed
1053 2139 1165 2172 voluit
1179 2138 1219 2173 V.
1239 2140 1280 2172 1).
1305 2139 1400 2172 haud
1420 2139 1522 2173 dubie
1545 2140 1658 2174 dicere
1679 2151 1757 2175 sen-

391 2202 520 2239 tentiae
542 2200 819 2245 perspicuitatem
841 2199 1054 2243 aliquantum
1076 2198 1281 2242 pronomine
1303 2198 1475 2232 adiuvari.
1505 2199 1655 2234 Gravius
1676 2211 1755 2244 pec-

392 2265 514 2296 carunt
535 2262 701 2304 Bipontt„
732 2259 791 2304 qu‘i
826 2260 858 2293 ei
888 2259 931 2292 ad
955 2259 1193 2302 Hiempsalem
1214 2258 1388 2301 referunt,
1418 2261 1456 2292 ut
1478 2259 1529 2293 ita
1551 2270 1672 2294 caussa
1694 2261 1755 2294 ad-

391 2322 513 2363 datur,
534 2333 595 2354 cur
617 2319 748 2354 lictoris
772 2320 874 2353 domo
897 2330 978 2352 usus
1001 2318 1055 2352 sit.
1104 2317 1173 2351 Sed
1197 2323 1437 2361 praeterquam
1460 2319 1549 2362 quod
1572 2320 1754 2355 sententia·
1814 2343 1819 2349 -

390 2394 470 2418 rum
491 2393 598 2415 nexus
620 2379 715 2426 cogit
738 2381 826 2414 haec
848 2380 890 2412 de
913 2379 1085 2423 Iugurtha
1106 2378 1311 2422 intelligere,
1335 2383 1454 2422 aperte
1474 2383 1644 2424 repugnat
1659 2383 1754 2422 forte

390 2443 624 2482 vocabulum,
660 2452 728 2484 quo
758 2439 944 2474 Sallustius
973 2449 1129 2472 caussam
1163 2438 1359 2482 significare
1390 2438 1509 2473 voluit,
1542 2456 1585 2465 —
1621 2439 1685 2474 Ille
1709 2440 1752 2473 ad

391 2502 547 2546 proxime
576 2505 811 2545 antegressum
835 2510 957 2532 nomen
981 2499 1131 2532 relatum
1154 2496 1408 2532 illustravimus
1429 2497 1471 2530 ad
1497 2497 1572 2532 Cat.
1597 2499 1699 2540 XLV,
1717 2498 1760 2534 2.r

391 2573 427 2606 p.
450 2561 531 2595 2⁰5.
549 2579 595 2585 —
630 2561 806 2594 Promissis
832 2570 1024 2593 onerare
1059 2564 1110 2591 est
1142 2559 1301 2591 maximis
1324 2557 1515 2602 promissis,
1548 2567 1636 2599 quae
1659 2569 1752 2592 sum-

393 2631 491 2656 mum
514 2619 612 2663 quasi
633 2621 764 2664 pondus
787 2620 938 2653 habeant
959 2619 1002 2652 ad
1023 2619 1305 2661 persuadendum,
1331 2622 1469 2651 tentare.
1515 2616 1651 2664 Curtius
1672 2627 1750 2651 con-

393 2681 474 2715 tulit
495 2681 571 2714 Liv.
598 2679 721 2720 XXIV,
747 2679 803 2720 13,
826 2677 860 2711 4.
909 2679 1086 2712 Hannibal
1108 2683 1326 2711 oneratos
1348 2676 1544 2721 ingentibus
1565 2676 1751 2720 promis-

395 2741 464 2775 sis
496 2741 630 2775 domum
664 2732 778 2773 redire
811 2739 926 2780 iubet,
958 2738 1020 2773 ubi
1062 2738 1164 2781 plura
1194 2736 1364 2781 congessit
1394 2735 1607 2770 Gebhardus.
1639 2734 1750 2770 Tacit.
