1826 3276
314 217 321 238 ,μ
383 191 468 232 55⁰
744 185 790 228 c,
820 185 1137 228 SALLUSTI
1168 184 1387 228 cfllsm

346 303 476 348 8fuit.
545 302 693 356 Atque
735 298 823 342 hoc
857 299 1020 343 utinam
1061 313 1089 342 a
1119 299 1337 359 principio
1369 301 1449 344 tibi
1481 301 1741 360 pIacuisset!
1777 317 1779 321 ’

385 396 588 457 profecto
633 406 688 437 ex
722 394 894 453 populo
935 394 1140 438 Romano
1180 393 1240 438 ad
1274 394 1363 438 hoc
1397 400 1571 455 tempus
1607 397 1743 440 multo

386 491 516 551 plura
543 489 662 532 bona
691 488 951 548 accepisses,
985 504 1119 548 quam
1145 490 1261 533 mala
1287 504 1525 550 perpessus
1560 505 1622 537 ες.
1653 491 1747 535 Sed

389 653 525 677 sensum
548 644 736 682 assecutus:
779 642 888 676 Recte
911 641 1003 675 enim
1025 641 1083 676 isti
1106 642 1263 677 viderunt
1284 643 1477 677 amicorum
1498 643 1635 678 laudem
1656 642 1752 677 houd

389 702 569 737 commode
591 701 635 734 ad
659 701 884 744 praeteritum
907 706 1040 745 tempus
1065 701 1208 742 referri,
1243 702 1302 736 sed
1332 703 1384 736 rei
1405 702 1613 748 gravitatem
1635 707 1753 746 postu-

390 763 483 803 lare,
516 765 555 795 ut
590 760 690 794 Sulla
721 765 937 804 praesentem
968 771 1089 795 eorum
1117 772 1218 794 usum
1246 763 1399 796 oxtoIIat.
1445 763 1491 797 Et
1512 773 1595 797 sane
1616 762 1668 796 ita
1689 767 1752 796 est.

390 821 458 855 Sed
480 820 644 864 quoniam
666 820 708 853 de
730 821 899 855 Romanis
920 820 1003 864 ipsis
1026 821 1187 864 loquens,
1217 833 1306 866 quae
1327 822 1438 858 oratio
1463 827 1514 856 est
1534 823 1695 866 postulat,
1718 821 1755 856 iu

390 880 592 925 generalem
621 880 823 914 sententiam
854 879 997 922 transit,
1025 881 1140 915 verbis
1170 882 1328 925 cuiquam
1359 882 1507 916 omnium
1529 882 1755 923 declaratam,

391 951 434 974 eo
459 940 592 973 factum
614 942 684 982 est,
706 945 745 975 ut
761 942 835 984 fait
858 943 1019 984 poneret,
1041 941 1132 984 quod
1154 952 1220 975 non
1244 942 1386 985 perfecti
1407 942 1444 976 vi
1466 944 1517 976 est
1537 940 1755 985 capiendum,

392 1000 452 1035 sed
485 999 556 1041 ita,
591 1002 630 1033 ut
658 998 774 1033 valeat
805 1009 875 1033 esse
909 1000 1015 1041 solet,
1045 1000 1088 1034 de
1117 1011 1187 1044 quo
1215 1012 1279 1035 usu
1301 1002 1452 1036 diximus
1472 1002 1516 1036 od
1538 1013 1569 1036 c.
1592 1003 1700 1043 XVII,
1722 1001 1757 1036 6.

394 1072 429 1105 p.
453 1055 532 1094 1⁰5.
1224 1048 1230 1055 Ι
1682 1084 1685 1087 v

485 1121 518 1162 §-
550 1117 585 1152 8.
633 1128 674 1152 ex
695 1118 820 1161 populo
844 1117 970 1160 Rom]
1016 1119 1085 1162 Pro
1109 1130 1149 1152 ex
1170 1120 1248 1163 pop.
1273 1131 1384 1165 accep.
1405 1123 1540 1164 poterat
1562 1122 1666 1156 etiam
1689 1120 1760 1154 dici

396 1190 419 1212 a
441 1189 520 1222 pop.
544 1178 748 1221 accepisses,
771 1188 981 1221 quamquam
1004 1189 1072 1212 non
1099 1178 1177 1223 pari
1199 1180 1301 1222 piane
1321 1190 1432 1221 sensu,
1455 1184 1494 1214 ut
1515 1180 1650 1219 Cottius
1671 1181 1758 1214 vult.

394 1239 483 1273 Nam
508 1250 531 1271 a
553 1237 762 1282 praepositio
786 1238 964 1272 Romanos
994 1238 1091 1272 iubet
1118 1244 1275 1274 auctores
1295 1239 1465 1273 bonorum
1487 1244 1522 1275 ot
1543 1241 1680 1274 datores
1702 1251 1761 1274 co·-

395 1299 522 1344 gitari3
548 1309 588 1332 ea·
610 1298 847 1332 tantummodo
869 1298 1015 1343 originis
1037 1302 1072 1332 et
1095 1299 1193 1342 quusi
1208 1300 1321 1341 fontis
1339 1299 1624 1344 significationum
1645 1301 1763 1342 habet,

397 1359 487 1393 unde
507 1358 570 1392 illa
591 1359 684 1391 bono.
706 1357 846 1391 fluxisse
866 1357 1069 1402 cogitentur,
1104 1358 1163 1401 qui
1187 1370 1267 1392 usus
1289 1369 1311 1392 a
1335 1360 1437 1392 rebus
1461 1360 1515 1403 (v.
1537 1361 1581 1394 ad
1605 1361 1706 1394 Catil.
1731 1371 1761 1395 c.

398 1418 477 1460 ΧΠ,
500 1417 554 1461 2.)
580 1417 623 1451 ad
647 1405 809 1460 personas
829 1420 881 1449 est
903 1417 1100 1450 translatus.
1123 1418 1169 1450 cf.
1193 1418 1309 1452 Hand.
1332 1418 1376 1451 de
1398 1420 1549 1454 Particc.
1571 1420 1662 1453 Latt.
1684 1419 1762 1453 Vol.

397 1478 443 1512 ll.
470 1489 504 1521 p.
526 1476 606 1510 620.
631 1478 663 1519 §-
687 1476 743 1510 13.
767 1480 802 1510 et
824 1488 858 1520 p.
881 1476 962 1510 622.
994 1478 1026 1518 §-
1050 1474 1106 1510 15.
1138 1477 1242 1510 Catil.
1264 1489 1297 1511 c.
1320 1478 1391 1520 ml,
1415 1479 1472 1512 16.
1517 1479 1555 1512 Sa·
1574 1480 1765 1523 periculum

399 1549 447 1572 es:
468 1537 573 1571 illis
596 1537 728 1570 metuit.
752 1537 828 1580 lug.
852 1537 931 1577 XX,
956 1536 988 1569 1.
1037 1536 1173 1570 Certum
1195 1542 1306 1579 ratas,
1330 1538 1420 1581 qnod
1443 1549 1494 1572 ea*
1514 1539 1676 1572 amicis
1696 1549 1766 1572 ac-

399 1610 417 1631 c
430 1601 607 1640 eperat.
627 1616 672 1622 -
697 1595 880 1638 Perpessus
903 1606 964 1636 es,
987 1606 1198 1639 quamquam
1220 1607 1262 1630 ex
1284 1597 1359 1631 solo
1381 1597 1484 1639 Misn.
1507 1590 1681 1632 enototum
1703 1602 1766 1640 est,

401 1655 457 1689 cui
485 1666 591 1698 prope
617 1654 749 1688 accedit
771 1655 882 1688 Palat.
908 1654 942 1688 4.
962 1660 1014 1689 est
1029 1655 1204 1698 exhibens,
1228 1644 1469 1699 praeeuntibus
1482 1657 1583 1702 Bipp.
1601 1661 1635 1692 et·
1649 1659 1767 1693 Fabro

401 1714 603 1758 scripsimus
623 1725 684 1757 pro
701 1714 845 1758 vulgata
864 1714 1018 1748 omnium
1032 1725 1140 1758 paene
1159 1716 1256 1749 codd.
1277 1715 1423 1750 lectione
1437 1728 1615 1761 perpessus
1637 1728 1766 1752 esses.

403 1775 494 1809 Nam
517 1774 592 1818 quis
615 1785 683 1807 non
714 1773 827 1814 videt,
852 1773 1007 1818 Sullam,
1042 1775 1220 1809 hominem
1250 1776 1556 1818 facundissimum,
1589 1777 1704 1821 inepte
1726 1788 1769 1811 ac

403 1845 545 1878 prorsus
575 1833 702 1868 insulse
731 1834 776 1868 ad
804 1834 983 1868 Bocchum
1016 1833 1084 1868 sibi
1113 1834 1366 1869 conciliandum
1387 1836 1455 1870 hoc
1476 1840 1680 1882 argumento
1703 1838 1768 1882 uti,

404 1898 443 1928 ut
465 1893 571 1927 dicat:
597 1893 627 1927 si
651 1892 713 1926 illc
733 1894 973 1928 Romanorum
991 1893 1182 1929 amicitiam
1199 1898 1335 1930 secutus
1348 1899 1451 1940 esset,
1475 1897 1631 1931 futurum
1652 1897 1770 1939 fuisse,

407 1957 445 1987 ut
468 1958 502 1987 et
524 1953 632 1994 bona,
664 1958 708 1987 et
730 1954 847 1987 mala
871 1957 912 1987 ex
930 1954 978 1988 iis
999 1955 1165 1998 haberet,
1200 1956 1259 1989 sed
1291 1956 1382 1990 bona
1406 1957 1531 2000 plura!
1565 1957 1633 1991 Sed
1664 1969 1770 2001 quum

405 2015 498 2048 bona
522 2015 654 2055 cultae,
686 2014 781 2047 mala
801 2015 983 2059 neglectae
1005 2013 1243 2050 Romanorum
1273 2015 1448 2050 amicitiae
1470 2017 1645 2059 ostendat,
1683 2029 1771 2060 quo-

407 2085 486 2109 rum
509 2074 573 2108 ina
591 2074 758 2118 potuisset
780 2075 934 2118 accipere
957 2074 1135 2116 Bocchus,
1167 2075 1236 2108 nisi
1257 2075 1371 2110 alieno
1393 2076 1508 2111 animo
1524 2077 1661 2120 fuisset,
1683 2078 1772 2111 hoec

407 2145 530 2169 revera
549 2145 730 2179 perpessus
748 2140 836 2178 erat,
860 2134 942 2178 quia
958 2133 1066 2168 hostis
1080 2135 1167 2177 suit,
1191 2134 1419 2169 multitudinis
1441 2136 1609 2170 bonorum
1632 2148 1674 2172 ac
1696 2148 1772 2171 ma·-

409 2195 524 2228 Iorum
549 2195 763 2238 comparatio
781 2205 847 2228 non
871 2197 984 2238 potest
1003 2205 1043 2228 ea·
1059 2204 1166 2237 aequo
1184 2193 1328 2236 institui,
1351 2195 1410 2229 sed
1430 2199 1523 2230 recta
1544 2194 1635 2230 ratio
1656 2201 1771 2240 postu-

409 2255 480 2297 lat,
511 2254 675 2298 quoniam
706 2254 741 2288 in
773 2255 881 2289 altera
911 2257 1009 2297 parte
1039 2253 1082 2286 de
1098 2256 1202 2296 facta
1226 2266 1284 2298 re,
1317 2255 1453 2299 nonpdc
1475 2256 1628 2300 cogitata
1650 2260 1710 2291 aut
1731 2268 1773 2290 ex

411 2314 609 2348 condicione
630 2325 794 2361 suspensa
817 2313 947 2359 agitur,
970 2316 1009 2346 ut
1030 2312 1200 2347 scribatur
1219 2325 1398 2358 perpessus
1422 2325 1468 2348 es.
1512 2316 1687 2351 Librarius
1709 2327 1774 2351 au-

412 2378 484 2407 tem
515 2374 688 2408 diversam
721 2373 899 2417 utriusque
932 2372 1080 2406 membri
1117 2377 1280 2407 naturam
1311 2385 1379 2407 non
1410 2374 1632 2419 intellexisse,
1671 2380 1775 2420 atque

413 2437 552 2478 propter
574 2435 759 2478 accepisses
781 2434 886 2487 etiam
908 2432 1084 2477 scripsisse
1108 2444 1205 2477 perp.
1237 2445 1361 2468 esses
1382 2444 1450 2468 non
1473 2439 1525 2469 cst
1545 2435 1684 2470 mirum.

505 2495 539 2535 §-
562 2492 597 2527 9.
643 2494 873 2530 humanarum
893 2504 1007 2528 reram
1029 2510 1075 2517 -—-
1094 2494 1273 2538 pleraque]
1320 2494 1372 2527 De
1393 2493 1545 2535 ratione,
1568 2504 1640 2537 qua
1659 2495 1776 2538 plera-

414 2564 479 2596 que
503 2553 547 2586 ad
571 2564 684 2586 rerum
704 2554 862 2594 refertur,
885 2564 918 2587 v.
944 2556 1111 2588 annotata
1133 2555 1176 2588 ud
1199 2566 1228 2587 c.
1259 2554 1348 2595 xm,
1381 2553 1414 2589 l.
1441 2571 1487 2579 --
1509 2549 1579 2587 Cat*
1595 2554 1777 2592 scilicelt

414 2613 570 2656 pllacui
578 2623 648 2647 sse
677 2616 792 2649 tenent
821 2615 898 2648 Vnt.
922 2614 971 2648 Ἀ.
1002 2614 1078 2647 Pal.
1110 2613 1142 2647 1.
1173 2613 1283 2649 Paris.
1307 2625 1336 2647 c.
1359 2625 1393 2647 x.
1411 2618 1446 2647 ἰ.
1465 2615 1662 2658 'complures
1684 2613 1775 2649 Itan.

418 2675 453 2706 et
475 2672 616 2714 Leidd.;
648 2683 754 2716 prope
784 2674 947 2708 accedunt
975 2674 1054 2708 Sen.
1077 2674 1110 2708 1.
1136 2678 1170 2708 et
1194 2673 1310 2708 Guelf.
1333 2674 1379 2715 1.,
1401 2673 1461 2716 qui
1483 2674 1611 2708 habent
1626 2674 1775 2718 placuis-

417 2736 492 2772 θοις
514 2731 549 2766 in
572 2732 694 2767 ceteris
716 2736 766 2767 est
785 2735 917 2778 placuit
938 2740 998 2769 aut
1019 2734 1239 2779 complacuit,
1274 2745 1314 2768 cx
1336 2733 1598 2778 interpolatione
1617 2731 1777 2767 librario-
