1826 3276
482 172 1166 218 IUGURTHA.·GA1’.GIII.
1309 226 1311 231 X
1434 178 1522 220 εὖτ

123 300 216 353 q'uo
244 291 464 359 Iugurtha
495 292 714 354 perfugas
746 292 888 337 omnis
922 291 1198 353 praesidium
1226 291 1516 353 imposuerat.

121 391 245 436 Tum
281 406 432 435 rursus
457 390 688 445 Bocchus,
723 405 804 434 seu
834 390 1106 451 reputando,
1142 405 1260 450 quae
1291 390 1374 436 sibi
1403 391 1557 436 duo-2

118 525 261 568 stitisse,
283 524 308 561 i.
331 535 363 559 ο.
387 523 632 559 tantummodo
661 524 864 570 transfugas
896 524 933 558 in
964 522 1139 567 praesidio
1161 522 1282 559 fuisse.
1328 524 1520 560 Commode

118 587 236 622 Faber
258 585 478 630 comparavit
501 585 578 620 Liv-
603 585 664 626 lx,
689 585 746 627 13,
770 585 804 620 6.
852 585 1036 620 Exercitus
1058 585 1150 621 alter
1173 596 1250 618 cum
1273 585 1415 630 Papirio
1437 598 1516 621 con-

117 648 194 682 sule
218 652 428 691 pervenerat
450 648 565 691 Arpos
584 657 652 691 per
675 647 831 681 omnia
852 652 1006 691 pacata,
1030 646 1124 689 quod
1147 656 1216 679 non
1241 645 1292 681 ita
1314 651 1365 682 est
1387 647 1519 682 intelli-

117 708 286 754 gendum,
309 707 411 752 quasi
433 707 606 742 exercitus
629 719 693 752 per
715 708 853 749 omnia,
883 717 974 752 quae
995 712 1128 752 pacata
1154 712 1276 749 erant,
1301 707 1427 750 iverit,
1458 709 1519 743 sed

118 781 180 804 om
192 771 292 812 nia,
315 780 381 814 per
404 780 495 814 quae
517 769 694 810 iverit,
727 768 838 803 fuisse
859 772 997 812 pacata.
1021 767 1070 802 ib.
1096 767 1144 809 V,
1168 766 1226 809 14,
1249 766 1284 802 5.
1332 769 1519 815 Religione

117 831 262 867 attoniti
297 831 452 865 homines
481 830 651 875 patricios
680 842 831 865 omnes
861 831 1019 864 tribunos
1043 829 1194 863 militum
1219 831 1393 864 consulari
1423 835 1517 875 pote-

117 897 211 928 state
233 903 410 936 creavere,
437 892 499 926 ubi
522 903 639 926 omnes
661 902 729 925 non
749 892 908 926 obsolute
931 893 1065 935 spectat
1087 890 1131 924 ad
1155 890 1345 934 patricios,
1374 891 1433 925 sed
1457 903 1518 925 nn-

117 953 206 989 tioni
238 953 433 999 praedicati
464 954 620 988 tribunos
651 953 724 987 mil.
758 963 919 986 creavere
954 951 1173 997 astringitur.
1222 951 1339 987 Tacit.
1371 953 1459 987 Anu.
1487 953 1518 995 1,

69 1029 80 1039 =
117 1015 177 1057 42,
199 1014 235 1050 4⁴.
283 1015 388 1049 Hunc
409 1026 476 1061 ego
499 1015 662 1049 nuncium
685 1015 785 1059 patri
803 1016 901 1048 laeta
925 1015 1074 1048 omnia
1099 1013 1181 1047 aliis
1205 1024 1223 1047 e
1242 1014 1429 1058 provinciis
1452 1026 1518 1048 au—

117 1076 230 1111 dienti
245 1075 395 1120 feram?
423 1077 448 1112 i.
472 1088 504 1111 e.
528 1076 585 1110 cui
609 1076 739 1118 omnia,
764 1087 855 1121 quae
879 1076 1000 1120 audit,
1025 1077 1120 1110 laeta
1143 1079 1234 1117 suut,
1254 1086 1335 1116 non,
1359 1074 1422 1119 qui
1445 1086 1519 1108 om-

116 1139 200 1180 nia,
233 1149 323 1183 quae
353 1139 449 1172 laeta
483 1141 584 1180 sunt,
619 1137 746 1172 audin
775 1138 864 1172 Utro
888 1141 1009 1172 autem
1033 1138 1138 1172 modo
1162 1136 1274 1171 omnis
1296 1146 1365 1169 vox
1388 1135 1520 1170 intelli—

117 1199 235 1246 genda
257 1199 315 1242 sit,
339 1210 409 1233 non
433 1210 476 1233 ex
497 1198 589 1240 loco,
613 1210 682 1243 quo
701 1198 814 1243 posita
840 1202 902 1242 est,
928 1202 1035 1244 patet,
1059 1199 1119 1232 sed
1144 1209 1186 1231 ex
1209 1209 1301 1232 nexu
1324 1201 1358 1231 et
1382 1197 1518 1232 ratione

117 1259 310 1296 sententiae
332 1259 483 1294 iudicari
507 1259 619 1294 debet.
644 1279 691 1286 —-
730 1260 810 1295 Vim
834 1260 1026 1295 accusativi
1047 1260 1266 1305 praesidium
1289 1270 1359 1293 nou
1381 1248 1518 1303 capien-

115 1325 171 1357 tes
191 1320 329 1356 librarii
353 1321 389 1355 in
412 1321 532 1356 StruV.
557 1314 597 1355 et*
617 1321 734 1358 Guelf.
758 1322 792 1356 4.
823 1322 1030 1356 addiderunt
1053 1322 1122 1363 ad,
1152 1321 1188 1355 iu
1212 1321 1310 1355 Vrat.
1337 1320 1370 1354 1.
1396 1320 1516 1354 Guelf.

115 1383 173 1418 1⁰.
201 1382 298 1420 Leid.
320 1382 364 1416 D.
389 1382 430 1416 F.
454 1382 496 1417 N.
523 1382 737 1427 scripserunt
756 1384 950 1428 praesidio,
982 1383 1136 1416 barbare
1169 1381 1331 1426 quidem,
1366 1382 1426 1415 sed
1450 1392 1519 1414 non

115 1444 232 1480 alieno
256 1455 369 1480 sensu.
419 1443 640 1478 Praesidium
662 1444 756 1478 enim
780 1455 850 1479 non
872 1444 966 1478 nuda
988 1446 1042 1478 est
1065 1442 1249 1487 appositio,
1275 1442 1334 1477 sed
1358 1442 1520 1488 integrae

115 1504 369 1540 annunciationis
388 1504 465 1539 vim
487 1505 647 1547 sustinet,
671 1516 742 1549 qua
755 1505 843 1549 finis
865 1505 923 1539 vel
944 1504 1122 1538 consilium
1142 1503 1356 1549 designetur,
1375 1509 1520 1548 propter

116 1567 211 1611 quod
234 1565 350 1608 actio,
372 1566 465 1600 unde
487 1567 614 1611 pendet
637 1565 880 1607 accusativus,
913 1565 1075 1600 instituta
1097 1565 1177 1600 fuit.
1223 1565 1354 1600 Sensus
1375 1569 1428 1600 est
1447 1565 1522 1610 igi-

116 1631 194 1663 tura
218 1639 290 1672 quo
313 1627 483 1673 perfugas
505 1630 644 1662 tantum
668 1627 904 1671 imposuerat,
937 1631 977 1661 ut
1000 1626 1041 1660 hi
1063 1626 1131 1660 soli
1153 1627 1371 1671 praesidium
1395 1628 1520 1672 agita-

117 1694 208 1725 rent.
254 1690 361 1724 Hunc
383 1687 576 1723 accusativi
597 1699 712 1729 usum,
735 1687 997 1731 quodammodo
1016 1691 1206 1733 cognatum
1230 1699 1311 1723 cum
1334 1688 1521 1723 notissima

116 1752 308 1786 verborum
324 1750 502 1795 faciendi,
527 1750 682 1793 creandi,
711 1749 904 1795 deligendi,
928 1749 1110 1791 similium,
1130 1753 1319 1791 structura,
1343 1749 1418 1784 iam
1439 1749 1521 1784 teti-

116 1812 172 1859 git
201 1812 242 1847 F.
276 1812 319 1846 A.
354 1811 505 1846 Wolfius
536 1811 580 1845 ad
614 1809 733 1845 Taciti
761 1809 909 1852 Amul,
941 1809 977 1855 3,
1007 1810 1043 1845 l.
1089 1813 1272 1858 Augustus
1294 1811 1520 1846 subsidia

117 1873 435 1910 dominationi
467 1873 593 1907 Claud.
628 1872 836 1907 Marcellum
866 1872 1078 1917 pontificatu
1111 1878 1146 1909 et
1177 1873 1290 1908 curuli
1321 1871 1520 1915 aedilitate,

117 1936 171 1970 M.
194 1935 392 1981 Agrippam
414 1935 606 1981 geminatis
638 1934 872 1968 consulatibus
904 1933 1047 1976 extulit,
1071 1933 1134 1968 ubi
1157 1945 1278 1969 sensus
1300 1938 1371 1970 est:
1394 1935 1522 1970 extulit

118 2007 191 2040 eos,
222 2000 264 2032 ut
294 1995 455 2035 subsidia
483 1997 596 2029 essent
634 1993 876 2031 dominationi.
906 1994 998 2029 Ibid.
1028 1995 1058 2037 1,
1084 1993 1143 2038 3⁰,
1167 1995 1201 2030 1.
1253 1997 1430 2040 Quosdam
1452 1996 1520 2042 ipsi

74 2056 82 2068 ‘
117 2057 292 2102 manipuli
322 2057 647 2092 documentum
674 2056 804 2100 fidei
833 2057 1036 2100 tradidere,
1068 2055 1094 2092 i.
1120 2068 1150 2091 e.
1174 2061 1215 2092 ut
1237 2058 1435 2093 document.
1458 2058 1519 2095 fid.

119 2122 246 2153 essent.
269 2117 360 2153 md.
386 2117 476 2159 XII,
498 2115 558 2159 32,
587 2116 621 2151 4.
673 2117 817 2153 Colonia
840 2118 1120 2153 Camulodunum
1143 2119 1329 2154 deducitur
1350 2120 1387 2154 in
1410 2130 1520 2166 agros

119 2178 508 2225 captivos‚,wbsidi
516 2189 580 2212 um
612 2178 781 2214 adversus
812 2180 975 2222 rebelles,
1010 2179 1035 2214 i,
1067 2191 1098 2214 e.
1131 2185 1172 2215 ut
1202 2181 1394 2216 subsidium
1419 2187 1519 2219 esset.

118 2240 198 2278 IaiV.
222 2241 250 2283 1,
273 2239 310 2283 8,
333 2238 367 2275 5.
415 2239 585 2274 Romulus
609 2240 742 2282 locum,
775 2241 837 2286 qui
860 2252 953 2275 nunc
977 2247 1098 2287 septus
1121 2242 1405 2277 descendentibus
1427 2242 1520 2278 inter

119 2301 206 2336 duos
229 2302 324 2336 lucos
347 2306 412 2344 est,
435 2301 610 2345 asylum
634 2302 794 2346 aperuit,
829 2302 854 2337 i.
889 2314 920 2337 e.
951 2306 992 2338 ut
1013 2304 1155 2349 asylum
1178 2307 1280 2339 esset.
1329 2303 1417 2338 Sall.
1439 2304 1520 2351 lug.

119 2363 286 2406 va‚.2.
334 2363 627 2398 Contumeliosum
643 2364 761 2407 soret,
788 2365 820 2398 si
843 2365 976 2409 equites
999 2365 1153 2400 Romani
1175 2366 1415 2400 satellites
1440 2365 1519 2400 Nu·-

118 2425 238 2460 midae
261 2425 499 2460 traderentur.
547 2426 654 2459 Hunc
676 2425 870 2470 accusativi
897 2436 1000 2460 usum
1025 2426 1220 2460 luculenter
1242 2430 1445 2471 persecutus
1467 2431 1520 2462 est

119 2486 213 2532 Aug.
245 2486 484 2522 Grotefendus
514 2485 551 2520 in
582 2486 744 2522 Gramm.
777 2487 855 2522 Lat.
889 2488 999 2532 ampl.
1030 2488 1108 2522 vol.
1140 2488 1186 2522 Π.
1218 2490 1251 2531 §.
1275 2486 1356 2523 384.
1387 2491 1458 2524 not.
1483 2488 1519 2524 2.

119 2559 154 2592 p.
175 2546 260 2582 293.

213 2610 247 2652 §-
268 2607 304 2643 2.
353 2608 497 2653 rursus]
542 2597 644 2643 Haec
672 2619 742 2642 vox
774 2619 857 2642 cum
888 2608 1023 2654 delegit
1049 2609 1158 2643 verbo
1181 2610 1366 2646 coniuncta
1387 2614 1520 2655 spectat

120 2669 166 2704 ad
188 2681 220 2704 c.
251 2670 334 2714 011,
365 2669 400 2706 2.
431 2670 494 2705 ubi
516 2673 699 2706 narratum
718 2668 788 2704 fuit
810 2670 993 2704 Bocchum
1016 2670 1091 2705 iam
1114 2671 1252 2717 legatos
1275 2672 1319 2706 de
1341 2682 1427 2716 pace
1449 2672 1519 2706 mi-

120 2730 217 2766 sisse.
242 2751 288 2757 -—
310 2731 402 2766 Ante
424 2732 535 2766 verba
557 2743 618 2766 seu
640 2731 836 2776 reputando
859 2731 896 2765 in
918 2731 1105 2775 permultis
1128 2733 1228 2767 codd.
1258 2732 1376 2777 inepta
1399 2733 1520 2778 glossa

119 2792 252 2838 legitur
266 2783 447 2838 feliciter,
477 2803 584 2838 quam
608 2792 748 2828 eortius
778 2792 963 2828 verissime
986 2793 1074 2828 vidit
1097 2805 1140 2828 eo
1164 2797 1301 2835 ortam,
1333 2794 1424 2837 quod
1450 2793 1519 2828 ali-
