1826 3276
349 168 407 207 88
712 165 756 206 C.
787 163 1100 205 SALLUSTI
1129 165 1345 209 CRISPI

355 292 511 321 rerum*
541 276 833 321 humanarum
881 290 986 318 eura
1026 277 1210 322 oriatur!
1254 295 1311 323 ne
1343 280 1442 339 ille,
1488 282 1564 338 qui
1596 296 1712 325 nunc

359 372 594 416 sceleribus
631 372 715 415 suis
750 371 876 413 ferox
909 375 1040 426 atque
1086 374 1335 430 praeclarus
1382 379 1469 430 est,
1513 376 1714 420 omnibus

358 466 481 510 malis
536 465 805 508 excruciatus
851 464 1086 522 impietatis
1135 467 1182 510 in
1225 474 1454 526 parentem
1496 474 1716 527 nostrum,

357 559 500 613 {ratris
528 559 614 602 mei
647 558 765 601 necis
802 572 1088 617 mearumque
1122 562 1393 606 miseriarum
1426 564 1572 622 gravis
1605 578 1714 623 poe-

294 660 434 699 22nas
469 652 640 696 reddet.
704 653 885 696 lamiam
926 653 1085 713 frater,
1129 657 1274 700 animo
1316 672 1416 701 meo
1462 658 1716 714 carissume‚

359 763 627 806 quamquam
669 748 750 791 tibi
795 748 1038 795 immaturo
1083 755 1126 794 et
1168 751 1287 795 unde
1332 753 1526 797 minume
1571 753 1720 798 decuit

357 909 446 944 illud
467 909 636 943 monitum
669 908 712 942 ad
737 909 812 943 Cat.
846 921 878 942 c.
900 909 968 951 LI,
991 910 1025 944 7.
1062 923 1096 959 p.
1118 910 1198 945 239.
1222 932 1267 938 —
1293 914 1516 948 Transvorsos
1546 919 1636 958 agat
1659 925 1718 947 ex-

357 968 524 1012 plicatum
547 974 598 1004 est
621 969 664 1002 ad
687 981 716 1005 c.
740 970 797 1010 Vl,
821 968 853 1003 3.
870 988 915 994 —
934 970 981 1004 Et
1001 975 1077 1014 post
1099 972 1204 1005 verba
1227 972 1361 1006 Cottius
1382 967 1473 1007 male
1495 972 1606 1015 eiecit,
1623 973 1720 1007 codd.

357 1028 536 1070 omnibus,
559 1033 694 1073 praeter
713 1029 818 1063 Fabr.
842 1029 877 1063 2.
898 1033 932 1063 et
951 1030 1090 1064 Vratisl.
1111 1031 1157 1071 1.,
1180 1032 1460 1076 repugnantibus.
1476 1051 1518 1058 —
1539 1033 1610 1075 Me,
1632 1032 1721 1075 quod

355 1087 392 1122 in
414 1089 487 1121 cod.
512 1089 653 1122 Eccard.
676 1100 743 1122 non
774 1089 922 1133 legitur,
955 1090 1091 1123 Cortius
1124 1091 1299 1135 eleganter
1322 1093 1442 1125 abe-*se
1465 1095 1585 1135 putat3
1607 1093 1664 1126 sed
1688 1103 1721 1125 v·

357 1148 400 1182 ad
423 1148 525 1181 Catil.
561 1160 580 1181 c
618 1149 755 1189 XXXI,
778 1149 812 1182 7.
846 1159 879 1192 p.
906 1150 984 1183 147.
1034 1150 1236 1184 Structurae
1264 1151 1493 1194 expediendae
1527 1161 1647 1185 caussa
1687 1151 1722 1183 in

355 1207 530 1241 nonnullis
550 1209 645 1241 codd.
671 1213 749 1241 ante
761 1210 903 1253 fingere
925 1209 1078 1242 additum
1102 1213 1152 1243 est
1174 1210 1313 1250 dicunt,
1337 1210 1378 1243 de
1401 1222 1468 1253 quo
1490 1210 1723 1254 intorpolatio-

355 1266 410 1300 nis
431 1278 558 1311 genere
578 1267 728 1300 diximus
753 1268 796 1300 ad
821 1267 923 1301 Catil.
946 1281 976 1302 c.
1002 1270 1095 1311 XXI,
1120 1269 1152 1303 3.
1184 1280 1219 1311 p.
1244 1269 1321 1303 106.
1355 1270 1400 1303 cf.
1425 1271 1501 1314 lug.
1525 1281 1555 1303 c.
1581 1270 1671 1310 vlu,
1689 1271 1721 1302 l.

356 1344 403 1352 —·
429 1326 659 1368 Quodutinam
683 1327 933 1361 illustravimus
964 1328 1007 1361 ad
1035 1329 1137 1363 Catil.
1172 1330 1224 1371 11,
1247 1330 1282 1363 2.
1316 1342 1348 1373 p.
1371 1330 1426 1365 10.
1460 1330 1583 1374 quibus
1606 1330 1724 1364 confer

355 1397 445 1430 quae
477 1385 558 1420 Otto
582 1387 625 1419 ad
659 1387 728 1420 Cic.
754 1387 797 1420 de
821 1387 919 1421 Finn.
942 1388 978 1429 1,
1001 1388 1067 1428 20,
1090 1388 1147 1421 (3⁷.
1178 1389 1441 1433 diligentissime
1470 1390 1643 1431 contulit‚'
1667 1389 1724 1423 cui

356 1449 471 1481 tamen
482 1447 666 1480 concedere
687 1458 828 1490 nequeo,
851 1448 941 1491 quod
963 1447 998 1480 in
1021 1447 1077 1480 his
1101 1447 1296 1492 significare
1311 1461 1351 1482 ex
1370 1454 1449 1484 ante
1472 1450 1571 1483 dictis
1592 1449 1724 1493 aliquid

356 1505 485 1549 colligi.
531 1506 704 1540 Nonnulla
732 1507 839 1540 huius
871 1510 1061 1540 structurae
1090 1509 1247 1551 exempla
1279 1508 1383 1542 etiam
1414 1509 1609 1543 Gronovius
1639 1520 1724 1542 con-

357 1564 466 1609 gessit
495 1565 538 1597 ad
562 1565 639 1600 Liv.
672 1567 814 1607 xxvn,
838 1566 871 1608 ⁷,
891 1567 924 1600 6.
950 1566 1008 1609 qui
1022 1568 1118 1600 locus
1138 1571 1252 1600 tamen
1275 1566 1350 1611 ipse
1365 1568 1497 1602 alicnus
1514 1573 1575 1610 est,
1598 1569 1725 1612 quippe

357 1622 418 1656 ubi
447 1624 535 1668 quod
567 1636 631 1668 pro
667 1626 749 1669 quia
781 1625 930 1669 positum
961 1626 1015 1660 sit.
1060 1626 1193 1659 Ibidem
1227 1626 1421 1660 Gronovius
1450 1628 1541 1661 hunc
1571 1627 1725 1663 Sallustii

354 1682 470 1716 locum
500 1684 643 1718 laudans
672 1685 789 1719 invitis
821 1685 979 1719 omnibus
1014 1686 1114 1718 codd.
1152 1686 1271 1718 eadem
1295 1687 1358 1719 sic
1390 1698 1452 1730 pro
1475 1687 1594 1720 eadem
1617 1688 1725 1721 haec

355 1742 461 1776 scribi
486 1743 578 1784 vult,
610 1747 703 1777 recte
726 1755 748 1777 a
771 1744 888 1787 Coi-tio
911 1745 1101 1786 refutatus,
1133 1744 1191 1787 qui
1214 1746 1329 1779 multa
1350 1747 1509 1789 exempla
1530 1746 1621 1780 idem
1645 1757 1726 1790 pro-

356 1801 504 1836 nominis
538 1813 618 1836 cum
647 1804 911 1838 demonstrativo
942 1802 1113 1837 coniuncti
1147 1805 1284 1848 attulit,
1317 1806 1411 1840 velut
1445 1806 1519 1840 Cat.
1542 1806 1668 1848 xxxl,
1691 1796 1724 1842 4.

355 1860 415 1904 LI,
439 1860 472 1894 7.
499 1861 623 1904 Lvm,
649 1862 705 1898 10.
741 1863 883 1908 Fragm.
916 1863 1066 1897 Historr.
1090 1864 1148 1905 111,
1170 1864 1226 1906 22,
1252 1865 1307 1900 27.
1335 1866 1410 1901 Liv.
1431 1867 1490 1907 ΠΙ,
1514 1865 1571 1907 14,
1593 1865 1627 1902 5.
1653 1866 1723 1900 cic..

356 1921 445 1964 Epp.
477 1922 522 1956 ad
553 1922 688 1955 Fanum.
724 1923 797 1965 vn,
825 1923 882 1964 1⁷,
908 1923 963 1957 1⁰.
995 1923 1037 1956 de
1060 1923 1160 1957 Finn.
1186 1925 1225 1965 V,
1248 1924 1305 1966 27,
1328 1924 1384 1959 80.
1410 1925 1451 1958 de
1475 1924 1545 1958 off.
1569 1926 1612 1966 11,
1635 1925 1668 1966 1,
1690 1925 1725 1959 3.

357 1980 436 2015 Alia
458 1991 494 2015 v.
517 1982 608 2025 apud
640 1968 855 2027 Herzogium
888 1983 931 2016 ad
963 1983 1058 2016 Caes·
1093 1983 1137 2016 Β.
1163 1983 1206 2016 G.
1233 1985 1305 2027 vn,
1328 1983 1385 2026 15,
1411 1984 1444 2018 1.
1463 2002 1506 2011 --
1529 1985 1724 2029 Aliquando

356 2050 441 2090 eum!
467 2039 504 2073 vi
535 2041 663 2075 dictum
695 2045 746 2075 est
781 2043 919 2076 tandem
943 2043 1047 2087 aliq.‚·
1081 2054 1115 2076 v.
1140 2043 1182 2076 ad
1206 2054 1235 2076 c.
1262 2043 1369 2087 Lxu,
1392 2044 1425 2077 1.
1446 2062 1492 2070 --
1518 2044 1570 2078 Ne
1600 2046 1657 2078 ille
1680 2062 1726 2069 -

357 2094 480 2134 reddet
503 2100 680 2134 verissime
694 2112 715 2135 a
740 2101 859 2135 Curtio
881 2102 1068 2146 repositum
1090 2113 1153 2145 pro
1170 2103 1315 2147 vulgato
1337 2108 1383 2137 ut
1404 2105 1464 2138 ille
1485 2124 1522 2130 —
1547 2105 1724 2146 reddat,

356 2171 447 2204 quae
469 2161 654 2194 verborum
687 2161 886 2206 depravatio
916 2162 953 2196 in
976 2161 1121 2205 proclivi
1154 2162 1239 2204 fuit,
1273 2174 1379 2206 quum
1412 2164 1546 2198 librarii
1568 2164 1626 2198 his
1648 2176 1726 2199 con-

357 2220 458 2255 tineri
481 2225 656 2255 censerent
679 2221 784 2263 illud,
819 2222 909 2265 quod
932 2221 1112 2255 Adherbal
1147 2232 1230 2254 cura
1253 2222 1393 2266 deorum
1418 2223 1581 2257 effectum
1604 2235 1726 2268 preca-

356 2283 462 2315 retur.
509 2280 576 2315 Sed
601 2293 707 2324 quum
729 2282 805 2316 Vnt.
828 2281 869 2317 A.
893 2281 1015 2315 Nazar.
1041 2281 1223 2314 Einsiedel.
1238 2282 1356 2330 Paris.
1389 2294 1421 2318 a.
1444 2295 1474 2317 z.
1507 2284 1608 2318 Rern.
1639 2284 1672 2318 4.
1693 2287 1726 2318 et

355 2341 467 2375 Paris.
492 2342 527 2375 b.
550 2353 585 2375 m
624 2353 692 2376 sec.
716 2352 778 2386 pro
798 2345 837 2376 ut
859 2341 1043 2375 exhibeant
1066 2352 1119 2382 nc,
1144 2341 1233 2384 quod
1258 2342 1363 2376 etiam
1388 2343 1512 2379 Reuss.
1534 2347 1568 2378 ot
1586 2343 1700 2377 Sen.2
1714 2369 1724 2385 ‚

355 2400 392 2435 in
415 2401 540 2445 quibus
573 2406 623 2435 est
654 2407 694 2436 ut
723 2413 788 2443 ne,
823 2401 1037 2445 aliquantum
1071 2401 1295 2443 confirmant,
1319 2406 1412 2446 patet
1433 2403 1539 2437 talem
1562 2414 1635 2436 esse
1657 2403 1725 2437 Ad-

355 2461 511 2497 herbalis
534 2462 747 2504 orationem,
771 2466 807 2495 ut
831 2464 950 2505 optato
972 2459 1069 2493 finito
1093 2461 1298 2500 confidenter
1320 2463 1442 2504 addat,
1472 2464 1622 2506 prosectu
1645 2473 1726 2506 poe-

358 2532 419 2556 nas
442 2522 610 2555 scelerum
641 2520 804 2554 daturum
827 2521 1058 2565 Iugurtham,
1090 2521 1119 2555 si
1143 2521 1243 2555 modo
1263 2521 1311 2555 dii
1334 2532 1449 2565 preces
1472 2531 1551 2554 suas
1573 2521 1726 2556 audiant.

356 2580 422 2615 cni
444 2580 629 2614 sententiae
648 2580 734 2613 adeo
766 2585 940 2626 repugnat
961 2573 1219 2623 coniunctivus,
1250 2585 1290 2615 ut
1312 2580 1503 2615 necessario
1526 2580 1631 2614 etiam
1654 2580 1726 2614 sine

354 2639 453 2683 libris
487 2641 608 2675 reddet
634 2640 853 2674 scribendum
887 2642 950 2682 sit3
981 2641 1183 2686 praesertim
1213 2652 1318 2685 quum
1348 2640 1398 2674 ita
1420 2643 1577 2685 assurgat
1602 2640 1725 2692 oratio,

354 2703 393 2741 ut
414 2700 556 2740 tratrem
581 2702 757 2736 mortuum
787 2702 953 2744 tanquam
974 2703 1186 2744 praesentem
1209 2701 1415 2744 alloquatur.
1462 2699 1559 2735 Nihil
1591 2703 1643 2735 est
1664 2698 1726 2736 au-
