1826 3276
485 173 861 218 IUGURTHA.
920 174 1050 219 CAP.
1080 174 1168 218 CH.
1431 178 1518 221 549

121 293 220 338 nior
253 296 405 336 nostra
439 291 653 346 amicitia3
678 293 900 353 primum,
937 292 1063 352 quod
1096 291 1257 353 procul
1284 291 1512 354 absumus,

118 391 164 435 in
191 405 282 449 quo
321 388 523 434 offensae
558 390 816 448 minimum,
866 391 1015 451 gratia
1049 405 1157 450 par,
1204 405 1256 434 ac
1292 390 1328 435 si
1362 406 1511 452 prope

117 488 374 533 adessemus
385 481 402 541 ς’
450 487 578 547 dein,
629 487 756 546 quod
797 488 996 548 parentis
1042 486 1223 532 abunde
1274 486 1511 549 habemus,

116 587 363 631 amicorum
389 599 546 643 ‘neque
574 585 702 630 nobis
737 600 886 644 neque
922 585 1132 644 cuiquam
1172 585 1372 630 omnium
1407 587 1509 632 satis

21 794 42 805 χ
111 778 208 815 mere
229 770 325 802 certe
349 765 560 801 Gerlachius
581 765 766 811 vulgatam
790 764 946 807 retinuit,
974 768 1105 801 temere
1131 765 1271 801 Curtius
1294 779 1318 802 α
1337 767 1511 814 principio
1540 799 1543 804 .

111 834 147 864 et
165 829 289 864 melius
310 828 420 862 verba
444 826 585 869 delevit,
610 826 707 872 inopi
728 825 896 870 servavit,
921 829 1052 862 temere
1070 827 1250 873 Bipontini
1271 828 1369 874 inopi
1387 830 1512 866 melius

108 891 147 926 in
169 890 381 936 reipublicae
403 891 598 923 mutarunt.
634 906 678 912 —
720 888 794 931 Que
817 888 982 932 copulam
1007 891 1116 925 tutius
1139 889 1384 934 comparativo
1407 891 1510 927 addi-

109 955 182 988 tam
209 963 279 987 uon
300 951 409 986 habet
430 951 505 985 luc.
530 951 568 987 2.
590 949 708 984 Guell’.
732 948 767 983 7.
793 949 926 990 Goerl„
951 949 1150 998 horumque
1173 951 1243 985 fide
1267 949 1396 988 delevit
1420 953 1509 988 Cor-

107 1013 196 1058 tius‚
219 1023 290 1047 non
311 1015 492 1047 assecutus
516 1009 796 1051 enunciationes,
821 1008 948 1053 quibus
970 1011 1250 1046 antecedentium
1273 1013 1366 1048 ratio
1390 1014 1509 1049 reddi-

107 1077 186 1116 tur,
218 1074 423 1120 saepissime
445 1084 508 1118 per
530 1073 697 1125 copulam
721 1070 897 1116 prioribus
921 1071 1078 1114 annecti3
1110 1083 1145 1109 v.
1171 1078 1337 1110 annotata
1360 1076 1405 1111 ad
1430 1077 1507 1114 Cat,

106 1136 202 1178 xlx,
224 1134 260 1170 2.
283 1139 319 1170 et
344 1135 390 1170 ad
413 1135 491 1180 lug.
515 1136 559 1177 II,
586 1134 620 1169 3.
645 1146 681 1178 p.
707 1132 765 1168 11.
805 1132 1035 1176 Germanias,
1068 1133 1105 1168 in
1137 1135 1191 1169 ed.
1226 1135 1310 1172 mai.
1345 1137 1506 1172 Curtium

103 1202 262 1242 secutus,
295 1196 332 1231 in
356 1183 565 1231 Commentt.
590 1207 624 1240 p.
658 1194 739 1229 329.
763 1193 798 1228 id
823 1193 916 1228 male
939 1193 1070 1228 factum
1096 1195 1297 1239 profitetur3
1322 1197 1506 1234 nihilomi-

103 1270 168 1293 nus
191 1258 228 1293 iu
251 1258 304 1292 ed.
327 1258 539 1300 novissima,
572 1255 674 1302 quasi
699 1253 766 1289 sibi
802 1253 964 1297 illudens,
987 1255 1031 1289 ad
1057 1255 1183 1290 falsam
1206 1258 1420 1302 scripturam
1447 1270 1503 1294 re-

104 1320 167 1355 dit.
215 1319 327 1355 Cortii
350 1320 561 1355 auctoritate
583 1320 750 1362 deceptus
774 1316 881 1350 etiam
904 1315 998 1361 Aug.
1024 1317 1257 1353 Grotefendus
1281 1319 1316 1353 in
1342 1320 1502 1355 Gramm.

100 1381 178 1416 Lat„
207 1381 315 1425 ampl.
341 1381 418 1414 Vol.
443 1381 490 1415 11.
512 1391 545 1424 p.
571 1377 651 1414 354.
675 1380 708 1420 §-
731 1376 815 1411 444.
836 1380 906 1411 not.
931 1378 1022 1420 rati,
1057 1381 1149 1422 quod
1181 1381 1332 1414 verbum
1363 1382 1502 1418 finitum

101 1449 164 1484 est,
188 1453 251 1486 pro
275 1441 464 1487 participio
490 1441 619 1484 habet,
635 1437 711 1484 'per
742 1437 1002 1484 negligentiam
1026 1440 1208 1485 scriptoris
1230 1441 1308 1475 si-ve
1330 1454 1393 1487 per
1415 1454 1501 1479 ana-

99 1502 296 1538 coluthiam
327 1504 506 1548 quandam
535 1502 581 1537 ad
611 1511 739 1536 nomen
771 1497 891 1534 dativo
926 1500 1078 1543 positum
1117 1503 1243 1537 relato.
1268 1523 1311 1529 —
1351 1505 1405 1538 De
1427 1505 1503 1540 ratu·

99 1563 229 1610 plurali
250 1564 295 1598 ad
318 1572 443 1599 vocem
465 1565 593 1609 populo
613 1564 792 1607 spectante
814 1571 850 1594 v.
874 1560 920 1594 ad
943 1572 974 1595 c.
998 1562 1074 1604 XV,
1098 1561 1131 1597 1.
1155 1575 1190 1608 p.
1211 1562 1270 1607 93,
1293 1564 1375 1600 coll.
1394 1565 1500 1600 XCV.

100 1625 134 1661 1.
151 1643 196 1652 -
225 1625 423 1660 Volentibus
441 1625 563 1659 eodem
582 1624 688 1658 modo
711 1622 898 1667 respondet
918 1622 1057 1666 coactis,
1084 1626 1250 1667 utsupra
1274 1626 1375 1662 adm.
1402 1628 1499 1671 xm,

98 1685 135 1721 2.
156 1698 192 1732 p.
214 1686 274 1722 66.
297 1672 536 1721 voluntate‘et
558 1685 595 1719 vi
616 1683 748 1728 opponi
770 1682 996 1718 ostendimus.

165 1750 225 1792 ‘§.
249 1747 285 1785 7.
334 1747 426 1793 quod
461 1746 596 1791 procul]
644 1745 715 1780 Pro
748 1744 840 1789 quod
873 1742 1032 1777 nonnulli
1065 1743 1164 1780 codd.
1189 1745 1319 1789 Cortii,
1351 1747 1435 1782 Bas.
1463 1748 1498 1783 1.

96 1810 204 1845 Bern.
226 1809 261 1844 3.
285 1808 320 1843 4.
343 1807 457 1843 Paris.
480 1808 516 1843 b.
541 1806 669 1841 (ἔθει-1.·
684 1806 790 1841 Misn.
814 1804 931 1839 Berol.
958 1805 990 1838 1.
1011 1807 1046 1838 et
1063 1803 1211 1840 Taurin.
1230 1807 1364 1843 habent
1388 1809 1467 1853 qui
1474 1821 1497 1844 a

94 1883 163 1917 pn,
189 1870 387 1915 pariterque
408 1870 527 1904 statim
552 1871 631 1913 post
652 1879 717 1912 pro
741 1868 821 1902 dein
845 1865 961 1912 quod
991 1864 1027 1898 in
1051 1865 1129 1900 vat.
1155 1867 1199 1901 A.
1223 1868 1305 1903 Bas.
1329 1869 1363 1903 1.
1387 1870 1494 1905 Bern.

96 1932 131 1968 4.
154 1931 267 1967 Paris.
291 1931 326 1965 b.
351 1943 382 1965 z.
406 1932 526 1965 Berol.
551 1931 584 1964 1.
609 1930 729 1964 Goerl.
755 1932 790 1963 et
821 1928 926 1962 Misn.
951 1929 1003 1960 est
1026 1927 1106 1961 dein
1131 1929 1253 1973 quia3
1279 1931 1339 1965 sed
1364 1916 1496 1978 vulga-

95 1989 269 2034 tamrou
298 2003 373 2026 esse
403 1991 664 2026 sollicitandam
697 1990 848 2035 probant
881 1991 1047 2023 annotata
1083 1989 1127 2023 ad
1161 2002 1190 2023 c.
1215 1991 1357 2031 LXXX,
1382 1991 1417 2028 6.
1447 2012 1493 2017 —

98 2054 260 2090 Parentis
282 2053 375 2098 expl.
398 2064 506 2098 supra
530 2054 575 2087 ad
599 2064 627 2086 c.
652 2052 715 2092 111,
739 2051 773 2085 2.
799 2063 833 2095 p.
857 2049 915 2085 16.
939 2069 985 2074 —
1018 2048 1164 2084 Abunde
1188 2051 1327 2087 Curtius
1352 2057 1495 2088 conten-

94 2116 146 2151 dit
168 2116 323 2160 positum
345 2126 423 2149 esse
445 2119 485 2150 ut
502 2126 650 2156 nomen,
675 2113 766 2157 quod
791 2123 915 2146 verum
939 2115 1048 2154 esset,
1072 2111 1102 2145 si
1124 2112 1320 2157 genitivum
1342 2118 1492 2159 regeret.

93 2177 166 2212 nic
188 2176 394 2211 adverbium
419 2180 492 2219 est,
524 2177 616 2221 quod
648 2175 838 2208 vernacula
860 2174 985 2215 reddas
1009 2174 1046 2207 in
1070 2175 1334 2220 ziberflzissigem
1364 2174 1492 2210 Masse.

95 2239 142 2273 cf.
175 2237 293 2272 Hand.
325 2237 368 2271 de
399 2234 551 2269 Particc.
586 2235 663 2270 Lat.
698 2236 776 2270 Vol.
804 2237 831 2270 1.
857 2247 890 2280 p.
915 2235 973 2270 72.
996 2236 1145 2282 Fragm.
1170 2237 1324 2270 Historr.
1348 2236 1409 2278 Ill,
1433 2235 1491 2277 22,

92 2299 151 2335 26.
187 2299 334 2333 'Cuncta
364 2298 548 2341 mutastis,
586 2298 764 2332 abunde
795 2298 1071 2332 libertatem
1106 2299 1225 2342 rati,
1263 2298 1346 2342 quia
1378 2298 1490 2343 tergis

94 2361 301 2402 abstinetur.
350 2360 405 2393 De
437 2357 514 2402 pari
546 2370 612 2392 usu
645 2361 733 2394 satis
766 2359 931 2393 vocabuli
966 2358 1155 2402 disputavit
1178 2360 1231 2395 R.
1255 2358 1430 2402 „Klotzius
1452 2357 1488 2393 in

91 2421 207 2457 Iahuii
231 2420 340 2455 Novis
363 2420 503 2456 Annali.
527 2419 622 2453 Phil.
653 2424 688 2454 et
723 2421 831 2455 Paed.
863 2431 896 2455 a.
921 2419 1025 2455 1833.
1049 2421 1126 2454 Vol.
1154 2421 1244 2454 vm.
1270 2419 1372 2454 Fasc.
1395 2419 1423 2454 Ι.
1450 2432 1488 2464 p.

93 2483 150 2518 16.
177 2483 281 2517 Auct.
305 2482 351 2516 ad
374 2482 526 2515 Herenn.
552 2482 580 2523 1,
604 2481 639 2523 1,
664 2482 698 2517 1.
746 2480 829 2517 Etsi
858 2482 916 2515 vix
950 2482 1066 2516 satis
1090 2482 1230 2516 otium
1253 2480 1367 2515 studio
1391 2491 1487 2525 sup-

91 2544 310 2589 peditare
332 2554 523 2587 possumus.
549 2542 621 2577 Cic.
649 2544 736 2588 Epp.
761 2544 805 2578 ad
829 2543 933 2578 Attio.
959 2543 1048 2585 XII,
1072 2541 1128 2577 15.
1177 2543 1217 2577 Si
1239 2543 1363 2577 satis
1388 2554 1486 2576 con-

92 2606 252 2639 silium
275 2605 430 2650 quadam
465 2605 509 2638 de
540 2615 579 2638 re
613 2604 834 2640 haberem.
865 2624 910 2629 -
950 2603 1032 2637 Fuit
1063 2605 1143 2647 post
1176 2603 1264 2638 satis
1293 2603 1329 2638 in
1363 2603 1482 2637 Struv.

92 2668 188 2701 Vrat.
210 2666 246 2701 2.
271 2666 418 2700 Eccard.
443 2670 480 2700 et
507 2665 623 2699 Guelf.
648 2665 683 2699 7.
709 2668 965 2700 commutatum
990 2664 1163 2708 reperitur
1184 2675 1265 2698 cum
1289 2669 1341 2698 est
1362 2663 1483 2705 verbo,

92 2728 197 2772 plane
219 2728 317 2762 deest
339 2731 460 2762 autem
483 2725 519 2760 in
547 2726 665 2760 Guelf.
689 2725 721 2760 4.
747 2730 783 2761 et
804 2726 912 2770 Neap.
936 2726 993 2767 4„
1030 2736 1101 2770 qua
1124 2725 1254 2771 exigua
1277 2720 1485 2767 auctoritate

90 2787 230 2824 Curtius
249 2776 531 2831 delevig‘minus
555 2787 683 2834 etiam,
694 2798 801 2832 quam
824 2787 878 2822 illi
900 2786 1050 2830 scribae,
1068 2786 1129 2832 qui
1152 2791 1202 2823 cst
1222 2785 1488 2826 substituerunt,
