1826 3276
400 191 481 232 192
753 189 798 231 C.
833 189 1407 236 SALLUSTI'CRISPI.

401 303 463 345 illi
505 300 700 361 iniurias,
744 315 820 345 vos
865 302 1130 361 prohibere3
1178 311 1400 364 postremo
1435 308 1561 354 sociis
1596 309 1751 353 vostris

335 404 390 448 24
402 396 533 440 veluti
559 395 772 449 hostibus,
806 395 1003 442 hostibus
1030 413 1112 457 pro
1141 401 1267 444 sociis
1296 399 1486 449 utuntur.
1546 405 1751 447 Potestne

401 493 446 534 in
498 497 587 533 tam
643 490 823 534 divorsis
877 493 1092 537 mentibus
1142 510 1232 553 pax
1284 501 1379 539 aut
1401 497 1586 541 amicitia
1626 499 1753 542 esse?

336 589 389 630 25
403 587 553 641 Quare
587 600 747 628 moneo
781 584 1024 645 hortorque
1058 603 1159 645 vos,
1203 605 1258 633 ne
1298 596 1465 634 tantum
1500 593 1636 636 scelus
1670 594 1753 636 im-

399 682 600 741 punitum
643 681 859 725 omittatis.
929 683 1031 727 Non
1064 685 1290 743 peculatus
1326 686 1466 729 aerari
1498 686 1640 730 factus
1674 694 1754 744 est,

399 791 545 835 neque
579 790 661 835 per
695 776 781 818 vim
818 776 943 821 sociis
980 768 1157 838 ereptae
1185 766 1420 839 p‘ecuniae3
1457 796 1570 839 quae
1597 796 1754 839 quam-—

402 887 534 931 quam
568 872 718 931 gravia
753 879 875 927 sunt,
922 878 1068 917 tamen
1103 876 1415 920 consuetudine
1448 877 1535 920 iam
1568 891 1653 936 pro
1688 877 1754 920 ni—

401 967 493 1011 hilo
527 966 769 1019 habentur3
804 967 917 1010 hosti
945 982 1171 1013 acerrumo
1198 971 1375 1029 prodita
1402 973 1538 1016 senati
1565 971 1755 1015 auctori-—

401 1068 491 1118 tas,
532 1061 758 1121 proditum
801 1061 1037 1121 imperium
1083 1070 1297 1121 vostrum,
1340 1066 1461 1111 domi
1493 1067 1756 1124 militiaeque

402 1194 535 1226 constat
556 1194 590 1225 et
612 1189 782 1234 audacia,
809 1191 944 1226 Curtius
967 1193 1113 1229 contulit
1133 1194 1252 1238 Lepid.
1277 1195 1312 1229 in
1334 1194 1405 1230 Cic.
1427 1195 1516 1240 Epp.
1539 1196 1616 1239 xm
1638 1195 1696 1238 12,
1719 1194 1754 1230 5.

402 1251 475 1286 cic.
496 1250 533 1285 in
555 1251 652 1286 ven.
668 1250 721 1292 11,
752 1250 819 1293 3⁰,
848 1251 905 1286 74.
925 1252 1034 1291 ,Auci
1057 1254 1101 1289 Β.
1125 1254 1232 1289 Afric.
1255 1245 1289 1289 ci
1307 1255 1362 1290 87.
1395 1255 1548 1290 Gronov.
1569 1255 1612 1289 aa
1635 1254 1755 1289 senec.

401 1311 445 1344 de
467 1310 600 1344 Beneff.
628 1310 693 1351 lv,
716 1309 751 1344 3.
774 1311 903 1346 Duker.
927 1313 971 1346 ad
992 1313 1087 1349 Flor.
1105 1314 1140 1355 1,
1169 1312 1214 1357 8,
1243 1314 1278 1350 7.
1313 1315 1473 1349 Parnm
1495 1322 1546 1350 est
1568 1314 1756 1359 explicavi-

401 1382 479 1406 mus
501 1374 533 1414 §.
556 1370 591 1406 9.
614 1389 660 1395 --
683 1370 814 1405 Deinde
836 1370 861 1405 i.
885 1382 916 1405 e.
939 1372 976 1406 in
999 1376 1186 1416 posterum.
1217 1395 1263 1401 -
1285 1374 1354 1408 Pro
1377 1375 1520 1418 eripitur
1541 1375 1637 1408 codd.
1660 1385 1756 1408 com-

400 1431 515 1476 plures
534 1431 662 1465 habent
684 1431 863 1474 eripiatur,
887 1442 1015 1477 magno
1038 1432 1240 1467 detrimento
1259 1433 1460 1475 sententium
1486 1443 1567 1467 nem
1583 1443 1646 1477 pro
1662 1435 1756 1466 certo

399 1491 496 1537 ponit
509 1491 696 1525 Memmius
711 1491 884 1525 licentiam
899 1491 1111 1536 eripiendam
1126 1503 1219 1533 θεῖος
1242 1493 1286 1526 cf.
1304 1492 1396 1528 infra
1418 1494 1452 1538 §.
1465 1492 1522 1528 26.
1546 1493 1619 1528 cat.
1633 1493 1708 1534 XX,
1721 1491 1755 1526 6.

400 1571 444 1577 —
470 1551 681 1595 Intellegetis
705 1553 817 1585 tenent
835 1551 940 1586 Fabr.
964 1552 992 1586 1.
1015 1551 1095 1588 Sen.
1113 1551 1146 1586 1.
1171 1555 1206 1586 et
1229 1552 1316 1586 Tur.
1336 1553 1392 1594 1.;
1421 1552 1522 1596 pauci
1545 1553 1756 1598 intellegitis,

400 1610 462 1646 alii
495 1611 713 1655 intellig-itis,
745 1610 885 1653 plurimi
917 1612 1132 1656 intelligetis.
1155 1631 1200 1637 —
1233 1612 1313 1656 Est*
1329 1615 1406 1655 post
1428 1623 1504 1656 spes
1525 1606 1689 1646 ominium
1720 1611 1756 1645 in

398 1670 516 1712 Aean„
540 1669 597 1703 cui
624 1669 738 1713 paruit
754 1670 959 1705 cornus.——
983 1671 1088 1704 Sociis
1109 1671 1280 1705 vostris
1303 1670 1502 1714 paucissimi
1524 1674 1638 1706 tenent
1659 1671 1756 1705 codd.

398 1730 562 1774 Plerique
584 1740 701 1763 omnes
723 1730 822 1763 sociis
843 1731 1034 1771 nostris,
1057 1734 1095 1764 ut
1116 1730 1187 1764 iam
1211 1730 1348 1774 saepius
1372 1731 1408 1764 in
1431 1731 1499 1764 hac
1520 1731 1675 1765 oratione
1696 1743 1758 1766 uos

400 1793 435 1824 et
459 1801 518 1823 vos
541 1790 744 1833 pronomina
766 1793 962 1833 permutata
985 1794 1073 1824 sunt.
1121 1789 1190 1824 Sed
1213 1788 1398 1824 Memmius
1418 1791 1540 1824 vostris
1561 1790 1664 1834 dicit,
1688 1802 1756 1834 quo

354 1874 358 1878 -
399 1850 567 1884 maiorem
602 1849 789 1884 maiestatis
820 1861 903 1884 suae
927 1861 1062 1883 sensum
1084 1850 1317 1892 maioremque
1338 1849 1577 1894 indignitatem
1597 1850 1635 1884 in
1657 1851 1757 1894 plebe
1791 1892 1793 1894 μ

405 1909 550 1951 excitet3
575 1909 618 1942 cf.
641 1912 672 1951 §.
694 1908 749 1943 25.
774 1928 820 1934 —-
854 1911 895 1943 In
918 1915 990 1944 tam
1013 1911 1156 1944 divorsis
1182 1910 1350 1944 mentibus
1371 1913 1466 1943 recte
1487 1909 1624 1944 Curtius
1646 1909 1756 1953 expli-

402 1974 459 2004 cat
482 1981 584 2014 quum
612 1974 740 2002 mentes
762 1974 833 2003 tam
858 1970 1014 2004 divorsae
1038 1971 1126 2012 sint3
1169 1970 1212 2003 cf.
1239 1980 1268 2002 c.
1287 1969 1384 2012 XlV,
1415 1968 1447 2003 5.
1471 1974 1506 2004 et
1527 1969 1583 2005 11.
1613 1969 1754 2011 XXXV,

402 2029 436 2063 1.
460 2029 531 2070 LV,
555 2030 588 2063 1.
626 2029 769 2072 LXVII,
792 2029 826 2063 3.
849 2030 1000 2073 LXXIV,
1024 2029 1058 2063 1.
1081 2034 1115 2063 ct
1138 2040 1170 2063 ν.
1195 2029 1239 2062 ad
1262 2028 1333 2062 cat.
1366 2029 1416 2070 ll,
1440 2028 1494 2063 1⁰.
1536 2029 1756 2063 Diversae

397 2094 526 2123 mentes
548 2090 648 2129 sunt,
681 2099 768 2131 quae
790 2100 844 2122 res
867 2090 968 2132 plane
990 2088 1176 2123 contrarias
1197 2091 1403 2131 sequuntur3
1433 2099 1468 2123 v.
1490 2090 1535 2124 nd
1560 2090 1636 2124 Cat.
1655 2091 1695 2131 V,
1720 2090 1755 2124 8.

399 2151 435 2182 et
459 2158 546 2191 quae
571 2146 717 2181 diximus
740 2147 776 2181 in
796 2148 911 2182 Iahnii
931 2148 1068 2182 Annali.
1081 2148 1207 2182 Philol.
1226 2152 1260 2182 et
1280 2149 1431 2193 Paedag.
1455 2159 1487 2185 a.
1503 2149 1603 2184 1829.
1626 2151 1756 2184 V01.11.

399 2208 501 2242 Fasc.
522 2209 550 2242 1.
574 2219 608 2251 p.
630 2206 676 2241 81
684 2219 733 2252 sq.
766 2208 926 2243 Ceterum
942 2207 1085 2251 antiqua
1102 2208 1215 2242 forma
1238 2209 1392 2243 divorsus
1413 2209 1450 2245 h.
1472 2209 1496 2244 l.
1519 2209 1556 2244 in
1579 2210 1696 2246 Guelf.
1719 2210 1754 2245 2.

399 2271 538 2302 servata
560 2270 622 2302 est.

490 2329 522 2369 §.
545 2326 603 2361 25.
650 2326 830 2372 hortorque
862 2328 950 2371 vos]
985 2329 1179 2362 Pronomen
1210 2327 1346 2362 Curtius
1379 2327 1495 2362 omisit
1523 2338 1591 2362 non
1624 2328 1754 2362 monito

399 2387 527 2422 lectore
549 2397 658 2430 neque
680 2387 838 2422 codicum
860 2399 1001 2422 suorum
1022 2388 1194 2431 scriptura
1217 2388 1378 2422 indicata.
1427 2387 1496 2422 Sed
1509 2398 1615 2430 quum
1632 2387 1754 2421 relicui

401 2458 518 2482 omnes
541 2447 729 2489 retineant,
752 2447 932 2491 probabile
956 2452 1007 2482 est
1029 2448 1207 2481 cottianae
1229 2458 1364 2490 quoque
1388 2447 1538 2488 habere,
1571 2449 1606 2480 ct
1638 2458 1754 2480 errore

401 2510 534 2541 tantum
559 2506 697 2541 editoris
720 2509 762 2541 de
785 2507 909 2541 vocula
932 2518 997 2540 non
1021 2511 1243 2541 constare.-
1261 2508 1329 2540 Pro
1346 2497 1520 2546 omittatis,
1543 2505 1632 2548 quod
1648 2517 1755 2548 paene

402 2578 519 2600 omnes
543 2567 640 2600 codd.
666 2571 813 2608 tuentur,
837 2566 872 2600 in
886 2565 993 2600 Vatic.
1011 2566 1050 2600 A.
1066 2569 1099 2599 et
1121 2564 1215 2599 Leid.
1234 2567 1274 2599 F.
1297 2569 1348 2599 est
1371 2565 1563 2605 amittatis‚·
1586 2565 1755 2599 Gruterus

402 2637 486 2660 vero
516 2631 548 2660 et
571 2626 726 2660 Wassins
758 2626 934 2661 ediderunt
964 2626 1167 2667 dimittatis,
1201 2625 1486 2668 quemadmodum
1517 2635 1599 2658 sane
1620 2625 1754 2668 aliqtmt

402 2686 533 2721 Wassii
555 2686 715 2720 exhibere
738 2686 894 2720 videntur
916 2689 950 2720 et
981 2689 1092 2720 exstat
1121 2685 1156 2719 in
1179 2685 1273 2720 Leid.
1296 2685 1338 2719 N.
1379 2683 1446 2718 Sed
1482 2684 1626 2728 vulgata
1654 2683 1753 2717 unice

404 2757 487 2781 vera
508 2750 568 2789 ost,
591 2750 629 2781 ut
650 2749 743 2790 patet
765 2757 807 2779 ex
830 2746 929 2780 dictis
949 2746 992 2780 ad
1015 2746 1049 2779 h.
1067 2757 1096 2780 c.
1121 2748 1153 2788 §.
1171 2744 1225 2778 17.
1252 2763 1295 2768 —
1321 2743 1446 2778 Aerari
1467 2743 1617 2778 formam
1635 2753 1751 2777 serva-
