1826 3276
430 181 803 228 IUGURTHA.
862 181 987 227 CAP.
1010 180 1161 224 LVIII.
1292 242 1294 244 Ι
1401 185 1493 229 315

90 319 180 362 que
219 317 310 366 pro
354 302 554 348 moribus
601 300 863 354 consulunt3
907 299 989 344 alii
1023 298 1211 360 fugere,
1254 298 1328 344 alii
1362 315 1488 345 arma

89 416 278 463 capere,
322 416 490 462 magna
532 415 639 460 pars
674 398 890 444 volnerati
934 402 1011 442 aut
1051 396 1201 443 occisi.
1273 395 1525 443 Ceterun13

89 513 146 544 ex
188 498 312 543 omni
354 497 636 543 multitudine
682 511 774 541 non
817 494 1009 555 amplius
1056 493 1355 556 quadraginta
1388 510 1489 541 me-

87 611 236 641 mores
276 597 467 642 nominis
514 588 712 640 Romani
760 608 907 653 grege
961 592 1084 636 facto
1125 591 1279 637 lecum
1323 609 1489 654 cepere

86 695 243 754 paullo
278 709 415 753 quam
452 693 524 737 alii
550 666 819 745 reditiorem,
856 704 1016 747 ..neque
1061 688 1167 734 inde
1205 706 1415 735 maxuma
1444 691 1490 736 vi

90 780 259 853 depelli
295 791 552 850 quiverunt,
599 787 682 833 sed
728 787 819 831 tela
863 787 1037 831 eminus
1069 786 1203 831 missa
1242 789 1488 844 remittere,

86 890 223 949 pauci
257 888 303 934 in
336 889 542 949 pluribus
569 886 716 931 minus
751 884 972 939 frustrati3
1007 885 1075 930 sin
1109 884 1338 929 Numidae
1373 901 1488 946 pro—

85 978 188 1048 pius
225 986 527 1041 accessissent,
562 984 625 1030 ibi
660 998 770 1028 vero
806 983 1015 1048 virtutem
1055 981 1296 1027 ostendere
1333 988 1378 1027 et
1410 998 1491 1028 eos

88 1092 299 1128 maxuma
332 1084 376 1128 vi
413 1083 627 1138 caedere,
658 1080 853 1126 fundere
887 1087 1025 1141 atque
1059 1080 1235 1142 fugare.
1305 1056 1529 1127 Interim4

86 1204 180 1251 pbtff.
211 1205 300 1250 Nep.
325 1205 457 1251 Iphicr.
485 1205 556 1248 m,
579 1203 615 1240 2.
665 1204 706 1238 In
731 1203 849 1238 labore
879 1203 1102 1237 remissus
1133 1203 1250 1239 nimis.
1274 1223 1320 1231 —
1347 1204 1419 1238 Pro
1441 1204 1493 1239 ir-

87 1268 216 1313 rumpit
240 1267 377 1312 aliquot
404 1266 488 1301 13th
517 1267 651 1300 habent
680 1266 833 1310 irrupit,
866 1266 958 1308 quod
982 1264 1100 1310 magis
1129 1265 1361 1299 librariorum
1383 1276 1492 1309 quam

87 1327 250 1363 Sallustii
282 1338 358 1362 esse
389 1325 541 1362 videtur.
588 1328 755 1361 Ceterum
786 1325 979 1360 notandum
1009 1331 1080 1368 est,
1114 1326 1184 1360 hoc
1217 1327 1364 1360 verbum
1388 1337 1494 1369 novo,
1543 1331 1551 1339 ⁰

87 1393 127 1423 ut
150 1387 308 1432 videtur,
332 1399 456 1431 more,
490 1399 594 1433 quem
619 1392 739 1433 postea
763 1387 911 1422 Tacitus
935 1387 1092 1422 studiose
1115 1388 1298 1432 amplexus
1319 1390 1385 1428 est,
1409 1397 1494 1422 cum

86 1450 162 1484 solo
188 1437 389 1486 accusativo
419 1449 496 1484 sine
529 1451 566 1484 in
599 1449 858 1495 praepositione
879 1448 1104 1484 coniunctum
1129 1459 1228 1490 esse;
1261 1448 1306 1482 cf.
1331 1459 1438 1492 supra
1461 1459 1492 1484 c.

86 1512 197 1555 XXV,
219 1511 256 1547 9.
282 1517 318 1546 et
339 1511 558 1547 Boetticberi
580 1511 667 1547 Lex.
699 1512 818 1548 Tacit.
850 1523 886 1546 v.
913 1515 1068 1545 accusat.
1109 1522 1144 1555 p.
1170 1509 1228 1544 14.
1250 1528 1297 1534 -
1320 1509 1374 1543 De
1397 1510 1492 1555 quis-

88 1583 155 1617 que
178 1573 383 1617 pronomine
406 1584 442 1607 v.
467 1572 511 1607 ad
536 1585 568 1608 c.
590 1573 718 1615 XVIII,
745 1573 780 1608 3.
808 1593 851 1599 —
885 1574 972 1608 Post
995 1571 1100 1606 occisi
1122 1569 1279 1606 nonnulli
1303 1570 1402 1606 codd.
1428 1571 1493 1606 ad-

89 1631 203 1667 ditum
229 1632 362 1666 habent
383 1632 484 1676 aaut,
517 1645 586 1678 quo
609 1634 645 1668 in
669 1638 743 1669 tam
768 1634 908 1668 concisa
933 1632 1136 1667 narratione
1158 1643 1227 1666 non
1254 1634 1307 1666 est
1330 1643 1428 1676 opus.
1446 1651 1493 1658 —

90 1694 143 1727 De
165 1693 293 1727 omissa
316 1705 421 1738 quam
445 1695 619 1738 particula
640 1699 721 1740 post
744 1695 894 1739 amplius
910 1705 944 1728 v-
960 1694 1006 1728 ud
1029 1687 1106 1728 Get.
1129 1705 1160 1728 c.
1177 1693 1265 1735 LVI,
1277 1692 1312 1727 2.
1334 1692 1494 1736 LXVIII,

89 1754 124 1789 3.
148 1772 193 1781 —
224 1754 434 1790 Nominis
467 1756 620 1791 Romani
650 1757 688 1791 h.
713 1756 738 1790 1.
770 1766 840 1789 non
877 1758 932 1789 est
962 1754 1086 1799 populi
1123 1755 1186 1796 R„
1218 1758 1259 1788 ut
1290 1753 1495 1799 saepissime

14 1862 22 1868 .
89 1814 185 1859 apud
209 1814 362 1858 Livium,
386 1816 445 1850 sed
468 1816 678 1864 praegnanti
701 1828 803 1852 sensu
827 1816 966 1862 gloriae
991 1827 1034 1851 ac
1057 1815 1248 1861 dignitatis
1271 1814 1316 1849 R.
1343 1816 1391 1851 cf.
1416 1815 1495 1852 Liv.

89 1875 150 1918 lv,
171 1875 232 1918 33,
257 1874 292 1910 5.
343 1877 556 1914 Nominis
588 1879 742 1914 Romani
778 1890 820 1912 ac
854 1876 996 1912 virtutis
1020 1881 1168 1921 potrum
1191 1881 1397 1922 vestraeque
1421 1889 1495 1913 me-

89 1948 212 1972 mores.
237 1937 307 1972 Cic.
334 1949 367 1983 p.
390 1940 504 1974 Balbo
529 1952 560 1975 c.
586 1939 622 1983 5,
646 1940 706 1976 13.
754 1939 784 1973 Ο
819 1949 979 1973 nomen
1003 1937 1114 1972 nostri
1138 1937 1301 1982 imperii!
1331 1951 1352 1974 o
1373 1940 1496 1985 populi

91 1999 245 2034 Romam·
277 2001 446 2035 excellens
469 2001 654 2047 dignitas!
701 2002 791 2036 Cum
825 2001 901 2043 his,
943 2010 1034 2044 quae
1065 1998 1186 2034 Cor-tio
1219 2000 1413 2044 debentur,
1446 2001 1494 2036 cf.

90 2065 213 2096 notata
237 2061 283 2096 ad
304 2073 336 2097 c.
362 2061 408 2105 X,
436 2062 472 2098 2.
495 2081 540 2088 -
573 2064 616 2098 In
635 2064 796 2109 pluribus
818 2063 932 2097 minus
949 2060 1140 2106 frustrati,
1167 2060 1191 2095 i.
1216 2073 1248 2096 e.
1274 2065 1313 2097 ut
1336 2061 1496 2109 Longius

90 2124 179 2158 bene
198 2123 466 2168 interpretatur:
490 2123 526 2159 in
549 2125 629 2160 telis
652 2125 831 2159 mittendis
854 2124 971 2158 minus
995 2133 1015 2157 n
1039 2133 1146 2167 scopo
1162 2123 1366 2158 aberrantes
1389 2131 1496 2166 quam

90 2184 230 2227 hostes,
251 2196 362 2229 quum
384 2185 424 2220 hi
449 2186 568 2231 plures
590 2192 626 2224 et
647 2184 798 2221 conferti
823 2189 959 2229 essent,
992 2183 1062 2229 ipsi
1085 2182 1191 2228 pauci
1214 2190 1248 2219 et
1271 2183 1356 2218 rari.
1406 2184 1496 2218 Fru-

19 2241 21 2244 ’
90 2245 196 2280 strati
218 2250 338 2280 autem
362 2244 504 2290 passivo
528 2258 630 2282 sensu
653 2247 786 2283 dictum
811 2248 854 2281 de
877 2246 942 2288 iis,
975 2245 1037 2290 qui
1069 2246 1141 2281 tela
1158 2257 1227 2280 non
1254 2245 1387 2280 frustra
1414 2244 1496 2280 mit-
1532 2291 1540 2297 ·

92 2298 186 2354 tunt,
217 2317 413 2352 quorumve
443 2305 533 2341 ictus
556 2319 625 2343 non
647 2309 856 2351 eluduntur;
899 2308 945 2344 cf.
967 2308 1099 2342 Duker.
1132 2307 1178 2342 ad
1200 2307 1297 2342 Flor.
1321 2307 1350 2350 1,
1373 2306 1431 2341 10.
1449 2324 1496 2334 -

94 2368 182 2411 Sin,
214 2368 308 2413 quod
333 2367 539 2413 plerumque
570 2370 615 2403 ad
650 2379 896 2416 praegressum
926 2369 956 2402 si
979 2369 1155 2411 refertur,
1188 2379 1258 2402 non
1288 2372 1340 2403 est
1361 2367 1495 2403 sollici-

91 2431 236 2466 tandum
255 2455 266 2474 ,
299 2429 517 2474 quamquam
552 2441 635 2475 pars
667 2431 828 2466 codicum
861 2430 892 2464 si
914 2433 1030 2471 tenet3
1054 2441 1138 2464 nam
1162 2440 1271 2474 quum
1296 2430 1333 2464 in
1357 2435 1495 2465 antece-

91 2491 253 2527 dentibus
278 2491 385 2526 t'neile
407 2490 659 2528 condicionalis
688 2491 858 2528 sententia
889 2490 1047 2535 suppleri
1071 2489 1211 2535 possit,
1236 2491 1410 2526 constabit
1432 2503 1495 2536 op·

67 2595 69 2600 .
93 2552 240 2599 positio,
265 2551 322 2587 his
346 2552 464 2588 verbis
487 2558 565 2597 post
587 2555 763 2590 remittere
788 2553 894 2588 tacite
917 2551 1048 2587 illatisz
1079 2553 1110 2586 si
1133 2552 1248 2589 hostes
1270 2553 1397 2588 remoti
1417 2558 1494 2588 sta-

93 2618 194 2654 rent5
225 2613 272 2649 cf.
297 2614 340 2649 ad
366 2615 444 2649 Cat.
469 2627 498 2649 c.
526 2614 593 2660 LI,
615 2612 674 2667 24.
707 2627 743 2660 p.
765 2614 848 2649 251.
870 2615 949 2660 lug.
973 2613 1126 2660 XXXV,
1150 2614 1184 2650 4.
1209 2633 1254 2640 —
1279 2615 1333 2649 Dc
1355 2614 1391 2649 vi
1414 2625 1495 2650 vero

94 2673 294 2721 particulae
316 2687 351 2710 v.
376 2676 421 2711 ad
445 2689 476 2712 c.
502 2677 541 2719 Ia,
564 2676 601 2712 6.
625 2676 728 2712 Catil.
744 2677 920 2719 XXXVII,
943 2675 979 2711 4.

187 2736 221 2780 §-
242 2736 280 2774 4.
302 2738 487 2772 clamorem
511 2738 695 2784 hostilem]
729 2737 903 2774 Permulti
937 2736 1038 2772 codd.
1062 2737 1194 2772 habeut
1217 2737 1320 2775 clam.
1346 2741 1396 2773 ct
1428 2740 1494 2771 tu-

94 2798 283 2843 multum
316 2799 497 2842 hostilem,
530 2799 625 2845 quod
647 2810 712 2846 per
733 2810 772 2835 se
801 2809 870 2834 non
895 2796 1090 2844 vituperari
1111 2802 1245 2844 potest;
1277 2797 1339 2838 sed
1360 2806 1496 2843 magne
