1826 3276
440 155 808 198 IUGURTHA.
870 155 999 198 CAP.
1031 153 1150 196 XIII.
1269 159 1273 164 '
1438 161 1496 200 69

98 289 188 334 que
202 309 216 332 ,
265 287 458 333 quorum
521 288 574 318 ea
623 277 891 333 tempestate
940 271 985 315 in
1031 238 1210 316 Senatu!
1255 272 1493 316 auctoritas

93 371 300 432 pollebat
318 404 332 427 ,
379 386 544 431 magna
588 386 774 415 munera
809 371 970 414 misere
989 405 1003 429 ‚
1049 375 1170 414 tanta
1201 370 1490 414 commutatio

94 442 294 526 incessit,
336 467 400 512 uti
437 482 492 512 ex
528 482 736 512 maxuma
774 467 938 512 invidia
972 467 1016 511 in
1051 466 1243 527 gratiam
1280 472 1325 510 et
1359 467 1491 511 favo-

91 581 189 610 rem
234 559 474 610 nobilitatis
519 560 739 624 Iugurtha
783 561 974 617 veniret,
1022 579 1213 622 quorum
1249 579 1354 625 pars
1394 580 1491 625 spe,
1505 575 1531 615 8

91 663 165 708 alii
208 661 412 724 praemio
456 660 626 704 inducti
672 659 871 719 singulos
922 675 977 704 ex
1022 660 1192 704 Senatu
1245 643 1489 706 ambiundo

91 759 370 814 nitebantur,
412 773 467 802 ne
505 757 683 818 gravius
725 756 770 800 in
815 771 917 800 eum
955 758 1273 803 consuleretur.
1345 757 1523 818 Igitur-9

87 931 239 968 diximus
261 932 306 967 ad
331 944 363 968 c.
385 932 447 975 xl,
465 932 500 966 2.
521 951 566 956 -
593 930 759 976 Legatos,
783 940 875 975 quae
895 941 963 964 vox
990 930 1025 964 in
1043 930 1119 965 Vnt.
1136 930 1171 965 6.
1188 933 1224 965 et
1246 930 1281 965 in
1300 931 1421 966 StruV.
1441 942 1489 965 ιιι.

86 984 151 1038 ρι’.
165 993 286 1038 deest,
309 993 451 1028 Cortius
475 996 605 1027 temere
628 991 769 1026 delevit.
789 1010 836 1016 ——
865 991 951 1034 Quis
982 992 1055 1026 l'ere
1077 1003 1199 1027 omnes
1221 993 1320 1027 codd.
1346 993 1489 1027 habent.

87 1054 294 1099 haccepit,
327 1054 422 1099 quod
452 1052 662 1088 Gerlachius
697 1052 734 1086 in
769 1053 823 1087 cd.
858 1053 994 1088 maiore
1017 1053 1204 1098 expressit,
1239 1053 1274 1087 iu
1299 1053 1490 1088 novissima

86 1115 292 1158 damnavit,
322 1118 437 1151 exstat
468 1116 504 1150 in
538 1115 645 1151 Fabr.
669 1115 703 1148 1.
729 1114 764 1148 2.
801 1114 876 1149 Vin.
904 1114 938 1149 2.
974 1115 1046 1150 Iuc.
1071 1116 1105 1151 1.
1139 1114 1282 1149 Vratisl.
1309 1115 1345 1150 1.
1366 1115 1487 1149 Struv.

85 1176 186 1212 Rivii
208 1176 308 1214 codd.
331 1176 416 1211 Bas.
441 1176 475 1210 1.
494 1176 528 1211 4.
553 1176 640 1210 Tur.
660 1177 693 1209 1.
717 1176 824 1210 Bern.
845 1176 880 1213 1.
902 1176 1028 1212 Franc.
1053 1179 1181 1212 lleuss.
1208 1176 1324 1211 Guelf.
1349 1177 1381 1211 4·
1399 1177 1433 1212 6.
1451 1176 1486 1213 7.

85 1238 144 1273 12.
172 1237 266 1284 Teg.
290 1238 368 1272 Erl.
394 1237 490 1274 Leid.
514 1237 557 1271 Β.
578 1237 617 1271 C.
634 1237 679 1272 D.
703 1237 747 1272 G.
767 1238 815 1271 H.
837 1238 863 1271 I.
887 1237 933 1271 K.
967 1239 1086 1272 Goerl.
1112 1238 1225 1272 Paris.
1254 1239 1290 1272 h.
1315 1250 1344 1272 z.
1366 1239 1485 1273 Berol.

36 1344 38 1346 Ι
85 1299 118 1334 1.
135 1298 197 1342 23
220 1298 346 1334 relicui
367 1298 562 1344 praecipit,
598 1301 744 1344 propter
781 1302 1023 1344 antegressum
1053 1310 1218 1343 praesens
1250 1300 1369 1336 mittit.
1415 1300 1487 1334 Sed

84 1370 120 1395 v-
142 1360 188 1395 ad
213 1359 318 1395 catil.
344 1360 436 1402 xm,
459 1358 494 1396 5.
519 1371 556 1404 p.
580 1358 649 1394 193
675 1371 728 1404 sq.
753 1378 799 1385 —-
832 1360 988 1394 Primum
1021 1361 1075 1395 nti
1107 1360 1242 1405 primus
1275 1361 1488 1396 Gerlachius

85 1420 251 1466 scripsit3
274 1422 327 1456 itu
349 1421 443 1456 euim
467 1421 553 1456 satis
578 1421 662 1455 boui
686 1421 770 1455 libri
794 1421 876 1455 Bas.
901 1422 934 1455 1.
958 1421 1038 1455 Seu.
1063 1421 1097 1458 1.
1121 1421 1219 1457 Leid.
1245 1423 1287 1457 L.
1310 1422 1424 1458 Paris.
1439 1423 1485 1457 4».

84 1493 116 1517 c.
132 1493 168 1517 x.
184 1493 217 1517 z.
241 1482 311 1517 duo
334 1483 426 1517 Pau.
453 1483 574 1518 Guelf.
598 1482 632 1516 1.
649 1482 684 1516 2.
701 1480 735 1517 5.
765 1481 798 1517 9.
826 1482 936 1517 Fabr.
964 1481 999 1516 2.
1022 1483 1129 1517 Bern.
1149 1481 1184 1516 3.
1211 1483 1316 1517 Misu.
1342 1487 1376 1518 et
1400 1495 1485 1518 non-

83 1542 174 1578 nulli
203 1553 246 1578 ex
268 1544 360 1579 Itall.
395 1544 518 1586 libr-123
551 1543 679 1588 reliqui
711 1544 765 1578 uti
795 1544 969 1588 primum,
1001 1544 1094 1588 quod
1129 1544 1349 1588 probabilius
1379 1549 1431 1580 est
1463 1557 1486 1581 a

83 1603 209 1639 scribis
233 1615 296 1649 pro
319 1605 430 1640 altero
453 1604 577 1640 ordine
598 1605 777 1640 invectum
802 1616 898 1646 esse,
933 1617 1040 1649 quam
1065 1610 1198 1641 contra.
1218 1625 1266 1631 —
1300 1600 1485 1649 Quaecun—

86 1675 152 1710 que
175 1661 319 1699 eortius
335 1665 470 1710 optime
492 1666 632 1710 scripsit
653 1677 719 1710 pro
738 1677 998 1711 quemcunque,
1023 1668 1114 1711 quod
1141 1667 1227 1701 olim
1253 1668 1484 1713 vulgabatun

85 1727 248 1760 neutrum
278 1724 390 1770 onim,
422 1727 515 1771 quod
539 1727 622 1761 Bas.
648 1726 683 1760 1.
708 1727 813 1760 Fabr.
837 1726 872 1760 1.
891 1727 925 1760 2.
951 1727 1032 1763 Seu.
1060 1728 1093 1762 1.
1118 1727 1208 1762 Tur.
1227 1728 1260 1764 1.
1286 1729 1378 1774 Teg.
1409 1731 1483 1764 Eri.

84 1786 199 1821 Paris.
223 1787 258 1820 b.
278 1798 308 1824 c.
329 1799 363 1822 x.
386 1798 416 1823 z.
440 1787 627 1822 Einsiedel.
657 1799 699 1823 ac
724 1789 892 1823 tredecim
915 1787 980 1824 alii
1002 1790 1163 1832 tuentur,
1188 1789 1311 1824 scribis
1335 1801 1404 1825 non
1428 1790 1485 1824 vi-

84 1847 233 1882 debatur
253 1847 298 1881 de
318 1848 475 1892 personis
497 1849 568 1884 dici
591 1860 701 1894 posse,
727 1850 819 1884 unde
843 1849 1013 1895 procli-vis
1037 1852 1114 1883 erat
1128 1850 1278 1885 mutatio
1304 1850 1339 1885 in
1364 1864 1483 1897 quem-

84 1918 228 1953 cunque.
279 1908 369 1952 Apte
399 1910 538 1946 Cortius
569 1912 791 1956 comparavit
821 1912 899 1946 Liv.
932 1912 969 1954 1,
1002 1909 1070 1952 53,
1103 1910 1160 1947 11.
1196 1912 1233 1945 in
1265 1923 1310 1946 se
1336 1913 1482 1957 ipsum

80 1975 252 2016 postremo
276 1971 511 2015 saeviturum,
538 1973 570 2006 si
593 1973 696 2007 alia
723 1974 858 2015 desint,
883 1972 943 2006 ubi
967 1977 1063 2006 recte
1085 1973 1393 2007 Drakenborchius
1417 1974 1482 2007 oh-

82 2031 238 2076 mvit
260 2035 420 2067 neutrum
442 2045 521 2068 eam
546 2034 619 2068 vim
644 2035 796 2079 habere,
822 2039 861 2069 ut
885 2033 999 2068 oratio
1022 2031 1129 2067 latius
1152 2036 1291 2077 pateat,
1324 2034 1367 2069 iis
1391 2047 1482 2079 quae

5 2094 9 2129 j
82 2092 238 2128 maxime
261 2093 305 2128 ad
329 2105 404 2128 rem
429 2094 563 2129 faciunt
587 2095 612 2130 i.
634 2107 666 2130 e.
690 2096 845 2141 personis
867 2094 1028 2142 generali
1047 2095 1186 2129 notione
1211 2097 1480 2141 comprehensis.

84 2153 132 2188 cf·
153 2153 260 2189 etiam
283 2159 403 2190 notata
430 2156 476 2190 ad
500 2157 578 2194 cat.
604 2157 744 2203 XLVII,
770 2158 804 2192 1.
828 2170 862 2203 p.
886 2155 967 2192 213.
993 2160 1028 2192 et
1053 2168 1088 2193 v.
1115 2158 1160 2192 ad
1194 2157 1272 2204 lug.
1306 2159 1400 2201 XIV,
1423 2159 1479 2194 16.

83 2218 119 2251 et
141 2216 186 2250 ad
206 2216 431 2259 LXXXVIII,
446 2216 480 2251 1.

175 2279 209 2319 §-
231 2275 266 2310 7.
313 2277 351 2311 in
376 2278 533 2324 Senatu]
558 2281 658 2314 Haec
682 2281 792 2315 verba
824 2279 964 2315 Curtius
996 2290 1064 2314 nou
1092 2278 1201 2314 aliam
1235 2281 1280 2314 ob
1307 2292 1479 2323 caussam,

83 2349 191 2383 quam
215 2338 307 2383 quod
330 2338 367 2372 in
390 2339 498 2374 Fabr.
522 2341 557 2377 2.
581 2341 678 2376 Vrat.
705 2341 740 2376 1.
763 2345 798 2376 et
822 2342 934 2376 tribus
958 2341 1042 2376 aliis
1068 2341 1203 2387 legitur
1225 2343 1421 2376 auctoritas
1445 2344 1480 2377 in

82 2404 227 2441 senatu,
252 2399 395 2434 delevit.
442 2400 539 2435 Idem
561 2403 684 2437 eadem
708 2403 904 2437 temeritate
928 2415 1098 2445 munera,
1123 2404 1215 2447 quod
1239 2403 1274 2437 in
1300 2404 1417 2438 Guelf.
1447 2405 1480 2438 4.

83 2460 252 2496 omissum
276 2464 349 2504 eet,
382 2462 556 2505 expunxit.
574 2483 619 2488 —
645 2465 789 2499 Incessit
812 2464 1043 2500 Kunhardtus
1066 2475 1253 2509 perperam
1277 2465 1481 2510 interpreta-

84 2525 142 2557 tur
171 2523 355 2568 ersolgen3
398 2523 435 2557 in
468 2524 579 2558 latino
613 2526 708 2559 enim
740 2527 914 2560 vocabulo
947 2526 1186 2570 praecedentis
1218 2538 1361 2562 caussae
1384 2528 1481 2562 notio

82 2594 153 2618 nou
176 2583 381 2618 continetur.
409 2596 442 2618 v.
468 2586 512 2619 ud
537 2586 612 2620 Cat.
642 2587 685 2628 X,
702 2589 735 2622 6.
757 2599 791 2632 p.
808 2586 865 2621 54.
881 2608 926 2613 —
951 2590 1003 2622 De
1028 2588 1145 2632 positu
1172 2589 1348 2634 Iugurtha
1374 2601 1480 2623 voca-

83 2643 159 2678 buli
184 2644 230 2678 ab
254 2644 355 2679 initio
378 2646 575 2689 paullulum
598 2648 796 2683 remotioris
831 2661 862 2683 v.
892 2660 983 2692 quae
1006 2650 1207 2684 notavimus
1238 2651 1282 2684 ad
1308 2652 1382 2685 Cat.
1410 2652 1482 2693 LX,

83 2704 117 2739 7.
135 2716 168 2749 p.
192 2705 271 2739 322.
296 2707 375 2752 Ing.
402 2709 544 2750 XXXV,
567 2708 602 2743 7.
652 2709 709 2745 Fit
731 2721 808 2745 reus
833 2711 949 2756 magis
975 2723 1015 2746 es
1040 2722 1148 2756 aequo
1175 2712 1346 2759 bonoque,
1379 2725 1484 2760 quum

87 2777 127 2801 ex
151 2767 226 2802 iure
249 2769 409 2814 gentium
439 2770 680 2804 Bomilcar.
