1826 3276
397 197 479 239 54³
757 188 804 230 c,
832 183 1153 229 SALLnsn
1190 179 1406 242 cmsrt

367 313 477 355 4aut
511 303 720 364 cupidum
749 302 871 362 pacis
906 299 1206 344 vehementius
1242 297 1545 342 accenderent.
1570 317 1574 328 ·
1602 298 1756 356 Itaque

401 401 538 454 Sulla,
574 399 693 442 cuius
727 396 960 440 facundiae
974 430 986 453 ,
1021 409 1110 439 uon
1144 394 1275 438 aetati
1308 409 1335 438 a
1368 393 1538 437 Manlio
1573 405 1756 442 conces-

401 510 512 550 sum,
541 507 686 554 pauca
721 493 858 536 verba
894 490 1199 536 huiuscemodi
1232 490 1425 542 locutust

365 597 391 638 5
535 589 635 632 Rex
667 586 873 643 Bocche,
924 601 1087 646 magna
1127 585 1252 630 nobis
1289 583 1454 627 laetitia
1494 587 1583 636 est,
1625 595 1760 640 quum

404 768 563 810 pserunt,
587 764 876 809 quemadmodum
902 762 1110 808 conspicitur
1139 762 1175 796 in
1196 762 1362 802 Goerlit.,
1386 759 1476 804 quod
1497 762 1616 804 postea
1626 757 1673 796 „in
1693 761 1766 792 tex-

406 831 480 860 tum
504 825 642 860 illatum
666 824 702 858 iu
725 823 841 858 Berol.
863 823 898 858 1.
920 823 954 858 2.
977 827 1012 858 et
1034 823 1088 858 ed.
1113 823 1230 856 Venet.
1256 831 1289 856 a.
1312 820 1414 854 1470.
1437 808 1517 853 ante
1540 828 1707 858 avorwm,
1731 817 1766 850 in

406 886 503 920 codd.
541 884 640 920 Rivii
671 886 749 928 post
781 894 938 916 avorsum
968 882 1083 916 locum
1112 881 1256 925 acoepit.
1301 879 1374 914 Alii
1402 880 1573 914 defectum
1603 876 1767 912 orationis

407 957 474 979 non
496 950 557 988 ut,
589 945 648 978 sed
671 955 734 988 quo
767 943 892 977 vocula
915 944 1108 982 saraca-unt,
1141 941 1236 975 velut
1258 939 1293 974 in
1317 940 1421 974 Misn.
1444 939 1538 973 Leid.
1563 939 1608 972 K.
1631 937 1706 970 Erl.
1733 940 1768 970 et

406 1005 503 1039 Flor.
527 1004 607 1045 19.;
630 1003 693 1038 alii
714 1003 865 1036 barbara
888 1001 1011 1036 aetatis
1033 1012 1115 1036 suae
1137 1001 1306 1035 latinitate
1330 999 1538 1043 scripserunt
1559 997 1671 1043 quod
1692 997 1767 1041 ing.

408 1069 473 1099 etc.
500 1065 596 1098 velut
618 1063 654 1097 in
677 1063 809 1128 Vte.
833 1061 976 1096 Taurin.
1009 1060 1134 1095 Eichh.
1156 1060 1238 1094 For.
1261 1059 1338 1102 24.;
1371 1059 1517 1103 denique
1539 1058 1574 1092 in
1596 1056 1692 1092 Leid.
1717 1056 1767 1089 Μ.

407 1127 458 1158 est
481 1125 557 1169 qui
578 1124 652 1168 ing.
679 1126 747 1158 etc.
768 1126 770 1128 '
796 1123 848 1156 Ex
870 1122 996 1166 quibus
1018 1120 1175 1154 omnibus
1200 1122 1314 1164 patet,
1336 1119 1476 1163 opinor,
1499 1116 1610 1152 Curtii
1632 1119 1666 1151 et
1687 1115 1768 1150 reli-

406 1195 551 1217 cuorum
584 1183 754 1217 editorum
783 1182 991 1226 scripturam
1017 1191 1125 1224 aeque
1146 1180 1273 1214 falsam
1295 1189 1392 1223 esse,
1425 1181 1527 1222 atque
1549 1180 1679 1211 ceteras
1701 1176 1771 1209 dis-

405 1243 611 1287 crepantias.
641 1262 687 1267 —
709 1243 780 1277 Pro
802 1253 960 1276 avorsum
984 1240 1084 1284 pauci
1107 1239 1204 1274 codd.
1228 1242 1344 1274 tenent
1362 1239 1555 1281 advorsum,
1579 1235 1677 1285 facili
1695 1235 1772 1279 qui-

410 1304 490 1338 dem
512 1307 548 1338 et
572 1301 742 1346 frequenti
764 1302 862 1345 lapsu
886 1301 939 1345 (ν.
963 1301 1016 1334 adv
1030 1301 1153 1350 xclll,
1171 1300 1236 1343 1.),
1260 1299 1318 1334 sed
1340 1310 1441 1333 sensu
1455 1308 1530 1338 (uon
1552 1307 1660 1340 aeque
1681 1296 1773 1329 bono

408 1366 548 1407 propter
564 1363 741 1407 flectitur3
773 1370 852 1395 nam
875 1360 956 1406 licet
979 1360 1162 1404 utrumque
1184 1360 1227 1393 de
1248 1369 1287 1392 re
1309 1358 1450 1392 inimica
1475 1357 1627 1399 dicutur,
1657 1359 1774 1390 tam-en

410 1424 559 1457 adversa
581 1422 711 1466 impetu
733 1423 852 1454 contra
876 1420 968 1454 facto
993 1422 1209 1464 superantur,
1235 1429 1358 1452 aversa
1382 1428 1464 1452 vero
1483 1419 1558 1451 arte
1577 1418 1611 1450 et
1629 1415 1774 1449 lenitate

411 1482 697 1528 circumaguntur
723 1485 757 1516 et
780 1480 878 1525 quasi
900 1480 936 1514 in
958 1483 1089 1514 rectam
1112 1479 1208 1513 viam
1231 1478 1449 1519 reducuntur,
1476 1485 1685 1520 quamquam
1707 1485 1774 1508 non

410 1542 539 1586 ubique
572 1542 617 1576 ad
650 1542 741 1575 hanc
772 1541 948 1575 notionem
976 1538 1172 1583 respicitur.
1217 1538 1405 1581 Perpetem
1427 1539 1542 1571 autem
1564 1534 1719 1579 nangius
1742 1537 1777 1568 et

410 1602 617 1636 laumannus
651 1610 807 1633 avorsum
837 1598 1010 1642 explicant
1033 1609 1056 1632 a
1076 1609 1182 1643 paee,
1214 1596 1238 1632 i.
1267 1608 1296 1631 e.
1319 1597 1400 1641 paci
1421 1595 1641 1631 eontrarium.
1685 1594 1775 1630 Nam

412 1672 523 1698 auore.
547 1661 621 1705 ing.
645 1659 682 1693 in
704 1659 902 1692 universum
924 1661 976 1692 est
998 1657 1183 1699 inimicum,
1205 1657 1408 1698 alienatum,
1429 1657 1613 1700 infestum3
1633 1654 1681 1689 cr.
1702 1653 1776 1689 Cic.
1803 1679 1806 1681 -

412 1721 498 1764 Epp.
529 1720 573 1754 ad
606 1719 710 1753 Attic-
743 1719 802 1760 Xl,
835 1717 870 1760 5,
900 1721 984 1753 extr.
1034 1718 1178 1760 Quintus
1210 1716 1505 1751 aversissima
1538 1727 1563 1750 a
1584 1726 1638 1750 me
1661 1715 1776 1749 animo

407 1780 493 1823 fuit.
527 1778 604 1813 Liv.
637 1779 760 1820 xxw,
790 1777 848 1820 26,
882 1778 937 1813 10.
993 1778 1183 1813 Aversis
1214 1777 1353 1812 auribus
1391 1775 1580 1820 animisque
1613 1774 1777 1819 quosdam

413 1839 585 1874 cernebat.
621 1831 735 1872 Tac'it.
768 1838 858 1874 Ann.
889 1837 981 1879 XIV,
1012 1837 1071 1880 26,
1099 1838 1134 1872 1.
1183 1837 1274 1881 Quos
1297 1846 1482 1870 avernos
1505 1835 1628 1869 animis
1649 1834 1778 1879 eogno-

415 1903 527 1935 verat.
549 1908 583 1932 v.
606 1898 866 1932 Drakenborch.
891 1898 934 1932 ad
959 1897 1034 1932 Liv.
1060 1898 1104 1939 11,
1126 1897 1184 1939 81,
1208 1897 1241 1932 6.
1266 1899 1300 1930 et
1322 1896 1367 1930 ad
1390 1895 1464 1936 vn,
1485 1894 1521 1938 8,
1541 1895 1577 1929 2.
1617 1894 1778 1930 Ceterum

415 1964 477 1994 aut
510 1958 726 2004 geminatum
756 1957 802 1992 ad
831 1957 1043 2002 praedicati,
1074 1968 1143 1992 non
1172 1957 1217 1992 ad
1249 1955 1498 1991 adiectivorum
1510 1943 1779 1999 'oppositionem

415 2021 566 2063 spectum
599 2029 757 2052 avorsum
781 2018 874 2051 enim
897 2021 931 2052 et
953 2018 1110 2062 cupidum
1136 2017 1305 2065 vocalpula
1326 2015 1397 2048 vim
1418 2015 1548 2057 habent
1569 2015 1780 2049 enunciatio-

415 2089 500 2112 nnm
530 2077 838 2120 condicionalium,
870 2078 938 2111 hoc
973 2088 1090 2111 sensu:
1125 2076 1176 2111 uti
1209 2069 1282 2122 ing.
1313 2078 1394 2116 aut,
1429 2075 1459 2108 si
1490 2062 1647 2110 aversam
1681 2081 1779 2118 esset,

416 2139 610 2178 flecterent,
634 2141 714 2179 aut,
737 2139 768 2171 si
790 2138 949 2182 cupidum
970 2148 1005 2181 p.
1030 2141 1134 2181 esset,
1159 2136 1238 2170 veh.
1261 2134 1570 2176 accenderent;,of.
1593 2146 1622 2169 e.
1643 2135 1779 2177 xcvii,

417 2197 451 2231 3.
476 2216 521 2222 -
554 2197 735 2231 Facundia
767 2197 850 2241 quid
880 2196 924 2232 sit
955 2196 1126 2242 intelliges
1150 2207 1191 2230 ex
1215 2194 1385 2230 annotatis
1408 2194 1452 2228 ad
1475 2205 1505 2228 e.
1528 2193 1701 2236 LXXXV,
1723 2193 1780 2229 26.

417 2258 552 2291 Sullam
575 2259 697 2291 auctor
718 2256 788 2291 iam
812 2268 915 2301 supra
937 2269 969 2292 c.
993 2257 1090 2298 XCV,
1117 2256 1152 2291 3.
1178 2255 1264 2290 dixit
1279 2254 1484 2299 facundum.
1516 2273 1561 2280 —
1592 2255 1645 2289 De
1666 2265 1781 2288 conce-

422 2319 503 2352 dere
530 2317 636 2350 verho
659 2327 693 2351 v.
718 2318 760 2350 ad
785 2329 815 2353 c.
839 2318 900 2358 xl,
923 2315 957 2350 4.
982 2327 1014 2359 p.
1037 2315 1093 2350 58.

514 2378 547 2419 §-
569 2376 604 2411 5.
650 2376 725 2410 Res:
751 2376 892 2420 Bocche]
943 2375 1142 2410 Orationem
1164 2374 1256 2418 apud
1280 2373 1432 2418 aliquem
1454 2372 1613 2408 habitam
1635 2383 1658 2407 a
1680 2382 1782 2415 voca—

423 2436 515 2477 tivo,
548 2447 617 2480 quo
642 2436 671 2470 is
693 2437 906 2480 appelletur,
930 2435 1102 2480 incipere,
1133 2445 1201 2468 non
1223 2434 1326 2478 plane
1347 2437 1399 2468 est
1419 2445 1462 2468 ex
1482 2444 1547 2467 unu
1571 2432 1783 2471 Latinorum,

425 2499 464 2530 ut
487 2495 600 2529 Faber
622 2500 715 2529 recte
736 2495 944 2535 observavit,
967 2494 1046 2528 coll.
1069 2494 1145 2538 lug.
1170 2493 1270 2537 xlv,
1294 2493 1327 2529 1.
1375 2493 1444 2528 Sed
1466 2493 1557 2527 idem
1579 2492 1666 2526 bene
1687 2491 1783 2533 vidit,

425 2567 491 2601 non
513 2555 586 2589 sinc
609 2556 741 2590 maiore
764 2554 882 2598 aliqua
913 2553 1091 2599 dignitatis
1114 2557 1149 2587 et
1181 2554 1321 2588 honoris
1343 2552 1595 2599 significatione
1620 2551 1716 2593 fieri,
1746 2555 1786 2585 ut

425 2627 550 2650 nomen
573 2616 667 2658 eius,
700 2626 802 2658 quem
828 2615 905 2659 quis
929 2614 1129 2658 alloquitur,
1163 2613 1226 2648 toti
1252 2613 1397 2648 orationi
1419 2610 1670 2656 praemittatur.
1715 2610 1784 2644 Ne-

419 2686 493 2719 ·que
513 2676 621 2710 aliam
640 2675 687 2709 ob
711 2686 867 2709 caussam
889 2674 948 2709 hic
978 2686 1038 2708 res
1065 2674 1273 2708 vocabulum
1309 2677 1388 2708 ante
1418 2672 1532 2716 ipsum
1564 2681 1688 2705 nomeu
1719 2670 1784 2704 viri

424 2737 631 2770 collocatum
654 2739 722 2776 est;
758 2746 790 2768 v.
815 2734 859 2769 ad
882 2746 911 2768 c.
937 2734 1030 2768 xtx.
1053 2733 1088 2767 7.
1111 2745 1144 2776 p.
1169 2730 1248 2767 125.
1270 2751 1315 2758 -
1352 2732 1413 2766 Est
1443 2734 1521 2774 pont
1551 2731 1687 2766 laetitia
1718 2740 1783 2764 non
