1826 3276
442 177 804 223 IUGURTHA.
839 175 968 220 GAP.
1001 174 1081 219 XI.
1421 177 1481 219 59

78 299 306 346 nistrando
355 297 548 359 imperio
596 295 868 341 dissererent
887 326 900 350 ‚
949 290 1172 354 Iugurtha
1212 292 1328 337 inter
1366 293 1481 338 'alias

78 414 150 443 res
182 397 288 442 iacit
309 402 523 457 oportere
544 392 822 453 quinquenni
843 391 1045 439 consulta
1067 396 1113 436 et
1133 390 1317 436 decreta
1333 391 1483 435 omnia

78 495 295 557 res-cindi3
331 510 435 539 nam
473 509 558 554 per
592 507 646 536 ea
686 498 897 548 tempora
935 488 1194 533 confectum
1224 488 1348 532 annis
1382 487 1479 533 Mi-

78 593 254 654 cipsam
293 607 456 654 parum
480 591 630 635 animo
657 587 861 633 valuisse.
932 585 1055 630 Tum
1072 585 1213 631 idem
1241 585 1517 648 Hiempsalfi

78 692 262 752 placere
293 690 377 735 sibi
401 686 659 748 respondit3
690 699 795 729 nam
815 684 968 743 ipsum
985 683 1114 728 illum
1147 684 1292 728 tribus
1310 700 1484 745 proxu-

78 845 121 870 ex
143 834 240 870 Vtut.
255 823 302 869 ‘2
325 836 361 867 et
383 832 503 867 Guelf.
525 831 580 865 11.
605 830 715 865 edidit
740 842 832 865 cons.
864 830 983 864 omnia
1012 834 1047 864 et
1072 829 1178 871 decr„
1200 828 1335 873 pariter
1350 829 1483 866 iudicio

76 896 195 940 lapsus
209 900 315 938 atque
330 905 363 928 c.
385 894 450 936 lx,
474 893 511 928 3.
529 912 573 919 —
598 893 766 927 Rescindi
782 892 805 929 i.
828 903 858 928 e.
884 890 1037 932 aboleri,
1062 889 1220 933 dissolvi,
1243 890 1346 926 irrita
1361 892 1485 935 reddi3

78 957 204 992 Noster
227 956 374 1001 Fragm.
406 954 542 990 Histor.
569 955 597 997 1,
630 954 699 996 19,
723 954 782 989 14.
817 953 971 999 (Gerl.)
1019 952 1114 986 Bclli
1145 952 1227 986 iura
1258 953 1484 989 rescindi.

78 1017 158 1054 Liv.
184 1004 312 1058 XXVI,
352 1015 412 1058 81,
441 1016 498 1052 10.
550 1016 602 1050 Nc
633 1010 717 1050 acta
742 1027 820 1050 mea
853 1013 1162 1049 rescindendo
1192 1012 1281 1047 alios
1308 1015 1487 1059 segniores

72 1079 235 1126 faciatis.
260 1077 357 1114 Suet,
373 1077 497 1112 Tiber.
517 1090 547 1112 c.
564 1077 762 1112 xxxvul.
785 1077 903 1111 Valer.
927 1076 1025 1109 Max.
1042 1074 1120 1116 vu,
1136 1074 1171 1116 7,
1196 1074 1243 1108 in.
1269 1075 1383 1109 Con-1⁸.

173 1141 208 1184 §-
233 1139 266 1175 6.
314 1140 429 1175 tribus
451 1139 629 1184 proxumis
659 1139 776 1184 amris]
812 1138 955 1183 Aliquot
984 1136 1118 1171 Guelff.
1143 1136 1216 1171 Inc.
1240 1136 1274 1171 l.
1298 1137 1333 1172 2.
1357 1138 1435 1175 Vin.
1449 1137 1486 1173 2.

78 1202 189 1237 Acad.
205 1202 311 1236 Rem.
335 1201 370 1236 1.
393 1202 507 1237 tribus
531 1201 607 1235 his
636 1214 733 1247 prox.
753 1215 828 1244 an„
854 1199 947 1246 quod
970 1197 1109 1233 Cottius
1126 1197 1162 1232 in
1177 1202 1274 1235 textu
1297 1201 1490 1245 expressit3

10 1294 14 1295 γ
79 1265 156 1299 his
180 1265 264 1300 trib.
297 1274 394 1309 prox.
426 1274 485 1297 an.
521 1266 635 1298 exstat
658 1263 696 1298 in
724 1263 822 1299 Laid.
848 1263 888 1297 C.
910 1262 939 1298 Ι.
966 1261 1010 1295 Κ.
1036 1261 1168 1294 Arond·
1193 1261 1335 1295 Pembr-
1352 1262 1435 1297 Bas.
1453 1262 1487 1297 l.

79 1326 187 1362 Bern.
212 1328 248 1362 l.
265 1324 300 1360 3.
326 1335 414 1369 quos
440 1323 655 1359 Gerlachius
677 1328 816 1359 secutus
838 1327 902 1358 est.
948 1321 1092 1358 Relicui
1113 1332 1308 1366 pronomen
1330 1334 1400 1358 non
1424 1324 1489 1359 ha-

79 1388 184 1430 bent3
207 1387 300 1432 quod
324 1391 439 1431 “quum
467 1389 566 1420 tanta
595 1386 767 1421 varietate
790 1386 865 1421 iam
894 1372 1096 1430 suspectum
1121 1383 1206 1426 fiat,
1242 1377 1346 1419 sensu
1369 1388 1491 1421 autem

81 1450 186 1496 plane
209 1450 363 1484 otiosum
389 1447 454 1490 sit,
479 1459 591 1493 neque
614 1448 735 1492 probis
761 1447 863 1483 codd.
887 1447 988 1481 velut
1011 1446 1097 1482 Naz.
1125 1445 1298 1481 Commel.
1324 1446 1422 1481 Leid.
1449 1448 1492 1485 Ι..

82 1511 168 1548 Sen.
187 1512 223 1547 1,
247 1510 339 1557 Teg.
367 1510 456 1546 Tur.
482 1510 516 1544 1.
548 1514 784 1553 sustentetur,
815 1521 884 1545 non
917 1508 1064 1543 dubium
1098 1510 1150 1542 est
1173 1507 1258 1553 quin
1290 1519 1314 1543 a
1335 1508 1494 1546 librariis

81 1574 284 1620 proiectum
307 1571 354 1607 sit
363 1598 378 1626 r’
408 1571 468 1616 qui
489 1573 686 1617 proximum
707 1583 750 1607 eo
772 1572 966 1616 vocabulo,
991 1570 1085 1615 quod
1107 1570 1178 1604 hoc
1201 1581 1306 1604 sensu
1328 1570 1494 1607 usitatius

83 1638 161 1677 est,
198 1633 377 1679 explicare
408 1634 557 1669 vellent.
586 1635 635 1671 cl'.
669 1634 765 1669 infra
795 1646 826 1668 c.
859 1632 993 1675 XXXI,
1019 1631 1055 1666 2.
1114 1630 1222 1677 Piget
1249 1632 1385 1674 dicere,
1421 1634 1493 1669 his

87 1688 225 1731 annis
251 1695 322 1729 XX
349 1706 455 1739 quam
478 1696 627 1730 ludibrio
660 1697 808 1740 fueritis
838 1694 1023 1740 superbiae
1050 1704 1256 1738 paucorum.
1289 1694 1364 1729 Cic.
1400 1696 1494 1740 Epp.

86 1758 133 1792 ml
165 1758 308 1792 Fumm.
337 1756 414 1799 vll,
446 1755 481 1799 9,
511 1756 547 1792 1.
596 1757 719 1802 Neque
741 1768 808 1802 ego
836 1757 939 1792 acite
964 1755 1036 1790 his
1059 1754 1235 1789 duobus
1258 1758 1496 1792 mensibus

86 1819 300 1864 scripseram.
324 1817 372 1852 id.
397 1818 440 1852 de
462 1818 564 1862 petit.
588 1830 682 1853 cons.
707 1830 739 1852 c.
764 1818 814 1860 V?
838 1817 965 1862 quibus
990 1816 1161 1860 exemplis
1185 1826 1208 1850 a
1231 1816 1352 1852 Cottio
1373 1818 1496 1854 allatis

86 1880 178 1916 adde
200 1889 291 1923 quae
314 1878 471 1923 plurima
495 1879 673 1926 congessit
696 1879 964 1914 Drakenborch.
989 1879 1035 1913 ad
1059 1877 1138 1912 niv.
1159 1877 1202 1920 V,
1226 1876 1285 1922 51,
1309 1876 1345 1914 5.
1393 1880 1496 1915 Unde

87 1941 195 1978 simul
216 1938 450 1986 intelligitur,
482 1942 539 1976 hio
575 1941 817 1976 tantummodo
841 1941 886 1975 de
916 1951 958 1974 eo
982 1942 1142 1983 tempore
1165 1938 1258 1981 dici,
1282 1941 1375 1984 quod
1396 1946 1498 1976 recta

88 2003 248 2051 oratione
270 2003 386 2037 utenti
409 2003 611 2048 proximum
636 2005 710 2044 est,
744 2013 856 2046 neque
879 2002 926 2037 ad
948 2001 1047 2036 aliud
1070 2000 1139 2035 nisi
1161 2001 1207 2035 ad
1239 2000 1277 2034 id
1290 2028 1306 2045 ,.
1323 2003 1418 2046 qnod
1441 2002 1498 2038 di-

89 2063 182 2099 centi
211 2075 294 2099 vere
324 2075 491 2109 praesens
523 2068 597 2107 est,
641 2063 768 2099 referri
807 2075 919 2108 posse.
967 2064 1088 2108 Quare
1130 2063 1188 2097 hic
1229 2062 1273 2096 de
1303 2063 1498 2107 praeterito

91 2130 249 2172 tempore
269 2137 340 2161 non
365 2126 481 2161 minus
515 2128 694 2162 soloecum
727 2129 800 2167 est,
833 2137 941 2171 qnam
965 2127 1009 2160 de
1033 2129 1171 2160 remoto
1196 2125 1298 2167 loco,
1323 2128 1363 2160 ut
1386 2137 1428 2160 ex
1453 2136 1497 2161 eo

91 2199 231 2233 qnoque
252 2191 368 2233 patet,
391 2187 484 2232 quod
508 2187 626 2223 Latini
649 2187 714 2222 ubi
733 2188 960 2232 praeteritam
987 2199 1063 2222 rem
1088 2190 1255 2231 tanquam
1280 2191 1498 2230 praesentem

16 2296 25 2297 ἶ
92 2250 292 2294 intuentur,
313 2261 385 2284 non
408 2261 520 2292 mmc,
544 2250 606 2284 sed
628 2255 711 2285 tnnc
735 2250 872 2293 dicunt,
906 2250 999 2294 quod
1025 2249 1111 2284 scite
1134 2248 1336 2283 observavit
1358 2249 1500 2294 Zumpt.

95 2312 258 2347 Grnmm.
280 2312 359 2347 Lat.
392 2313 426 2355 §-
447 2311 507 2346 63.
537 2323 572 2356 p.
596 2312 677 2348 239.
701 2313 756 2347 ed.
780 2313 839 2348 lv.
870 2313 1012 2347 walch.
1036 2311 1207 2348 Ememm.
1230 2310 1333 2345 Livv.
1356 2323 1393 2355 p.
1417 2310 1500 2346 138.

94 2374 142 2409 cf.
175 2374 222 2409 ud
246 2385 276 2408 c.
307 2374 430 2416 XLVI,
453 2374 488 2410 1.
534 2374 693 2419 Denique
724 2374 957 2412 monendum,
993 2385 1062 2417 quo
1095 2372 1151 2407 usi
1183 2377 1264 2407 sunt
1299 2372 1442 2407 curtius
1465 2376 1503 2408 et

26 2486 28 2490 ι
97 2435 308 2471 Gerlachius
339 2436 503 2479 exemplo
534 2436 580 2470 ad
610 2437 665 2471 his
696 2436 886 2477 tuendum,
920 2435 993 2469 Cic.
1017 2435 1115 2469 Lacl.
1147 2445 1178 2468 c.
1204 2434 1249 2476 11,
1281 2433 1318 2470 7.
1365 2434 1501 2481 Ermc

97 2501 290 2544 quaerunt,
315 2509 467 2542 quonam
490 2502 596 2542 pacto
620 2502 765 2533 mortem
789 2497 952 2541 Africani
968 2498 1071 2540 feras
1085 2522 1096 2538 ,
1123 2508 1229 2541 eoque
1254 2497 1384 2542 magis,
1408 2497 1502 2542 quod

4 2546 38 2599 's
94 2556 345 2605 frea-umis
369 2559 636 2603 (hisJNonis
661 2564 700 2593 tu
718 2571 790 2593 mm
810 2559 968 2603 affuisti,
994 2569 1035 2592 eo
1060 2558 1150 2592 nihil
1174 2558 1292 2601 effici,
1316 2570 1427 2603 quum
1449 2558 1502 2593 ibi

99 2631 239 2665 quoque
271 2631 464 2664 pronomen
497 2631 518 2654 a
548 2619 703 2654 librariis
734 2620 894 2654 additum
930 2620 996 2660 sit,
1032 2623 1126 2654 recte
1168 2631 1191 2656 a
1224 2620 1435 2655 Gernhardo
1466 2624 1502 2656 et

99 2681 230 2716 Beiero
251 2682 445 2716 multorum
468 2682 574 2716 codd}
591 2682 662 2716 fide
684 2680 848 2716 eiectum.
867 2701 912 2707 —-
937 2683 1188 2727 Adoptatione,
1213 2682 1307 2727 quod
1329 2682 1502 2727 praebent

99 2741 188 2778 Bas.
208 2743 243 2778 l.
268 2743 401 2780 Arond.
428 2744 522 2790 neg.
555 2744 671 2779 Mar-k.
697 2745 742 2778 Γ.
765 2745 810 2778 Λ.
839 2743 964 2778 Pemb.
997 2743 1079 2778 Sen.
1105 2743 1141 2778 2.
1174 2745 1249 2779 Inc.
1275 2743 1310 2778 1.
1334 2743 1433 2779 Leid.
1459 2744 1499 2778 L.

101 2814 150 2839 m.
173 2815 208 2850 p.
241 2804 293 2839 M.
319 2804 364 2840 N.
398 2808 434 2840 et
464 2804 585 2847 Misn„
620 2805 737 2841 minus
761 2804 902 2850 quidem
936 2804 1106 2842 usitatum
1129 2805 1244 2842 altem
1267 2805 1384 2842 forma
1414 2804 1502 2839 ado-
