1826 3276
352 182 409 222 56
719 182 764 224 C.
794 182 1106 225 SALLUSTI
1136 184 1352 227 GRISPI

487 295 563 337 xl.
633 295 708 337 Ad
746 310 799 338 ea
831 294 1064 353 Iugurtha,
1106 299 1277 340 tametsi
1321 313 1476 358 regem
1508 301 1613 343 ficta
1645 301 1716 344 lo-

354 394 502 431 cutum
537 389 824 447 intellegebat
868 394 912 432 et
944 389 1039 447 ipse
1068 391 1200 450 longe
1233 392 1358 435 aliter
1394 394 1538 437 animo
1571 395 1716 454 agita-

319 482 451 537 2bat,
487 488 631 524 tamen
652 496 737 540 pro
766 486 970 541 tempore
996 483 1187 544 benigne
1217 487 1458 544 respondit.
1525 487 1716 549 Micipsa

348 575 503 634 paucis
532 581 636 633 post
661 575 815 645 diebus
846 577 1039 621 moritur.
1110 579 1354 637 Postquam
1393 581 1458 625 illi
1490 597 1614 627 more
1640 599 1714 627 re-

346 704 431 727 vere
453 693 575 727 studet.
622 694 746 727 Utrum
770 695 911 739 gravius
933 696 976 731 sit
999 708 1067 731 non
1089 702 1182 732 certe
1213 697 1280 732 dici
1310 703 1441 742 potest,
1472 701 1531 735 sed
1554 712 1577 735 a
1598 712 1716 735 rerum

347 754 544 788 condicione
566 757 599 789 et
622 754 786 797 cuiusque
808 755 936 789 iudicio
960 757 1101 800 pendet3
1125 767 1233 801 quare
1255 757 1358 791 modo
1381 758 1470 801 hoc,
1501 761 1604 794 modo
1626 760 1716 794 illud
1757 775 1771 778 ·

347 812 463 855 priore
494 814 571 847 loco
594 812 744 856 ponitur.
791 815 952 849 Ceterum
984 816 1120 850 Cortius
1150 817 1345 860 frequenter
1372 818 1460 851 haee
1490 820 1598 853 verba
1620 820 1716 863 apud

349 871 555 906 Ciceronem
576 873 739 917 coniungi
763 875 972 917 observavit,
997 877 1075 910 coll.
1086 877 1176 920 Epp.
1191 877 1236 911 ad
1258 878 1397 913 Famm.
1421 879 1478 921 vl,
1500 879 1557 921 1⁰,
1571 879 1714 920 lxm,

347 931 405 973 22,
423 932 458 966 1.
480 931 528 965 ib.
553 931 611 974 γε,
634 932 669 966 2.
693 934 736 967 ad
760 934 863 968 Attio.
888 936 932 978 11,
961 935 1016 971 19.
1049 948 1084 980 p.
1100 937 1192 970 Mur.
1223 947 1253 969 c.
1268 936 1326 978 34,
1343 935 1402 970 το.
1419 957 1464 962 -
1494 926 1637 973 Ta'zem
1662 940 1714 973 va·-

345 1003 443 1034 rum,
467 991 490 1025 i.
515 1003 545 1027 e.
568 994 641 1026 tam
665 993 841 1030 eximium.
891 995 987 1028 Talis
1020 995 1112 1029 enim
1134 996 1333 1040 saepissime
1363 997 1548 1032 adhibetur
1569 999 1612 1032 ad
1634 1009 1714 1032 eum

346 1050 622 1096 significandum,
644 1052 702 1095 qui
727 1053 846 1096 aliqua
860 1066 899 1088 re
921 1055 977 1088 vel
1004 1056 1107 1099 bona,
1130 1057 1188 1089 vel
1211 1057 1305 1091 mala
1326 1067 1409 1100 prae
1428 1057 1549 1090 ceteris
1569 1057 1715 1098 eminet;

345 1111 390 1144 cf.
422 1111 512 1144 Cort.
547 1111 590 1144 ad
621 1112 696 1156 lug.
727 1113 850 1157 Lxln,
875 1114 909 1148 6.
956 1116 990 1148 Is
1017 1116 1063 1148 ad
1086 1117 1123 1149 id
1149 1117 1296 1150 locorum
1322 1117 1439 1151 talis
1461 1117 1525 1150 vir.
1548 1117 1653 1163 oxu,
1677 1120 1712 1154 3.

346 1170 458 1211 Quum
480 1170 620 1204 talem
643 1171 753 1205 virum
786 1174 824 1207 in
852 1179 1058 1218 potestatem
1087 1175 1272 1210 habuisset.
1307 1177 1380 1219 CII,
1404 1176 1438 1211 5.
1463 1163 1534 1210 c'ic.
1554 1177 1646 1222 'Epp.
1669 1180 1714 1213 ad

343 1229 482 1263 Famm.
507 1231 566 1271 ΙΙΙ,
590 1228 648 1271 13,
672 1231 706 1265 3.
732 1234 824 1275 xm,
847 1234 908 1275 73,
929 1234 966 1270 2.
1000 1245 1033 1268 v.
1058 1235 1240 1270 Ruhnken.
1265 1237 1309 1271 ad
1333 1237 1416 1271 Ter.
1433 1237 1521 1271 Eun.
1545 1237 1573 1278 1,
1595 1238 1631 1281 2,
1655 1238 1714 1274 81.

342 1289 463 1322 Bromi
489 1290 532 1323 ad
555 1290 640 1333 Nep.
664 1291 768 1327 Attio.
791 1295 831 1336 V,
855 1294 890 1328 4.
919 1294 1113 1329 Gernhard.
1136 1294 1181 1330 ad
1216 1295 1288 1330 Cic.
1311 1296 1406 1331 Leel.
1438 1307 1470 1330 c.
1492 1295 1527 1340 3,
1544 1297 1600 1330 12.
1628 1298 1714 1332 Vide

342 1348 436 1383 infra
460 1350 502 1383 ad
526 1361 555 1382 c.
581 1350 706 1392 XXXI,
728 1353 762 1386 9.
788 1354 934 1396 xxxn,
958 1353 993 1395 5,
1010 1357 1094 1388 extr.

434 1409 495 1442 xl.
542 1409 577 1452 §.
602 1410 633 1442 l.
680 1411 918 1458 intellegebat]
947 1414 1000 1447 lta
1022 1413 1119 1447 codd.
1142 1412 1223 1447 Sen.
1248 1413 1279 1446 l.
1304 1414 1386 1447 Ecc.
1411 1413 1498 1449 Tur.
1521 1416 1555 1450 1.
1602 1417 1711 1451 Pleri-

342 1479 409 1512 que
424 1469 663 1514 intelligebat,
694 1472 752 1504 sed
787 1473 903 1507 Guelf.
928 1472 963 1508 5.
991 1476 1026 1507 et
1048 1473 1154 1508 Febr.
1171 1473 1204 1506 1.
1228 1474 1458 1508 intellexisset.
1476 1493 1521 1499 -—
1552 1476 1605 1508 ne
1629 1479 1712 1521 agi-

343 1533 417 1562 tare
441 1528 539 1561 verbi
563 1532 727 1572 potestate
750 1543 786 1565 v.
809 1536 925 1567 notata
949 1533 993 1567 ad
1016 1533 1090 1567 Cat.
1115 1533 1245 1575 xxm,
1265 1533 1298 1567 3.
1320 1553 1364 1558 —
1384 1533 1450 1567 Pro
1466 1538 1616 1577 tempore
1637 1534 1660 1568 i.
1677 1547 1707 1569 e.

341 1592 444 1630 prout
473 1599 590 1621 rerum
622 1592 852 1632 praesentium
883 1593 972 1627 ratio
1005 1593 1178 1636 poscebat.
1217 1605 1250 1628 v.
1286 1594 1330 1628 ed
1363 1594 1438 1627 Cat.
1472 1593 1537 1634 LI,
1571 1593 1605 1629 8.
1635 1595 1709 1639 lug.

340 1648 493 1689 LXXIV,
517 1648 552 1690 3,
601 1650 775 1685 Numidae
795 1653 838 1686 ab
863 1653 1037 1697 Iugurtha
1056 1663 1133 1696 pro
1165 1658 1356 1696 tempore
1376 1653 1504 1697 parati.
1529 1653 1607 1688 coll.
1619 1653 1708 1698 Aug.
1744 1697 1749 1702 q-

341 1707 496 1741 Matthia
519 1708 563 1741 ad
586 1708 659 1743 Cic.
685 1721 738 1745 or.
770 1724 806 1755 p.
830 1713 935 1746 Rosc.
958 1712 1036 1746 Am.
1061 1723 1093 1746 c.
1115 1711 1174 1753 47,
1197 1711 1276 1746 136.
1300 1713 1455 1756 Herzog.
1478 1713 1523 1746 ad
1545 1712 1642 1748 Caes.
1666 1715 1708 1749 B.

342 1767 387 1801 G.
411 1768 452 1808 V,
475 1767 510 1802 8.
531 1769 663 1801 Duker.
688 1770 733 1802 ad
748 1770 827 1804 Liv.
852 1772 1015 1814 XXXIII,
1031 1772 1066 1814 9,
1090 1771 1123 1806 8.
1148 1791 1193 1796 -
1217 1771 1342 1805 Paucis
1356 1777 1432 1816 post
1454 1772 1571 1806 diebus
1593 1784 1711 1808 omnes

342 1826 416 1860 fere
438 1826 521 1860 libri
544 1832 676 1870 tenent,
699 1829 767 1863 nisi
784 1831 876 1874 quod
898 1831 934 1864 in
950 1832 1068 1865 Guelf.
1085 1831 1119 1866 5.
1133 1831 1166 1866 9.
1184 1834 1218 1865 et
1232 1832 1314 1865 Ven.
1331 1831 1365 1865 3.
1390 1830 1519 1875 legitur
1530 1833 1610 1876 μά.
1619 1838 1710 1877 post,

342 1886 376 1920 in
392 1887 485 1921 Med.
503 1887 535 1920 l.
563 1891 680 1922 autem
707 1893 741 1924 et
758 1890 875 1927 Guelf.
895 1890 930 1925 6.
952 1896 1031 1935 post
1046 1891 1159 1934 deest,
1192 1901 1260 1933 quo
1283 1890 1365 1923 fisus
1379 1889 1516 1924 Cottius
1535 1893 1710 1935 praeposi-

341 1946 471 1980 tionem
497 1946 636 1982 delevit.
683 1949 776 1992 Quin
802 1953 985 1994 utrumque
1015 1950 1084 1984 dici
1114 1949 1221 1994 possit
1242 1961 1310 1983 non
1326 1954 1377 1983 est
1409 1949 1571 1992 dubium
1595 1956 1710 1986 tamen

340 2006 532 2040 cavendum
555 2010 628 2048 est,
651 2018 694 2041 ne
720 2008 797 2052 quis
812 2009 919 2044 solius
940 2009 1084 2044 ablativi
1108 2010 1250 2044 eandem
1273 2008 1345 2042 vim
1370 2019 1444 2042 esse
1467 2010 1584 2044 credat
1606 2015 1709 2055 etque

341 2067 481 2101 alterius
503 2071 714 2109 structurae,
747 2069 999 2112 praepositione
1026 2072 1159 2103 auctae.
1205 2069 1293 2103 Nam
1317 2080 1423 2112 quum
1443 2074 1520 2112 post
1533 2071 1710 2114 praeposi-

341 2127 434 2161 tione
448 2131 561 2161 certue
583 2127 748 2161 terminus
774 2129 990 2174 designetur,
1012 2139 1080 2171 quo
1104 2129 1239 2172 expleto
1255 2128 1386 2172 aliquid
1408 2128 1539 2162 factum
1560 2140 1634 2162 esse
1655 2129 1709 2163 di-

341 2186 453 2229 eitur,
475 2187 510 2220 id
533 2198 632 2222 secus
647 2191 700 2222 est
721 2188 876 2222 ablativo
898 2188 988 2222 nude
1003 2188 1124 2231 posito.
1172 2189 1250 2232 Quo
1265 2199 1370 2231 quum
1386 2187 1523 2231 proprie
1543 2188 1709 2232 temporis

342 2240 508 2291 punctum
532 2247 606 2281 sive
627 2251 840 2282 momentum
863 2247 1091 2292 significetur,
1124 2247 1160 2281 in
1182 2248 1273 2291 quod
1296 2248 1390 2282 facta
1412 2247 1530 2290 aliqua
1550 2258 1605 2280 res
1621 2247 1707 2281 inci-

342 2307 411 2350 dit,
443 2312 517 2342 tum
538 2307 678 2352 longior
709 2319 845 2352 quoque
877 2308 1040 2352 temporis
1062 2309 1231 2348 ambitus,
1262 2309 1355 2342 intra
1377 2318 1475 2352 quem
1500 2306 1631 2350 aliquid
1651 2308 1705 2349 fit,

340 2367 408 2402 isto
431 2378 513 2403 casu
529 2367 773 2412 comprehendi
796 2370 925 2411 potest,
949 2368 998 2402 ita
1013 2371 1051 2403 ut
1072 2372 1239 2412 quantum
1256 2371 1371 2411 patent
1391 2367 1455 2402 iste
1481 2365 1630 2400 ambitus
1652 2367 1706 2400 di-

341 2432 435 2462 ctum
462 2427 601 2471 quidem
623 2427 687 2470 sit,
717 2427 776 2462 sed
799 2438 867 2461 non
888 2439 1024 2462 necesse
1050 2428 1095 2463 sit
1126 2440 1199 2462 rem
1223 2440 1264 2463 eo
1286 2429 1388 2472 plane
1410 2427 1545 2470 expleto
1575 2427 1705 2460 factam

341 2487 502 2532 cogitari.
525 2488 571 2521 cf.
603 2489 761 2532 Herzog.
787 2488 831 2522 ad
854 2487 949 2522 Caes.
975 2488 1018 2522 Β.
1047 2489 1089 2522 G.
1108 2489 1164 2529 lv,
1189 2488 1246 2532 18,
1269 2489 1301 2522 1.
1353 2487 1520 2522 Diebus
1554 2487 1704 2520 decem

341 2548 432 2581 omni
447 2559 547 2592 opere
569 2551 721 2592 perfecto
744 2549 908 2583 exercitus
932 2550 1176 2583 transducitur.
1205 2549 1251 2583 id.
1278 2548 1319 2581 B.
1339 2547 1376 2580 C.
1399 2547 1443 2590 11,
1467 2547 1523 2581 21.
1575 2548 1705 2581 Tarra-

342 2619 456 2641 conem
483 2609 644 2652 paucis
678 2609 832 2642 diebus
865 2610 1029 2652 pervenit.
1075 2609 1199 2643 Noster
1233 2609 1307 2652 lug.
1333 2607 1431 2648 xm,
1454 2606 1488 2640 6.
1538 2606 1704 2641 Paucis

342 2668 508 2702 diebus
542 2669 684 2702 Romam
717 2669 853 2713 legatos
887 2669 1013 2709 mittit,
1047 2670 1122 2713 quis
1151 2669 1335 2713 praecepit.
1365 2667 1513 2707 XXXV,
1544 2666 1580 2700 9.
1627 2668 1703 2710 lpse

340 2729 504 2772 paucis
528 2728 682 2763 diebus
708 2731 879 2773 profectus
904 2734 964 2764 est.
990 2729 1180 2770 xxxvlu,
1202 2728 1234 2762 9.
1287 2727 1345 2762 Uti
1372 2727 1531 2762 diebus
1553 2727 1702 2761 decem
