1826 3276
378 157 464 201 578
739 149 789 194 0.
815 147 1152 193 SALLUSTI
1188 148 1412 194 CRISPI

385 283 486 315 vern
528 278 776 311 maxumum
820 264 1085 321 obtestatus,
1126 269 1175 309 ut
1215 264 1388 310 sceleris
1431 267 1566 324 atque
1597 247 1736 326 perfi-

385 365 484 410 diae
526 327 702 406 Bocchi
743 360 863 405 testis
912 359 1107 419 adesset,
1153 373 1208 404 ex
1246 360 1395 404 castris
1443 360 1564 404 abire
1604 360 1736 406 iubet.

347 461 371 501 3
385 458 467 502 Ille
500 457 746 501 lacrumans
782 469 923 507 orare,
955 469 1013 499 ne
1048 470 1101 499 ea
1135 455 1360 509 crederet3
1397 454 1503 499 nihil
1530 454 1636 499 dolo
1669 455 1740 499 fa-

386 559 528 608 ctum,
569 567 624 596 ac
662 551 806 610 magis
842 526 1074 595 calliditate
1110 549 1373 610 Iugurthae,
1421 551 1506 607 cui,
1538 549 1742 595 videlicet

346 646 642 708 4speculanti‚
667 647 748 690 iter
775 661 901 690 suum
930 647 1155 706 cognitum
1180 651 1307 690 esset.
1343 645 1566 702 Ceterum,
1598 660 1741 704 quon-

382 745 470 789 iam
503 757 650 802 neque
676 743 908 802 >ingentem
941 741 1262 787 multitudinem
1302 739 1511 797 haberet,
1555 746 1600 785 et
1640 754 1745 800 spes

379 908 635 954 perfidiam
658 907 739 949 illis,
763 918 830 940 non
853 906 1013 941 virtutem
1035 906 1224 940 accessisse.
1247 904 1385 940 FAmm.
1413 922 1461 930 —
1491 906 1543 940 Ac
1566 906 1646 940 ante
1667 914 1744 938 ma-

380 968 440 1013 gis
463 967 600 1007 Curtius
621 970 751 1001 temere
778 965 924 1010 delevit,
954 977 999 1000 ne
1027 976 1095 1000 uno
1129 965 1267 1009 quidem
1290 965 1365 999 cod.
1388 964 1602 999 assentiente.
1647 963 1746 998 Nihil

381 1030 499 1061 autem
528 1026 759 1071 frequentius,
791 1036 898 1069 quam
929 1036 1152 1070 praegressae
1175 1025 1362 1060 sententiae
1392 1023 1576 1069 negativae
1598 1022 1746 1068 adiungi

381 1087 602 1127 contrariam,
625 1096 714 1129 quae
737 1085 874 1129 proprie
897 1097 958 1129 per
981 1085 1236 1120 adversativam
1258 1079 1466 1128 particulam
1493 1084 1620 1128 opponi
1642 1083 1745 1117 debe-

381 1144 453 1187 bat,
478 1146 521 1179 de
543 1156 612 1188 quo
635 1146 780 1189 copulae
801 1156 867 1178 usu
890 1145 988 1187 vide,
1015 1156 1103 1188 quae
1125 1144 1161 1179 in
1183 1144 1381 1179 universum
1404 1143 1553 1179 diximus
1575 1144 1620 1178 ad
1642 1143 1746 1178 Catil.

382 1215 414 1239 c.
443 1205 510 1247 IV,
539 1205 574 1239 2.
605 1217 640 1248 p.
671 1205 729 1240 24.
751 1205 797 1238 cf.
819 1205 911 1250 Aug.
935 1204 1106 1239 Matthias
1129 1204 1172 1238 ad
1195 1204 1268 1239 Cic.
1289 1216 1325 1248 p.
1348 1205 1454 1240 Rosc.
1474 1204 1554 1238 Am.
1577 1213 1608 1239 c.
1628 1202 1666 1245 4,
1687 1201 1746 1236 10.

380 1265 505 1300 Animo
527 1276 616 1298 non
638 1265 884 1308 deficiam,
910 1269 954 1313 et
976 1265 1014 1298 id
1035 1263 1126 1309 quod
1147 1264 1298 1308 suscepi,
1328 1264 1416 1308 quod
1436 1267 1573 1307 potero,
1593 1263 1747 1307 perfe-

381 1334 492 1359 ram.
538 1323 699 1358 Bremius
729 1324 774 1357 ad
805 1323 889 1367 Nep.
918 1314 1020 1357 Paua.
1051 1333 1082 1357 c.
1111 1323 1170 1363 111,
1194 1324 1226 1358 7.
1251 1323 1441 1367 Wopkens.
1464 1323 1572 1356 Lectt.
1598 1320 1695 1354 Tull.
1710 1320 1746 1366 J,

380 1382 440 1418 13.
469 1394 505 1427 p.
535 1381 583 1417 75
613 1394 664 1426 sq.
694 1382 811 1417 Beier.
850 1382 895 1416 ad
925 1381 998 1416 Cic.
1020 1381 1063 1415 de
1088 1381 1160 1417 off.
1182 1382 1244 1426 111,
1268 1382 1302 1423 6,
1323 1382 1380 1416 32.
1404 1394 1437 1426 p.
1462 1380 1543 1425 234.
1565 1380 1745 1415 ‘Goerenm

380 1442 426 1477 ad
447 1441 559 1486 Legg.
581 1442 625 1484 11,
647 1441 705 1483 21,
729 1441 785 1476 53.
808 1453 841 1485 p.
865 1442 944 1478 184.
967 1461 1014 1469 —-
1042 1442 1220 1483 Videlicet,
1243 1440 1334 1485 quod
1356 1441 1393 1475 in
1414 1441 1552 1476 Fabric.
1575 1441 1617 1475 1..
1640 1441 1746 1483 deest,
1803 1436 1808 1446 '

382 1500 533 1542 Curtius,
556 1501 600 1534 ab
622 1501 745 1545 ineptis
769 1502 922 1536 librariis
944 1504 1099 1535 assutum
1122 1501 1249 1541 dicens,
1271 1500 1384 1543 eiecit,
1409 1499 1493 1544 quia
1514 1510 1634 1534 veram
1656 1503 1746 1535 stru·

381 1563 499 1595 cturae
528 1559 698 1594 rationem
729 1572 796 1595 non
828 1560 1009 1605 perspexit.
1061 1560 1244 1594 Particula
1272 1559 1364 1593 enim
1395 1571 1464 1594 non
1488 1559 1533 1594 ad
1555 1559 1747 1594 coniuncti-

380 1630 466 1654 vum
495 1619 643 1653 refertur
673 1631 716 1654 ex
740 1621 888 1655 relativo
919 1619 1144 1664 pendentem,
1175 1630 1265 1663 quae
1291 1619 1383 1653 ratio
1404 1619 1647 1663 explicativam
1669 1630 1745 1654 sen-

381 1678 526 1715 tentiam
558 1681 759 1714 annectendi
787 1692 869 1715 sane
900 1680 1049 1714 insolens
1071 1683 1106 1714 et
1128 1679 1253 1714 vitiosa
1274 1679 1375 1721 foret,
1407 1679 1467 1714 sed
1489 1679 1534 1713 ad
1555 1679 1747 1724 speculanti

380 1739 541 1784 pertinet,
561 1749 603 1773 eo
624 1739 765 1783 quidem
787 1740 943 1783 consilio,
966 1744 1005 1774 ut
1027 1740 1201 1775 excusatio
1225 1739 1418 1781 adiuvetur,
1441 1749 1512 1783 qua
1533 1739 1644 1773 Volux
1665 1739 1747 1773 Sul-

381 1799 439 1834 lae
461 1799 667 1842 persuadere
688 1803 844 1844 conatur,
873 1811 942 1834 non
964 1800 1089 1834 fraude
1113 1811 1195 1842 sua,
1218 1799 1277 1834 sed
1299 1800 1379 1834 dolo
1400 1800 1591 1845 Iugurthae
1612 1800 1746 1834 factum

382 1868 467 1901 esse,
490 1860 528 1892 ut
551 1857 618 1892 iter
639 1868 742 1892 suum
764 1868 832 1891 non
854 1858 1035 1895 celaretur.
1079 1859 1354 1904 Interpunctione
1384 1859 1492 1904 igitur
1525 1860 1642 1895 addita
1662 1871 1746 1904 per-

382 1917 558 1962 spicuitati
598 1916 785 1952 sententiae
822 1920 1068 1953 consulendum
1107 1919 1316 1963 putavimus.
1361 1919 1521 1955 ceterum
1551 1921 1659 1955 verba
1689 1921 1746 1955 cui

383 1978 450 2013 iter
482 1978 716 2023 cognitum
747 1982 835 2013 esset
866 1990 934 2014 non
971 1979 1168 2025 significant
1207 1980 1279 2022 cui,
1300 1980 1368 2014 iter
1410 1984 1563 2015 notum
1607 1985 1745 2026 esset,

383 2038 444 2074 sed
476 2039 532 2072 cui
563 2038 606 2072 de
633 2038 757 2072 itinere
780 2039 938 2074 auditum
961 2045 1061 2082 esset,
1084 2041 1142 2074 vel
1161 2040 1221 2084 qui
1243 2039 1285 2075 de
1308 2041 1430 2074 itinere
1453 2036 1675 2084 cognovisset.

475 2100 509 2140 §-
531 2097 566 2132 4.
589 2100 623 2132 et
644 2097 677 2132 5.
702 2109 810 2142 ‘neque
832 2117 878 2125 —
900 2103 952 2142 et]
999 2102 1052 2134 De
1073 2100 1130 2134 his
1152 2099 1334 2144 particulis
1355 2109 1391 2134 v.
1415 2099 1460 2134 ad
1482 2099 1512 2141 1,
1535 2099 1570 2133 5.
1594 2110 1630 2143 p.
1653 2098 1746 2133 8.-

385 2158 494 2193 voces
527 2169 604 2203 spes
633 2168 776 2202 opesque
816 2158 888 2193 iam
928 2171 1032 2203 supra
1061 2160 1211 2204 legimus
1241 2160 1439 2194 coniunctas
1470 2170 1502 2194 c.
1533 2158 1577 2200 X,
1608 2158 1667 2200 1.;
1697 2159 1744 2194 cf.

384 2218 506 2262 CXIV,
528 2218 563 2252 4.
586 2218 731 2263 Fragm.
755 2218 906 2254 Historr.
928 2220 990 2261 111,
1013 2219 1070 2261 11,
1092 2220 1126 2254 2.
1163 2221 1294 2254 Earum
1316 2219 1391 2253 vim
1413 2222 1448 2253 et
1469 2229 1590 2253 veram
1611 2222 1748 2254 senten-

383 2278 471 2313 tiam
493 2289 562 2312 non
584 2282 758 2313 assecutus
780 2283 831 2314 est
852 2279 1008 2320 Cortius,
1039 2279 1099 2323 qui
1122 2278 1164 2313 ad
1188 2279 1291 2313 Catil.
1313 2290 1344 2312 c.
1368 2279 1472 2322 xxl,
1494 2276 1531 2313 1:
1559 2280 1745 2324 praecepit,

384 2338 500 2383 figura
527 2336 570 2373 ἓν
600 2337 666 2373 &oi
697 2340 804 2374 δυοῖν
834 2339 1022 2385 significari
1043 2345 1196 2384 speratas
1220 2349 1310 2383 opes.
1354 2338 1423 2372 Sed
1443 2338 1619 2383 utriusque
1640 2351 1747 2375 voca-

385 2397 460 2432 buli
490 2401 694 2441 potestatem
726 2411 787 2444 per
817 2411 855 2434 se
883 2401 1003 2434 valere
1034 2399 1116 2434 satis
1146 2402 1198 2434 est
1220 2399 1256 2432 in
1279 2398 1416 2442 aprico3
1440 2410 1516 2443 spes
1536 2398 1646 2444 igitur
1667 2403 1746 2436 sunt

385 2458 519 2492 auxilia
543 2461 670 2501 futura
699 2465 733 2494 et
762 2464 928 2504 sperata3
956 2462 1075 2494 contra
1104 2470 1183 2503 opes
1212 2459 1255 2492 de
1282 2459 1420 2502 paratis
1448 2463 1483 2494 et
1509 2460 1747 2502 praesentibus

386 2517 525 2551 auxiliis
545 2517 788 2563 intelligendae
817 2524 906 2555 sunt.
940 2537 987 2545 --
1025 2519 1168 2554 Credere
1190 2518 1326 2552 Cortius
1355 2522 1418 2562 pro
1443 2529 1539 2552 more
1560 2518 1745 2553 temerario

386 2577 522 2619 omisit,
545 2577 672 2622 quippe
694 2579 751 2612 cui
773 2590 860 2614 unus
882 2579 958 2616 cod.
981 2580 1144 2624 Berger.‚
1173 2578 1208 2613 in
1232 2589 1300 2622 quo
1322 2579 1468 2614 verbum
1490 2578 1605 2621 deest,
1632 2578 1744 2622 pluris

385 2636 431 2672 sit
469 2640 660 2672 ceterorum
689 2637 859 2674 librorum
888 2639 968 2674 fide.
1033 2639 1104 2672 Sed
1134 2642 1374 2682 praeterquam
1404 2639 1497 2683 quod
1525 2640 1571 2674 ab
1603 2642 1743 2674 externa

385 2696 592 2732 auctoritate
620 2696 764 2734 minime
789 2702 986 2744 suspectum
1017 2702 1069 2735 est
1089 2699 1314 2745 vocabulum,
1347 2699 1425 2745 ipso
1447 2701 1549 2735 seusu
1569 2699 1742 2742 maximo·
