1826 3276
411 177 493 217 172
771 175 815 217 C.
847 175 1162 220 SALLUSTI
1192 180 1409 224 CRISPI

410 266 583 343 retent,
602 287 738 330 multa
769 289 961 347 superba
995 295 1038 332 et
1071 281 1265 337 crudelia
1299 295 1493 342 facinora
1527 299 1761 344 nobilitatis

410 381 665 434 ostendere3
707 396 886 440 prorsus
930 384 1114 429 intentus
1157 388 1277 430 omni
1319 388 1455 433 modo
1487 393 1630 451 plebis
1663 395 1759 454 ani-

377 484 532 526 4mum
558 476 841 523 accendebat.
882 477 977 522 Sed
1003 479 1208 536 quoniam
1235 496 1287 524 ea
1310 488 1571 543 tempestate
1588 487 1761 532 Romae

407 571 595 615 Memmi
635 570 838 615 facundia
873 574 991 616 clara
1024 575 1283 633 pollensque
1318 577 1399 621 fuit
1412 611 1425 631 ‚
1474 579 1634 625 decere
1667 584 1760 642 exi-

408 667 594 710 stumavi
637 681 769 710 unam
813 682 867 711 ex
914 640 1004 712 tam
1050 669 1194 713 multis
1238 672 1480 717 orationem
1523 676 1614 719 eius
1653 691 1760 735 per-

409 761 625 818 scribere,
670 776 722 805 ac
765 763 1052 821 potissumum
1096 779 1149 808 ea
1193 765 1361 824 dicam,
1410 783 1524 827 quae
1566 771 1611 814 in
1654 786 1761 815 con-

1616 846 1635 862 δ

407 936 466 980 qui
483 936 687 971 Sallustium
713 937 762 972 ita
786 937 961 982 scripsisse
982 939 1147 974 coniecit:
1169 941 1380 976 concionibus
1400 945 1560 988 populum
1581 946 1630 990 ad
1649 946 1762 981 sism-

405 997 552 1030 candum
568 997 712 1039 hortari,
735 999 984 1042 rempublicam,
1007 999 1201 1034 libertatem
1222 1012 1265 1035 ne
1288 1002 1493 1038 desererent.
1538 1005 1646 1040 Recta
1658 1004 1764 1039 sensit

405 1056 611 1090 Gerlachius
633 1068 722 1100 quae
744 1057 805 1090 ille
827 1057 935 1091 deleri
957 1058 1060 1102 velit,
1093 1071 1231 1094 monere
1261 1061 1430 1105 verbum,
1459 1063 1651 1106 particulae
1680 1075 1762 1108 pro-

404 1117 573 1150 hibitivae
592 1117 827 1160 anaphoram,
849 1129 948 1151 suam
970 1129 1167 1161 pronomen,
1191 1130 1234 1153 ea
1256 1119 1394 1165 singula
1417 1132 1479 1164 pro
1499 1122 1657 1158 Sallustii
1678 1134 1762 1157 con-

403 1176 480 1210 silis
502 1187 665 1235 magnam
689 1177 761 1210 vim
783 1166 914 1211 habere
937 1178 980 1211 ad
1012 1188 1128 1213 acrem
1152 1179 1310 1213 Memmii
1330 1179 1504 1224 animum,
1542 1182 1603 1226 qai
1624 1183 1761 1227 plebem

403 1237 447 1270 ad
469 1236 586 1270 odium
609 1236 798 1270 nobilitatis
819 1237 1032 1281 stimularet,
1057 1239 1311 1274 declarandum.

494 1301 528 1331 et
551 1295 718 1339 crudelia]
744 1297 791 1331 Et
814 1297 950 1331 eortius
973 1297 1088 1332 omisit
1110 1299 1178 1333 fido
1200 1299 1306 1334 trium
1328 1301 1426 1336 codd.
1445 1301 1592 1343 Gnolflt,
1617 1303 1760 1336 Eccard.

401 1356 506 1392 Fabr.
530 1356 561 1389 1.
586 1356 620 1391 2.
647 1358 681 1389 et
704 1355 805 1389 Rem.
828 1356 884 1396 l.;
918 1357 975 1390 sed
999 1362 1135 1401 praeter
1156 1358 1364 1394 relicuorum
1388 1366 1589 1395 consensum
1611 1362 1760 1396 maxime

402 1416 515 1449 obstat
536 1415 697 1458 loquendi
720 1427 810 1449 usus.
857 1417 935 1459 Qua
965 1418 1043 1461 lege
1059 1418 1145 1452 ·duo
1181 1419 1352 1454 adiectiva
1378 1421 1592 1455 substantivo
1620 1426 1758 1465 postpo-

400 1475 464 1509 sita
488 1476 611 1518 copula
636 1486 752 1509 carere
776 1475 923 1519 possint,
955 1477 1103 1511 diximus
1124 1478 1169 1511 ad
1193 1490 1221 1512 c.
1246 1480 1408 1524 xxvul,
1431 1481 1465 1515 4.
1498 1481 1575 1515 Alia
1597 1481 1686 1515 ratio
1709 1484 1760 1516 est

398 1535 429 1569 si
461 1534 630 1568 adiectiva
659 1546 783 1568 nomen
811 1536 1028 1578 praecedunt.
1074 1537 1143 1571 Ubi
1173 1538 1266 1572 enim
1301 1539 1350 1573 ita
1372 1544 1573 1583 comparata
1592 1544 1690 1583 sunt,
1721 1544 1760 1575 ut
1783 1532 1793 1545 ¹

397 1598 556 1628 neutrum
586 1594 732 1628 arctiore
760 1595 909 1638 quodam
942 1607 1032 1630 nexu
1057 1607 1136 1629 cum
1167 1597 1380 1631 substantivo
1402 1598 1606 1640 cohaereat,
1637 1601 1759 1644 copula

398 1655 518 1689 abesse
540 1654 680 1697 noquit3
703 1660 797 1688 recte
817 1666 901 1689 vero
924 1655 1096 1689 omittitur
1118 1655 1148 1689 si
1169 1657 1318 1690 altorum
1340 1668 1418 1691 cum
1440 1658 1578 1692 nomine
1601 1659 1635 1707 in
1653 1670 1758 1694 unam

399 1714 496 1758 quasi
518 1713 691 1748 notionem
715 1715 897 1755 coalescit,
927 1718 966 1747 ut
995 1714 1089 1757 prius
1120 1717 1355 1751 tantummodo
1385 1718 1458 1752 veri
1491 1718 1675 1761 praedicati
1697 1729 1758 1762 po-

398 1778 555 1809 testatem
579 1774 730 1815 habeat,
759 1785 827 1816 quo
850 1774 1105 1808 substantivum
1128 1786 1207 1809 cum
1230 1777 1341 1811 altero
1363 1777 1532 1812 adiectivo
1555 1778 1657 1812 simul
1672 1779 1756 1812 deii-

399 1834 525 1869 niatur.
548 1834 592 1867 cf.
614 1834 787 1867 Bnuerum
810 1833 854 1867 ad
877 1833 992 1867 Sanct.
1016 1834 1162 1870 Minerv.
1186 1837 1237 1878 ΙΙ,
1261 1835 1295 1870 8.
1319 1849 1354 1881 p.
1374 1837 1528 1881 240sqq.
1550 1839 1659 1873 wilh.
1675 1839 1755 1874 Em.

400 1894 541 1928 Weberi
563 1894 761 1928 Exercitatt.
793 1893 876 1938 styli
905 1895 979 1927 Lat.
1003 1895 1114 1929 v01.1.
1147 1906 1181 1938 p.
1200 1896 1257 1932 27.
1274 1901 1342 1945 not.
1361 1897 1418 1932 63.
1449 1898 1580 1934 Bremi.
1603 1899 1648 1932 ad
1668 1899 1755 1942 Nep.

398 1954 535 1988 Datum.
570 1954 690 1994 c.111‹‚
722 1953 755 1986 2.
806 1955 882 1998 Ipse
913 1955 1046 1998 agresti
1077 1955 1250 1999 duplici
1283 1957 1478 1990 amiculo
1512 1959 1753 1993 circumdatus.

398 2013 522 2048 Noster
542 2014 619 2057 lug.
646 2013 841 2056 xxxviii,
864 2014 896 2047 6.
921 2014 1045 2047 Cohors
1067 2026 1138 2048 una
1163 2015 1330 2059 Ligurum
1353 2027 1427 2050 cum
1448 2018 1568 2060 paucis
1588 2029 1755 2063 grega-

398 2073 483 2106 riis
515 2073 745 2106 militibus
777 2073 946 2106 transiere
975 2074 1023 2107 ad
1054 2085 1184 2118 regem.
1231 2074 1387 2108 Plurima
1418 2087 1459 2109 ex
1484 2077 1584 2110 Livio
1613 2078 1758 2115 contulit

398 2132 702 2166 Drakenborchius
725 2133 769 2166 ad
789 2132 816 2173 l,
842 2132 884 2172 14
897 2160 905 2173 ,
927 2132 960 2165 7.
986 2143 1028 2166 ex
1051 2133 1173 2176 quibus
1194 2135 1359 2168 nonnulla
1381 2135 1450 2168 huc
1472 2137 1699 2171 transcribere
1710 2138 1755 2172 li-

400 2196 491 2233 ceat,
515 2197 554 2226 ut
575 2193 613 2233 1,
636 2191 702 2235 31,
724 2191 757 2226 8.
792 2193 903 2234 Quum
926 2193 974 2226 ibn·
997 2194 1167 2236 quaedam
1189 2195 1318 2229 occulta
1348 2196 1574 2231 sollennia
1605 2199 1754 2231 sacri·

393 2252 512 2295 ficia
538 2253 611 2285 Ιουί
643 2251 751 2285 Elicio
777 2254 880 2294 facta
913 2252 1108 2287 invenisset.
1132 2254 1165 2296 1,
1191 2253 1257 2297 57,
1285 2255 1340 2289 11.
1375 2256 1422 2290 Et
1452 2261 1524 2291 tum
1552 2258 1688 2302 quidem
1711 2259 1755 2291 ab

399 2317 562 2346 nocturno
585 2312 780 2346 iuvenili
802 2313 844 2345 lu
853 2313 902 2345 do
925 2313 961 2345 in
983 2317 1100 2347 castra
1122 2315 1275 2348 redeunt.
1296 2315 1403 2358 xml,
1425 2314 1482 2358 50,
1503 2317 1538 2351 6.
1566 2317 1756 2352 cervicibus

400 2383 512 2406 corum
526 2377 779 2416 praepotentem
795 2372 1046 2416 finitimum
1065 2383 1214 2418 regem
1232 2375 1438 2419 imposuisse.
1452 2377 1710 2420 xxxvn1‚5z,
1721 2378 1754 2411 1.

402 2432 468 2465 Hic
491 2433 657 2476 speciosus
679 2432 868 2466 ultimus
892 2432 984 2466 dies
1008 2433 1046 2466 P.
1070 2434 1220 2478 Scipioni
1243 2435 1365 2469 illuxit.
1411 2435 1506 2470 Adde
1527 2437 1653 2471 catull.
1667 2438 1696 2478 1,
1720 2439 1753 2472 l.

403 2492 491 2534 Quoi
523 2492 610 2525 dono
643 2492 792 2536 lepidum
822 2503 979 2526 novum
1013 2493 1247 2528 libellum?
1281 2495 1351 2528 Cic.
1376 2496 1420 2530 do
1440 2497 1549 2540 [segg.
1572 2497 1610 2537 1,
1640 2496 1673 2536 9,
1696 2497 1752 2531 26.

404 2552 543 2584 Natura
557 2562 671 2585 rerum
683 2552 908 2595 plurimarum
925 2553 1082 2587 obscuras
1104 2556 1380 2589 necessarias
1400 2555 1756 2599 ,intelligentias

403 2606 576 2650 enodavit,
599 2611 689 2654 quod
708 2611 917 2646 Goerenzius
937 2625 1117 2658 perperam
1139 2614 1291 2659 explicat
1311 2615 1397 2649 absc.
1415 2615 1522 2649 intell.
1547 2627 1658 2659 quae
1680 2628 1755 2650 nc-

404 2670 642 2704 oessariae
665 2676 787 2712 sunt,
810 2683 918 2714 quum
940 2673 1055 2716 potius
1077 2679 1196 2709 contra
1215 2675 1260 2708 sit
1281 2685 1404 2708 necess.
1419 2675 1525 2708 intell.
1550 2687 1662 2719 quae
1683 2677 1754 2709 ob—

405 2739 564 2764 scurae
595 2741 677 2764 sun
688 2735 713 2766 t.
759 2731 875 2775 Neque
898 2733 1036 2768 omniuo
1058 2744 1140 2768 usus
1160 2734 1326 2768 rationem
1348 2734 1513 2769 intellexit
1537 2735 1576 2775 V„
1601 2735 1662 2779 n.,
1695 2735 1756 2778 qui
