1826 3276
396 182 452 223 52
761 178 803 220 C.
836 175 1151 218 SALLUSTI
1184 176 1403 219 CRISPI

396 293 459 337 ria
493 291 758 336 honoravisti
786 298 949 347 tuaque
978 290 1133 332 virtute
1170 290 1293 333 nobis
1328 291 1555 333 Romanos
1575 303 1627 332 ex
1649 290 1759 333 ami-

400 388 459 431 cis
494 387 789 430 amicissumos
826 382 990 435 fecisti3
1033 384 1077 426 in
1122 384 1338 442 Hispania
1371 399 1534 426 nomen
1570 383 1760 427 familiae

396 485 654 524 renovatum
701 485 789 529 est3
833 483 1084 537 postremo,
1124 478 1247 534 quod
1288 478 1608 523 difficillumum
1648 478 1760 521 inter

365 573 590 618 3mortalis
626 578 712 626 est,
742 572 885 632 gloria
918 572 1123 616 invidiam
1148 573 1296 616 vicisti.
1367 574 1520 628 Nunc,
1555 573 1762 630 quoniam

395 667 502 712 mihi
546 672 699 711 natura
742 667 878 711 finem
921 666 1036 711 vitae
1078 666 1206 724 facit,
1260 683 1342 727 per
1386 667 1501 711 hanc
1548 667 1761 722 dextram,

396 821 427 842 c.
445 809 564 844 xmv.
589 821 624 853 p.
647 808 728 844 419.
752 807 930 852 praecipit.
954 827 998 833 —
1033 809 1154 842 Gloria
1187 809 1415 850 honoravist1‘3
1451 810 1495 843 cf.
1524 810 1598 844 Cat.
1621 809 1706 850 xu,
1728 807 1761 842 4.

396 870 518 902 Domus
541 880 621 902 suas
650 869 808 914 gloria
835 868 1134 903 decorabant.
1158 869 1299 909 XXXV,
1323 869 1358 902 3.
1407 869 1483 902 Νοπ
1507 869 1631 912 dignos
1654 868 1762 900 homi—

392 940 452 963 nes
477 929 644 962 honore
681 928 763 961 hon
778 933 960 962 estates
983 928 1152 963 videbam.
1176 929 1287 961 Cun'r.
1313 948 1353 952 —
1378 929 1445 962 Pro
1461 934 1603 972 tuaque
1627 927 1764 960 Cottius

393 1000 434 1022 ex
460 989 581 1022 Franc.
606 991 640 1023 et
667 988 784 1021 Guelf.
807 987 862 1027 6.,
887 988 1011 1030 quibus
1045 988 1178 1022 accedit
1210 988 1303 1021 Leid.
1328 989 1367 1022 A.
1383 1013 1392 1030 ‚
1430 987 1590 1031 copulam
1621 985 1760 1028 abiecit,

392 1048 483 1091 quod
506 1052 635 1081 temere
659 1048 802 1080 factum.
825 1067 871 1073 --
900 1046 1028 1080 Nomen
1053 1047 1220 1088 familiae
1253 1053 1453 1081 renovatum
1477 1052 1527 1080 est
1555 1045 1639 1078 satis
1662 1044 1763 1078 multi

392 1108 428 1142 in
451 1107 561 1150 iisqne
585 1106 708 1150 optimi
732 1105 814 1138 libri
837 1108 995 1146 tuentur3
1020 1105 1055 1138 in
1079 1109 1243 1148 quattuor
1267 1111 1301 1141 et
1323 1107 1448 1151 viginti
1469 1110 1583 1140 tamon
1606 1109 1682 1148 post
1697 1106 1762 1147 fa-

393 1168 509 1200 miliae
532 1166 687 1201 additum
711 1164 838 1209 legitur
863 1170 1023 1204 nostrae,
1054 1165 1088 1197 in
1125 1165 1256 1199 duobus
1288 1177 1407 1206 meae,
1431 1176 1520 1208 quae
1542 1175 1658 1198 merae
1684 1166 1763 1198 sunt

392 1227 584 1260 scribarum
600 1227 746 1274 glossee.
778 1226 837 1258 Est
857 1224 986 1258 omittit
1004 1224 1140 1258 Fabric.
1165 1225 1197 1257 l.
1221 1236 1324 1268 quem
1348 1225 1483 1259 Cottius
1506 1234 1684 1268 perperam
1707 1234 1762 1256 se-

392 1286 578 1330 quitur.—
606 1286 737 1319 Nomen
764 1285 786 1318 i.
811 1296 838 1321 e.
873 1285 1008 1329 gloria,
1040 1285 1217 1327 praeclara
1244 1285 1360 1324 sumzu
1386 1295 1418 1318 v.
1445 1284 1597 1318 Gronov⁴
1626 1283 1668 1317 nd
1686 1283 1760 1317 Liv.

392 1347 506 1380 Praef.
524 1349 554 1388 §.
571 1346 603 1379 3.
624 1347 774 1388 Herzog.
794 1344 837 1377 ad
854 1345 950 1379 Caes.
968 1345 1010 1379 B.
1034 1344 1076 1378 G.
1091 1345 1153 1386 111,
1167 1345 1199 1378 9.
1219 1357 1251 1388 p.
1277 1343 1353 1378 167.
1376 1355 1407 1377 ν.
1423 1343 1514 1377 infra
1533 1344 1575 1377 ad
1592 1356 1621 1377 c.
1642 1343 1759 1383 LVIII,

391 1405 425 1439 8.
439 1423 482 1430 -—
509 1407 569 1439 Est
589 1410 663 1448 post
688 1404 843 1438 mortalis
867 1403 1107 1438 revocavimus
1129 1403 1334 1438 auctoritate
1357 1403 1565 1447 optimorum
1590 1403 1759 1436 librorum

391 1464 500 1499 Vatic.
517 1466 558 1497 A.
575 1465 655 1498 Bas.
679 1465 708 1496 1.
734 1464 902 1498 Commel.
926 1464 1010 1498 ΝΜ.
1033 1463 1112 1497 Son.
1142 1465 1172 1497 l.
1199 1463 1294 1497 Leid.
1311 1465 1350 1498 L.
1375 1475 1415 1498 ac
1429 1463 1656 1507 plurimorum
1671 1461 1760 1495 alio-

392 1536 486 1565 rum3
511 1524 684 1565 Cortium,
708 1523 766 1566 qui
794 1529 932 1566 propter
953 1523 1180 1567 paucissimos
1200 1524 1308 1557 libros
1335 1523 1516 1565 omiserat,
1550 1511 1760 1556 secut11s⁸est

392 1584 598 1618 Gerlachius
621 1584 655 1616 in
680 1585 733 1616 ed.
760 1583 911 1624 maiore,
941 1594 1007 1617 non
1030 1583 1113 1617 item
1136 1585 1171 1618 in
1194 1583 1338 1616 minore.
1372 1585 1490 1618 Recte.
1535 1581 1622 1614 Nam
1646 1579 1680 1612 in
1703 1579 1758 1612 his

390 1655 451 1686 per
466 1655 502 1676 ee
526 1643 711 1677 admodum
735 1644 874 1677 incertis
899 1648 959 1677 aut
982 1643 1017 1676 id
1034 1643 1125 1686 quod
1149 1643 1274 1686 optimi
1302 1642 1510 1686 plurimique
1535 1640 1631 1674 codd.
1646 1641 1759 1672 tenent

391 1704 666 1746 amplectendum
691 1710 760 1744 est,
786 1708 846 1737 aut
869 1703 991 1747 ubique
1009 1702 1032 1735 ii
1052 1703 1130 1735 libri
1147 1703 1320 1744 srquendi,
1343 1703 1402 1744 qui
1427 1700 1511 1735 talia
1525 1711 1592 1733 uon
1608 1699 1756 1738 balneum

388 1773 476 1806 quae
498 1764 668 1806 posterior
690 1763 780 1797 ratio
802 1774 906 1806 quam
932 1763 1067 1796 lubrica
1090 1765 1125 1795 et
1148 1761 1333 1795 temeraria
1348 1761 1392 1795 sit
1406 1772 1471 1795 non
1495 1765 1546 1794 est
1568 1759 1658 1802 quod
1681 1769 1757 1791 mo-

388 1833 500 1856 neam.
529 1823 584 1864 [es
609 1824 737 1856 amicis.
762 1823 806 1856 cf.
835 1823 878 1857 ad
901 1822 999 1856 Rutil
1033 1823 1121 1865 Lup.
1145 1833 1179 1865 p.
1199 1820 1276 1855 189.
1300 1821 1382 1864 Fa]

478 1883 512 1926 §.
535 1882 569 1915 3.
608 1884 718 1925 finem
741 1883 849 1925 vitae]
885 1883 988 1914 Hunc
1019 1882 1203 1914 verborum
1239 1880 1392 1913 ordinem
1424 1890 1542 1913 omnes
1574 1879 1646 1911 fere
1674 1877 1755 1911 libri

386 1946 548 1982 servunt3
572 1942 708 1977 Curtius
734 1947 862 1982 tamen,
885 1941 999 1974 nescio
1024 1940 1135 1979 unde,
1160 1939 1267 1973 edidit
1289 1941 1383 1972 vitae
1403 1940 1524 1981 finem,
1550 1939 1639 1981 quod
1664 1937 1754 1970 mul-

387 2006 440 2035 tus
463 2003 536 2035 edd.
555 2001 690 2035 invasit.
738 2003 959 2044 Quamquam
983 2003 1097 2032 autem
1114 2001 1230 2042 postea
1253 2004 1424 2041 repertum
1446 2001 1497 2031 est
1520 2008 1542 2031 a
1567 1995 1754 2031 Gerlachio

385 2063 478 2095 hunc
494 2062 646 2095 ordinem
668 2059 743 2094 vat.
768 2061 807 2096 A.
831 2061 864 2093 3.
892 2060 970 2092 Ven.
996 2059 1030 2092 l.
1057 2070 1097 2092 ac
1124 2059 1215 2092 Med.
1240 2058 1273 2092 5.
1299 2057 1515 2097 confirmari,
1538 2061 1653 2090 tamen
1676 2055 1754 2089 vul-

385 2128 469 2166 gato
494 2123 641 2155 deterior
666 2122 818 2158 videtur,
845 2131 948 2163 quum
966 2120 1018 2152 vis
1040 2118 1228 2152 sententiae
1249 2119 1284 2152 in
1300 2118 1471 2152 vocabulo
1477 2119 1586 2160 finem
1609 2115 1753 2149 insit.—

391 2183 438 2214 'I'e
460 2186 538 2225 post
565 2183 777 2226 obtestorque
800 2180 836 2214 iu
860 2179 969 2214 Vatic.
993 2181 1033 2213 A.
1058 2178 1138 2212 Bas.
1157 2178 1190 2211 1.
1214 2178 1350 2212 rubrio.
1366 2179 1398 2211 1.
1416 2176 1533 2211 Guelf.
1557 2175 1590 2209 5.
1615 2174 1752 2210 multis-

383 2253 451 2285 que
474 2240 567 2283 aliis,
596 2240 702 2275 etiam
725 2240 844 2274 Berol.
868 2240 900 2274 1.
925 2239 956 2272 2.
981 2242 1017 2273 et
1041 2237 1156 2279 Misn.‚
1186 2238 1340 2272 additum
1375 2237 1530 2282 legitur-3
1554 2235 1615 2270 alii
1638 2239 1751 2269 tamen

384 2313 451 2335 non
467 2302 615 2342 habent,
637 2312 722 2344 quos
747 2300 884 2334 eortius
905 2303 940 2332 et
962 2298 1168 2332 Gerlachius
1191 2298 1297 2332 secuti
1319 2302 1407 2330 sunt.
1455 2296 1524 2330 Nos
1538 2295 1750 2330 retinendum

383 2361 603 2405 putavimus,
635 2370 745 2404 quum
768 2359 858 2403 quod
892 2359 985 2392 haud
1020 2358 1266 2392 contemnenda
1296 2357 1392 2390 codd.
1416 2356 1484 2389 fide
1505 2355 1626 2389 nititur
1641 2379 1652 2396 ‚
1675 2357 1750 2389 tum

383 2421 532 2455 maxime
555 2421 645 2464 quod
669 2419 835 2454 orationis
858 2419 1014 2463 gravitas
1037 2423 1070 2452 et
1094 2417 1329 2461 oppositorum
1354 2415 1443 2450 ratio
1464 2413 1626 2459 flagitare
1651 2413 1748 2447 vide-

383 2485 440 2515 tur
461 2492 562 2522 eum,
585 2481 628 2514 ad
653 2490 757 2523 quem
779 2479 866 2512 haec
889 2477 1082 2512 cohortatio
1104 2481 1254 2520 spectat,
1278 2476 1402 2509 diserte
1424 2474 1604 2508 nominari.
1650 2473 1748 2508 Nihil

381 2541 473 2575 enim
508 2541 600 2574 valet
639 2539 818 2573 Gerlachii
851 2542 1114 2583 argumentum,
1154 2543 1188 2571 te
1222 2548 1244 2570 a
1278 2534 1444 2569 Sallustio
1474 2534 1640 2567 omissum
1674 2543 1748 2566 esse

380 2606 518 2645 propter
542 2611 684 2643 sequens
707 2600 780 2634 tihi.
805 2618 846 2623 —
879 2598 947 2632 Per
975 2598 1111 2642 regni
1132 2598 1241 2640 fldem
1267 2597 1291 2631 i.
1309 2607 1339 2629 e.
1363 2606 1425 2639 per
1447 2604 1524 2628 eam
1538 2593 1654 2632 fidem,
1677 2601 1746 2634 qua

378 2673 452 2695 esse
473 2661 569 2695 decet
598 2671 677 2694 eum
692 2684 702 2702 ,
735 2659 793 2702 qui
823 2670 967 2702 regnum
1003 2659 1144 2692 obtinet.
1163 2676 1209 2682 -
1242 2655 1362 2688 Verbis
1390 2654 1519 2687 alienos
1551 2653 1744 2695 adiungere

375 2720 481 2755 Acad.
502 2724 537 2754 et
559 2720 678 2754 Incert.
704 2718 735 2751 l.
761 2718 913 2752 inserunt
934 2718 1016 2758 tibi,
1051 2717 1172 2752 scribis
1196 2714 1431 2762 ignorantibus
1456 2713 1561 2747 verba
1584 2711 1739 2746 dativum
