1826 3276
403 170 767 216 IUGURTHA.
830 170 968 215 cAl’.
997 170 1120 215 XVI.
1414 175 1471 216 m

63 295 111 335 et
148 293 256 335 tunc
302 289 348 333 in
383 289 556 335 Senatu
583 294 779 349 -potens,
825 289 930 347 quia
968 288 1124 333 consul
1161 286 1213 334 C.
1251 286 1468 333 Graccho

61 392 109 432 et
140 385 211 433 M.
247 385 408 431 Fulvio
454 386 621 431 Flacco
663 386 907 431 interfectis
953 401 1186 430 acerrume
1233 385 1465 430 victoriam

58 483 300 529 nobilitatis
354 484 400 528 in
452 484 642 544 plebem
697 489 974 530 exercuerat.
1062 483 1182 527 Eum
1238 482 1494 544 1ugurtha3

57 581 236 626 tametsi
271 582 449 626 Romae
483 582 530 625 in
572 580 757 624 inimicis
793 578 1039 636 habuerat,
1087 586 1239 633 tamen
1275 596 1462 625 accura-

55 678 240 725 tissume
273 678 472 739 recepit3
519 675 672 721 dando
711 681 757 722 et
798 676 1092 737 pollicitando
1128 677 1270 721 multa
1302 677 1461 739 perfe-

57 777 139 834 cit,
178 776 250 830 ,uti
271 775 409 830 vfama
429 807 443 832 ,
485 773 579 818 fide
599 806 614 831 ,
656 779 893 834 postremo
937 774 1143 818 omnibus
1189 773 1277 818 suis
1323 775 1457 819 rebus

32 871 346 933 &commodum
386 872 510 933 regis
556 871 812 916 anteferret.
889 871 1105 916 Relicuos
1151 871 1330 931 legatos
1374 879 1490 922 ea-4

53 969 160 1015 dem
191 969 263 1015 via
298 985 566 1032 aggressus,
618 968 864 1030 plerosque
910 969 1064 1030 capit3
1108 967 1266 1030 paucis
1312 967 1457 1013 carior

50 1138 88 1172 p.
113 1125 172 1162 39.
190 1147 238 1155 —-
259 1126 333 1162 Pro
356 1131 451 1170 tum,
471 1126 574 1172 'quod
610 1137 732 1161 omnes
755 1124 855 1161 codd.
878 1125 1012 1160 habere
1034 1125 1218 1170 videntur,
1252 1123 1455 1170 scripsimus

49 1192 154 1232 tunc,
185 1191 224 1223 nt
255 1187 435 1223 sententia.
462 1188 640 1232 postulat,
676 1199 786 1233 quum
827 1188 873 1223 ad
906 1191 1041 1221 certum
1074 1186 1255 1231 praeteriti
1287 1186 1456 1231 temporis

48 1253 217 1294 punctum
241 1249 459 1295 respiciatur.
484 1250 524 1284 V.
550 1250 596 1283 ad
626 1261 657 1285 c.
685 1250 726 1292 V,
751 1249 785 1283 1.
817 1253 853 1284 et
883 1249 971 1291 vn,
993 1248 1028 1283 4.
1054 1248 1204 1290 XXXII,
1228 1246 1262 1281 1.
1286 1265 1333 1273 —·
1360 1247 1454 1291 Quia

47 1314 146 1345 recte
167 1310 250 1345 inde
271 1321 295 1346 a
316 1311 455 1355 Popma
485 1314 519 1345 et
549 1309 703 1344 Gruter-0
727 1310 843 1345 editur
866 1321 929 1355 pro
952 1310 1032 1355 qui,
1066 1309 1159 1353 quod
1181 1297 1327 1353 plurimi
1350 1308 1453 1343 codd.

46 1373 185 1414 tenent3
218 1373 426 1407 confirmant
448 1375 566 1406 tamen
587 1376 744 1406 nostram
776 1371 990 1416 scripturam
1011 1370 1141 1405 Nazar.
1174 1371 1256 1404 Bas.
1281 1369 1315 1404 1.
1340 1369 1451 1405 Fabr.

47 1432 83 1466 1.
106 1431 188 1467 Sen.
212 1433 246 1470 1.
269 1434 375 1469 Rem.
399 1434 434 1468 2.
461 1432 582 1468 Guelr.
607 1433 642 1470 3.
674 1431 771 1468 Leid.
795 1433 843 1468 H.
867 1434 896 1469 Ι.
920 1433 967 1467 Κ.
994 1432 1033 1466 L.
1055 1432 1107 1466 Μ.
1130 1431 1174 1468 Ν.
1210 1430 1299 1465 Tur.
1324 1441 1373 1465 m.
1395 1442 1449 1475 pr.

46 1493 154 1528 Bern.
178 1494 213 1531 1.
235 1494 271 1530 3.
294 1496 370 1531 Eri.
394 1496 486 1542 Teg.
509 1493 688 1530 Berol.·2.
713 1498 748 1528 et
771 1494 893 1532 Goerl.
935 1494 1127 1535 Caussam,
1154 1504 1218 1527 cur
1241 1492 1326 1538 quia
1348 1503 1451 1537 prae-

46 1554 231 1605 ferendum
252 1555 321 1601 eit,
351 1561 445 1592 recte
478 1554 652 1602 perspexit
675 1555 832 1590 GronoV.
867 1555 904 1589 in
928 1555 1128 1591 observatt.
1159 1554 1222 1599 IV,
1247 1554 1281 1589 5.
1308 1566 1344 1599 p.
1366 1553 1450 1589 567.

46 1616 104 1651 ed.
134 1616 229 1661 Lips.
275 1618 316 1653 In
338 1622 502 1662 promptu
525 1621 578 1651 est
600 1616 695 1651 enim
727 1616 785 1651 his
807 1616 924 1651 verbis
951 1628 1021 1650 non
1050 1615 1204 1651 describi
1237 1615 1370 1660 Opimii
1394 1615 1450 1650 in-

46 1675 214 1722 genium,
242 1679 282 1712 ut
314 1677 620 1720 antecedentibus,
652 1678 713 1712 sed
735 1677 909 1712 rationem
933 1676 1051 1721 reddi,
1086 1689 1148 1712 cur
1170 1678 1207 1711 in
1232 1678 1365 1712 Senatu
1385 1688 1450 1722 po-

47 1742 122 1772 tens
135 1737 262 1782 suerit.
289 1757 334 1764 —
357 1739 428 1773 Pro
459 1740 577 1773 consul
610 1737 647 1771 in
680 1737 854 1782 plerisque
882 1738 985 1773 libris
1014 1738 1214 1773 scribarum
1245 1737 1451 1783 ignorantia

45 1798 141 1833 dedit
167 1799 384 1840 consulibus,-
405 1798 663 1834 nominativum
688 1803 805 1834 tamen
829 1802 972 1834 servant
993 1799 1121 1834 Nazar.
1145 1800 1231 1834 Bas.
1250 1799 1284 1833 1.
1308 1800 1449 1834 Fabric.

46 1860 80 1895 1.
101 1859 135 1895 2.
165 1854 275 1897 Acad.
299 1860 375 1896 Erl.
398 1861 490 1906 Teg.
513 1865 548 1895 et
573 1859 696 1895 Goerl.
726 1879 772 1887 -
808 1861 1001 1895 Victoriam
1018 1871 1175 1895 exercere
1203 1861 1327 1895 eodem
1342 1860 1449 1896 modo

44 1920 179 1956 dictum
201 1921 279 1957 Cat.
295 1921 500 1964 XXXVIII,
521 1921 556 1958 4.
579 1920 643 1954 ubi
660 1932 694 1955 V.
714 1922 796 1956 coll.
818 1922 1085 1957 Drakenborch.
1110 1922 1156 1957 ad
1175 1921 1256 1957 Liv.
1269 1922 1327 1965 vl,
1346 1920 1450 1964 22‚4.

11 2023 14 2026 .
135 1984 171 2026 §-
193 1981 230 2017 3.
275 1982 314 2016 in
335 1982 499 2027 inimicis]
524 1983 577 2016 lta
595 1982 732 2026 scripsi,
757 1982 1007 2027 praeeuntibus
1025 1981 1135 2026 Bipp.
1158 1982 1310 2028 Langio,
1335 1983 1452 2017 Muel-

43 2043 118 2078 lero
141 2048 176 2078 et
197 2043 334 2087 Fabro,
367 2055 431 2089 pro
455 2044 603 2089 vulgato
627 2043 664 2076 in
688 2043 830 2085 amicis,
867 2044 961 2088 quod
985 2042 1198 2078 Gerlachius
1221 2043 1258 2078 in
1281 2043 1336 2079 ed.
1361 2043 1446 2078 mai.

0 2120 2 2122 ·
43 2103 206 2150 reliquit,
230 2104 267 2140 in
291 2105 499 2140 Commentt.
523 2117 560 2149 p.
582 2102 664 2138 239.
689 2107 728 2139 ut
750 2105 878 2139 salsum
902 2104 1096 2146 damnavit,
1118 2104 1154 2139 in
1179 2105 1234 2139 ed.
1256 2105 1449 2141 novissima

43 2169 164 2201 autem
184 2177 248 2210 pro
271 2164 471 2200 incredibili
490 2165 726 2201 inconstantia
749 2178 814 2201 sna
836 2178 956 2202 rursus
978 2165 1141 2212 repetiit,
1167 2167 1356 2202 Weissium
1380 2167 1449 2202 ha-

43 2227 128 2262 bens
147 2226 321 2262 acuminis
343 2227 490 2262 socium.
515 2226 586 2262 Sed
610 2229 671 2273 qui
694 2229 877 2274 sequentia
899 2231 1062 2263 accurate
1084 2228 1370 2270 consideraverit,
1394 2228 1448 2263 in-

43 2287 183 2334 teuiget
206 2287 390 2333 opimium
418 2290 556 2324 Romae
587 2301 656 2324 non
690 2290 800 2324 fuisse
832 2290 1028 2336 Iugurthae
1061 2290 1236 2330 amicum
1267 2301 1330 2323 cur
1353 2288 1447 2323 enim

42 2359 130 2394 opus
151 2348 278 2384 fuisset
303 2349 420 2384 dando
442 2355 477 2385 ct
496 2351 726 2396 pollicitando
744 2354 856 2387 multa
874 2364 954 2386 eum
973 2350 1043 2386 sibi
1064 2350 1269 2397 adiungere,
1290 2350 1351 2394 qui
1374 2349 1447 2384 iam

0 2438 4 2449 ,
42 2421 66 2446 a
89 2410 247 2456 partibus
268 2410 340 2445 suis
363 2411 493 2446 staret?
516 2413 706 2457 Ipsumque
724 2415 874 2458 perfecit
905 2414 1072 2455 verbum,
1107 2413 1169 2457 (de
1192 2412 1291 2446 cuius
1307 2411 1450 2456 propria

14 2471 81 2510 svi
104 2471 150 2508 cf.
174 2472 407 2517 Herzog.—ad
438 2472 542 2508 Catil.
566 2474 666 2516 xlv,
688 2474 722 2509 3.
751 2485 785 2518 p.
808 2474 889 2520 72)
921 2473 1095 2515 ostendit,
1134 2484 1206 2506 non
1238 2473 1311 2508 sine
1335 2473 1448 2507 multo

0 2548 7 2574 ’,,
42 2532 165 2569 labore
187 2533 226 2568 id
248 2537 472 2568 consecutum
495 2546 569 2570 esse
592 2535 822 2579 Iugurtham,
858 2540 896 2571 ut
927 2535 1110 2580 Opimium
1138 2534 1207 2568 sibi
1231 2533 1445 2569 conciliaret.

0 2583 11 2642 f}
42 2593 203 2638 Denique
233 2594 340 2630 etiam
373 2597 516 2630 tametsi
549 2596 723 2640 particula
755 2597 902 2632 eandem
927 2597 1138 2640 scripturam
1162 2594 1305 2637 suadet,
1335 2594 1446 2638 siqni-

43 2654 124 2689 dem
148 2655 301 2690 maxime
321 2656 359 2690 in
383 2656 428 2691 iis
451 2657 753 2692 enunciationibus
777 2658 986 2693 concessivis
1010 2658 1126 2692 locum
1144 2656 1292 2698 -habet,
1325 2655 1386 2690 ubi
1410 2655 1447 2689 id

41 2716 136 2760 quod
158 2717 414 2752 consectarium
438 2722 511 2759 est,
545 2718 697 2753 insolens
720 2712 795 2753 esse
819 2718 968 2763 dicitur,
990 2723 1026 2753 et
1048 2718 1099 2762 ei,
1126 2717 1220 2762 quod
1244 2715 1447 2750 condicione

0 2780 15 2799 *-
43 2776 258 2823 continetur,
291 2778 393 2823 quasi
422 2784 617 2826 repugnat3
652 2791 684 2814 v.
709 2780 923 2817 Ramshorn.
949 2780 1110 2816 Gramm.
1142 2779 1222 2814 Lat.
1248 2779 1281 2821 §-
1304 2777 1386 2821 191,
1412 2777 1445 2811 l.

110 2849 165 2894 11.
1132 2851 1162 2896 ἵ
