1826 3276
450 195 824 240 IUGURTHA.
882 195 1012 240 GAP.
1038 194 1195 239 XLIIL
1429 199 1515 241 249

126 314 332 359 ctoritate
371 314 483 357 'socii
529 328 784 372 nomenque
828 313 1066 371 Latinum,
1126 319 1174 359 et
1191 316 1198 323 “
1216 328 1349 374 reges
1395 314 1512 359 ultro

126 410 285 460 auxilia
319 411 519 468 mittere3
562 417 793 472 postremo
837 411 980 455 omnis
1023 410 1173 455 civitas
1208 426 1382 456 summo
1416 417 1513 457 stu-

124 506 206 558 ‘dio-
238 508 527 553 annitebatur.
596 508 755 568 ltaque
797 523 854 552 ex
888 509 1104 552 sententia
1137 509 1340 554 omnibus
1375 509 1545 555 rebus5

44 617 49 624 ’
123 605 290 665 paratis
320 606 681 666 compositisque,
716 606 760 650 in
789 605 1051 649 Numidiam
1078 606 1378 666 proficiscitur
1412 623 1511 652 ma-

124 717 218 763 gua
259 717 341 763 spe
385 703 570 758 civium,
629 717 770 761 quum
813 708 1005 762 propter
1049 703 1190 747 bonas
1236 705 1363 762 artis,
1415 711 1511 750 tum

125 814 355 856 maxume,
399 798 523 858 quod
568 799 806 843 advorsum
850 799 1024 844 divitias
1066 800 1279 845 invictum
1314 803 1510 848 animum
1575 809 1579 812 ’

124 911 256 945 caussis
286 909 495 955 intelligitur
517 909 674 944 effictum
695 921 770 944 esse
793 921 816 945 a
837 909 1005 946 librariis.
1051 911 1161 945 Valde
1191 911 1284 945 enim
1315 917 1514 957 suspectum

124 983 168 1007 eo
191 972 366 1016 redditur,
388 971 482 1016 qnod
505 971 590 1006 Bas.
614 971 648 1007 4.
672 971 780 1006 habet
802 973 967 1014 mittunt,
998 972 1092 1006 Med.
1116 971 1150 1006 4.
1174 977 1292 1007 antem
1315 975 1512 1019 mittebant,

123 1043 214 1078 quae
234 1019 381 1077 utraque
402 1031 506 1066 simul
530 1043 610 1066 cum
633 1031 806 1066 infinitivo
835 1043 904 1066 non
928 1033 1119 1077 potuissent
1142 1033 1252 1076 oriri,
1289 1034 1318 1068 si
1342 1036 1512 1081 mittendo

123 1093 169 1128 ab
202 1092 278 1138 ipso
300 1093 471 1128 Sallustio
504 1097 593 1128 esset
620 1093 807 1138 proditum.
855 1093 986 1128 Contra
1015 1098 1111 1138 patet
1142 1105 1184 1127 ex
1208 1094 1381 1130 infinitivo
1405 1109 1513 1132 unum

123 1153 249 1190 fecisse
277 1156 444 1196 mittunt,
478 1153 592 1189 alium
622 1155 832 1197 mittebant,
865 1154 1038 1200 plurim⁰s
1061 1154 1252 1199 mittendo,
1285 1157 1419 1193 scilicet
1442 1170 1512 1203 quo

123 1213 230 1260 prius*
249 1226 388 1260 quoque
419 1215 587 1250 orationis
617 1217 816 1262 membrum
847 1216 995 1251 eandem
1029 1218 1135 1259 utque
1165 1217 1336 1260 posterius
1364 1219 1512 1255 haberet

121 1279 345 1312 structuram.
391 1276 551 1322 Denique
579 1277 642 1322 qui
663 1276 915 1312 Sallustianum
948 1276 1086 1311 dicendi
1108 1289 1219 1322 genus
1242 1278 1422 1324 cognitum
1444 1280 1512 1315 ha-

123 1336 202 1379 bet,
230 1337 339 1372 facile
367 1338 491 1374 sentiet
519 1350 626 1383 quam
657 1349 700 1373 ex
721 1338 797 1372 eius
819 1349 919 1372 more
941 1337 988 1372 sit
1008 1341 1047 1372 ut
1070 1337 1282 1373 infinitivum
1303 1340 1511 1376 historicum

121 1397 274 1443 excipiat
295 1398 561 1444 imperfectum,
591 1411 627 1435 V.
651 1400 695 1435 ad
718 1391 838 1435 c.'xv
853 1426 864 1443 ,
881 1399 939 1443 2.,
972 1409 1064 1443 quae
1086 1399 1255 1434 orationis
1276 1401 1510 1437 conformatio

119 1459 254 1495 scribas
284 1460 422 1505 saepius
453 1460 500 1495 ad
530 1459 773 1505 interpolanda
803 1461 956 1496 auctoris
987 1460 1098 1494 verba
1129 1460 1277 1496 seduxit.
1316 1481 1363 1489 —
1397 1464 1512 1499 Verba

121 1522 204 1557 moin·
226 1533 428 1568 nomenque
451 1521 617 1556 Latinum
647 1521 742 1556 idem
772 1521 974 1568 siguificare
1004 1525 1109 1566 atque
1137 1523 1222 1557 socii
1244 1523 1366 1558 Latini
1397 1529 1511 1561 censet
1565 1531 1567 1534 “

123 1581 304 1618 Manutius
325 1583 372 1618 ad
394 1583 468 1617 Cic.
489 1583 589 1618 Lael-
613 1595 644 1617 c.
664 1582 701 1625 3,
725 1583 782 1620 12.
806 1595 875 1618 non
896 1583 1130 1626 dissentiente,
1158 1587 1199 1618 ut
1220 1583 1370 1629 videtur,
1396 1587 1511 1621 Geru-

121 1642 258 1685 hard03
302 1644 516 1688 eandemque
552 1643 760 1679 sententiam
796 1644 1019 1690 amplectitur
1054 1645 1318 1679 Drakenborch.
1353 1647 1399 1680 ad
1433 1647 1510 1683 [aiv.

122 1703 280 1748 XXXV,
311 1705 378 1747 20,
412 1703 467 1747 4.,
512 1708 700 1749 praeeunte
730 1703 878 1749 Sigonio
910 1706 954 1740 de
985 1706 1101 1750 Antiq.
1134 1707 1203 1741 Iur.
1236 1706 1315 1740 Ital.
1341 1706 1379 1749 1,
1402 1707 1437 1742 2.
1475 1712 1510 1743 et

123 1762 314 1798 Ηοῑιιωυῑο
343 1765 484 1810 Antiqq.
511 1766 582 1800 lur.
609 1766 715 1801 Rom.
747 1759 1046 1811 lib.1.‘Append.
1077 1778 1109 1802 c.
1131 1766 1177 1800 ιι.
1215 1767 1248 1809 ς.
1272 1765 1331 1801 ⁷4.
1368 1777 1403 1810 p.
1427 1767 1509 1803 295.

116 1824 175 1870 βά.
194 1825 374 1860 Haubold.
390 1837 494 1870 quem
513 1825 669 1871 sequitur
690 1826 797 1861 etiam
812 1827 1004 1862 Creuzerus
1026 1827 1063 1861 in
1078 1827 1217 1872 Antiqq.
1235 1827 1341 1861 Rom.
1376 1830 1411 1871 §.
1429 1828 1513 1863 2⁰2.

110 1897 156 1931 P.
178 1885 259 1921 3⁰⁷.
287 1888 342 1922 ed.
366 1889 411 1922 11.
435 1887 504 1922 Sed
529 1898 743 1932 quamquam
767 1888 906 1931 Latini,
941 1900 1066 1924 nomeu
1085 1889 1254 1923 Latinum
1278 1892 1314 1922 et
1336 1889 1420 1923 socii
1447 1901 1510 1924 no-

121 1949 224 1984 minis
247 1949 371 1985 Latina·
401 1960 470 1984 non
504 1948 633 1983 diversi
664 1953 744 1984 sunt
774 1950 864 1984 inter
891 1961 952 1993 se,
987 1954 1105 1985 tamen
1135 1949 1220 1984 socii
1253 1961 1302 1983 ae
1331 1961 1423 1984 nom.
1455 1951 1511 1994 Ιι.,

119 2011 204 2045 moin·
221 2016 266 2046 et
285 2021 376 2046 nom.
389 2010 483 2052 Lat,
505 2010 588 2044 socii
604 2015 807 2055 nomenque
827 2011 869 2046 L.
888 2011 1085 2046 necessario
1107 2023 1171 2056 pro
1192 2010 1339 2064 difersis
1359 2012 1512 2046 habendi

120 2076 224 2114 sunt,
254 2081 338 2106 nam
366 2071 486 2118 figura
515 2074 699 2116 poetarum
720 2069 764 2107 ἓν
787 2069 851 2107 διὰ
875 2073 986 2108 δυοῖν
1009 2073 1190 2108 Romanos
1213 2071 1320 2107 etiam
1346 2072 1383 2107 in
1407 2075 1512 2108 rebus

121 2133 286 2168 civilibus
307 2144 390 2168 usos
405 2143 497 2174 esse,
520 2131 583 2166 ubi
603 2131 716 2166 omnis
737 2132 954 2178 ambiguitas
975 2137 1011 2168 et
1034 2133 1230 2168 obscuritas
1253 2133 1399 2170 vitanda
1420 2140 1511 2179 erat,

121 2195 226 2240 plane
246 2194 416 2230 absonum
439 2199 475 2228 et
497 2193 688 2230 absurdum
710 2197 773 2228 est.
819 2195 938 2238 Quare
967 2195 1054 2230 socii
1083 2194 1304 2241 intellig-endi
1326 2200 1406 2230 sunt
1430 2198 1510 2232 Ita-

122 2257 202 2297 lici,
224 2255 286 2300 qui
309 2255 420 2290 simili
441 2259 547 2299 atque
569 2254 685 2289 Latini
708 2255 909 2290 condicione
932 2255 1015 2291 licet
1039 2257 1159 2301 paullo
1182 2255 1354 2290 deteriore
1377 2261 1512 2292 utentes

121 2327 227 2362 saepe
248 2327 330 2351 cum
351 2315 396 2352 ii·
418 2315 525 2350 simul
547 2315 783 2352 nominantur.
807 2316 855 2353 ef.
881 2328 912 2350 c.
936 2318 1101 2361 XXXIX,
1123 2317 1158 2351 2.
1187 2318 1264 2359 ΧῙι,
1286 2317 1321 2351 2.
1346 2318 1451 2361 XLII,
1475 2318 1510 2354 1.

122 2378 320 2422 LXXXIV,
343 2377 380 2412 2.
406 2377 520 2422 XCV,
544 2375 580 2412 1.
605 2377 682 2412 niv.
705 2378 843 2420 XXIX,
864 2377 930 2421 27,
954 2377 989 2413 2.
1017 2378 1160 2419 Precor,
1183 2379 1238 2412 uti
1262 2390 1305 2412 ea
1327 2379 1426 2422 mihi,
1446 2391 1510 2425 po-

119 2441 203 2486 pulo
233 2440 393 2485 plebique
423 2439 627 2482 Romanae,
659 2440 800 2474 sociis
830 2439 1096 2483 nominique
1119 2439 1286 2474 Latino
1319 2440 1404 2475 bene
1431 2452 1511 2476 ver·-

121 2506 275 2537 runem.
299 2502 372 2538 Cic.
396 2502 517 2536 Somn.
541 2501 638 2546 scip.
663 2513 695 2535 c.
719 2500 755 2541 2,
777 2504 864 2535 extr.
897 2501 948 2534 Te
969 2504 1134 2540 senatus,
1158 2503 1195 2534 te
1217 2511 1331 2536 omnes
1353 2501 1443 2546 boni,
1467 2507 1510 2538 te

121 2564 257 2605 socii,
279 2569 325 2599 te
349 2563 510 2598 Latini
534 2563 767 2598 intuebuntur.
813 2562 948 2596 Eadem
970 2560 1062 2595 ratio
1085 2563 1138 2595 est
1159 2561 1268 2596 etiam
1283 2562 1353 2597 loci
1369 2563 1508 2598 Liviani

123 2624 223 2665 xu,
247 2622 289 2666 8,
310 2622 347 2658 9.
371 2635 477 2668 quem
500 2635 621 2659 omnes
643 2623 848 2667 interpretes
869 2623 962 2657 falso
985 2622 1241 2658 intellexerunt.
1264 2643 1307 2650 —-
1333 2625 1508 2661 Postremo

122 2683 247 2729 explic.
270 2696 300 2719 c.
325 2685 428 2729 XVI,
450 2684 485 2720 3.
510 2705 556 2711 -—
587 2685 658 2720 Pro
682 2685 907 2719 annitebatur
931 2684 1041 2728 Bipp.
1064 2694 1107 2718 ex
1134 2684 1384 2724 tribusCortii
1408 2686 1506 2721 codd.

122 2746 218 2781 male
238 2746 407 2791 scripsere
433 2746 696 2781 adnitebantur.
741 2746 796 2780 De
817 2745 855 2780 vi
876 2745 978 2779 verbi
999 2756 1033 2780 v.
1058 2746 1102 2780 ad
1127 2746 1203 2781 cat.
1228 2746 1334 2789 XIX,
1357 2747 1391 2781 1.

213 2808 250 2850 §-
273 2806 308 2843 5.
353 2818 487 2854 magna
509 2818 569 2853 spe
594 2807 735 2852 civium]
766 2806 844 2843 Vin.
868 2806 902 2842 1.
933 2806 1054 2842 struv.
1077 2807 1186 2842 Fabr-
1211 2804 1244 2841 1.
1275 2817 1299 2842 a
1322 2817 1370 2843 m.
1395 2818 1450 2852 pr.
1473 2810 1507 2841 et
