1826 3276
404 163 488 204 818
768 160 812 203 C.
842 160 1157 204 SALLUSTI
1185 162 1402 207 CRISPI

407 276 524 319 culto
559 279 742 333 repente
784 279 955 318 nostros
989 275 1165 320 invadit.
1191 274 1196 280 ’
1235 277 1324 332 Qui
1357 280 1401 323 in
1435 288 1657 339 proxumo
1693 280 1762 323 lo·—

408 371 489 413 cati
532 369 726 423 fuerant,
770 368 1014 427 paullisper
1051 371 1187 414 territi
1231 373 1566 432 perturbantur-⁸,
1613 375 1763 419 relicui

371 465 495 507 3cito
520 463 794 529 subveniunt,
827 462 973 521 neque
1001 465 1159 509 «liutius
1188 467 1406 511 Numidae
1438 468 1760 529 resistereiqui—

407 558 594 613 vissent,
638 544 683 600 ni
721 558 895 617 pedites
931 573 1032 624 cuin
1073 561 1290 619 equitibus
1324 563 1526 622 permixti
1559 571 1764 623 magnam

405 680 485 710 ante
509 677 616 710 aliam
643 676 755 719 posita
777 676 955 718 versatur,
977 678 1166 724 significet,
1189 690 1268 725 pro
1299 682 1475 716 eastris
1505 682 1666 726 produxit
1695 687 1766 716 est:

402 738 586 781 produxit,
617 742 654 771 ut
682 748 745 781 pro
775 737 897 771 castris
922 744 1032 773 essent
1062 739 1136 773 sive
1159 741 1338 785 agitarent
1361 743 1408 785 (ν.
1431 743 1474 775 ad
1499 753 1530 776 c.
1553 743 1710 784 xxxvl,
1732 741 1765 776 4.

404 809 437 841 p.
461 797 580 840 213),
611 808 716 840 quam
749 797 950 830 sententiam
974 798 1176 832 confirmant
1206 799 1313 834 etiam
1335 801 1452 835 addita
1475 801 1580 834 verba
1603 807 1636 835 et
1659 802 1767 836 aciem

403 858 680 891 instructam
713 856 735 889 h
749 857 889 890 abuit.
936 856 1011 891 Nun
1035 863 1086 892 est
1108 859 1228 904 igitur,
1251 860 1341 903 quod
1362 859 1398 894 in
1420 859 1631 904 explicandis
1654 860 1768 896 verbis

404 927 426 952 a
449 920 610 963 consueta
632 915 893 959 praepositionis
916 917 1050 951 ratione
1071 918 1295 959 discedamus.

493 979 527 1019 §·
553 976 587 1010 3.
634 976 671 1009 ni
692 976 822 1019 pedites
844 995 888 1001 —
912 987 1080 1020 magnam
1104 979 1237 1011 cladem
1253 978 1440 1023 facerent]
1471 978 1550 1014 Vim
1577 979 1769 1024 imperfecti

396 1038 558 1079 facerent
579 1046 621 1069 ex
652 1035 881 1069 condicionali
912 1036 1082 1079 particula
1114 1038 1209 1082 apti,
1243 1038 1333 1082 quod
1357 1039 1464 1083 vulgo
1487 1051 1550 1082 pro
1572 1042 1768 1085 plusquam·

403 1096 556 1139 perfecto
578 1094 727 1138 positum
750 1095 887 1136 dicunt,
909 1095 1046 1130 Cottius
1068 1108 1146 1130 eam
1171 1109 1245 1132 esse
1266 1096 1370 1139 dicit,
1401 1086 1442 1131 ut*
1467 1111 1559 1139 „non
1582 1104 1654 1134 tam
1678 1100 1768 1143 quod

402 1149 486 1188 tnnc'
506 1155 636 1187 factum
659 1154 801 1198 fuisset,
836 1155 895 1189 sed
927 1155 1032 1190 etiam
1057 1157 1138 1200 qnid
1171 1157 1273 1191 moris
1303 1158 1348 1191 sit
1378 1168 1421 1191 eo
1442 1157 1709 1202 significetur-3⁴⁶
1733 1160 1769 1193 in

401 1215 613 1257 eandemque
636 1214 836 1248 sententiam
862 1215 1078 1256 Gerlachius,
1103 1216 1258 1260 repetitis
1282 1217 1368 1250 adeo
1391 1217 1498 1251 Curtii
1520 1220 1645 1262 verbis,
1670 1230 1769 1264 prae-

402 1274 485 1317 cipit
510 1274 544 1307 id
577 1273 678 1317 poni,
711 1273 772 1306 ubi
795 1273 927 1316 aliquid
959 1279 1138 1316 narretur,
1158 1264 1256 1318 'quod
1291 1276 1366 1310 fleri
1391 1277 1508 1311 soleat.
1558 1277 1626 1311 Sed
1649 1289 1771 1321 qnem-

401 1344 480 1367 nam
505 1344 631 1366 morem
656 1344 763 1375 quum
788 1333 822 1367 in
845 1333 913 1366 hoo
943 1334 1039 1375 loco,
1074 1338 1149 1368 tum
1174 1334 1208 1368 in
1237 1337 1316 1370 aliis
1339 1337 1654 1381 eiusdem'generis·
1670 1338 1770 1372 intel-

400 1392 467 1438 ligi
490 1392 621 1434 velint‚
655 1393 802 1426 difficile
833 1393 927 1426 dictu
949 1394 1063 1427 fuerit.
1110 1395 1220 1428 Aliter
1249 1396 1428 1440 Zumptius
1451 1396 1486 1430 in
1509 1391 1667 1430 Granum.
1692 1398 1768 1433 Lat.

401 1453 435 1496 g.
459 1451 517 1494 78,
542 1452 587 1486 2:
601 1462 630 1485 a.
656 1452 690 1488 2.
714 1463 747 1496 p.
771 1452 852 1487 393.
877 1454 931 1487 ed.
954 1453 1009 1486 IV.
1035 1453 1134 1487 docet
1156 1454 1359 1498 imperfecto
1380 1457 1577 1491 absolutam
1599 1457 1769 1490 actionem

399 1511 575 1556 praeteriti
619 1512 784 1555 temporis
825 1512 861 1546 in
897 1523 1055 1556 praesens
1088 1516 1223 1557 tempus
1257 1515 1412 1558 traduci,
1456 1515 1548 1560 quod
1590 1519 1626 1550 et
1654 1515 1782 1559 ipsum?

398 1582 467 1605 non
489 1571 573 1606 satis
597 1570 815 1615 perspicuum
839 1575 903 1613 est,
934 1583 1045 1616 neque
1067 1574 1247 1609 conciliari
1270 1578 1379 1618 potest
1401 1586 1480 1609 cum
1501 1574 1646 1616 ratione,
1665 1586 1770 1620 quam

398 1630 471 1674 ipse
494 1630 596 1671 iniit,
618 1631 950 1678 plusquamperfecti
973 1633 1212 1676 explicationis
1234 1645 1354 1668 caussa
1368 1634 1412 1668 in
1435 1635 1549 1669 locum
1572 1635 1768 1679 imperfecti

397 1690 636 1725 substituendi.
683 1691 826 1725 Rectius
850 1691 893 1724 de
915 1692 984 1725 hoc
1007 1704 1072 1726 nsu
1095 1693 1246 1738 disputat
1271 1695 1417 1728 Godofr.
1444 1694 1696 1730 Stallbaumius
1722 1696 1767 1730 ad

397 1751 630 1785 Buddimann.
663 1751 788 1786 Institt.
819 1751 978 1786 Gramm.
1013 1753 1156 1788 v01.11.
1190 1764 1224 1797 p.
1245 1752 1326 1787 382.
1361 1753 1442 1797 qui:
1473 1765 1605 1796 ‚‚eave,
1644 1754 1767 1798 inquit,

396 1811 636 1855 imperfectum
661 1822 723 1855 pro
746 1811 1087 1855 plusquamperfecto
1109 1813 1259 1856 positum
1282 1816 1399 1856 putes,
1422 1824 1527 1858 quum
1550 1813 1666 1858 potius
1687 1825 1768 1858 pro-

396 1875 473 1915 pter
504 1871 692 1906 sententiae
722 1870 893 1904 rationem
925 1872 1119 1907 necessarie
1159 1874 1352 1917 ponendum
1391 1873 1446 1909 sit.
1499 1874 1631 1909 Iudicat
1661 1874 1766 1915 enim,

396 1943 470 1965 rem
493 1934 566 1965 tum
590 1930 756 1975 temporis
787 1931 902 1964 adhuc
931 1931 1108 1966 duravisse
1136 1933 1282 1967 necdum
1318 1935 1492 1977 peractam
1523 1933 1631 1967 fuisse
1659 1943 1766 1976 quum

395 1991 493 2027 aliud
523 1991 605 2035 quid
640 2002 702 2036 per
732 1992 1104 2035 plusquamperfectum
1134 1993 1333 2027 indicatum·
1352 1992 1423 2027 iam
1446 1996 1535 2026 esset
1565 1993 1766 2036 perfectum.

396 2051 501 2085 Velut
532 2050 623 2094 apud
655 2050 856 2084 Ciceronem
885 2051 992 2086 Brut.
1025 2063 1056 2085 c.
1082 2053 1138 2094 X,
1161 2052 1219 2087 40.
1269 2052 1388 2096 Neque
1422 2053 1511 2086 enim
1539 2053 1611 2085 iam
1639 2053 1767 2086 Troicis

397 2111 604 2155 temporibus
625 2115 762 2146 tantum
786 2111 901 2147 laudis
924 2112 960 2146 in
992 2112 1135 2146 dicendo
1171 2112 1266 2146 Ulisi
1295 2112 1553 2147 tribuisset
1587 2112 1764 2154 Homerus,

397 2189 443 2198 —·
465 2171 566 2206 nisi
596 2171 668 2205 iam
701 2175 772 2205 tum
812 2175 933 2206 esset
964 2172 1068 2206 honos
1105 2172 1343 2216 eloquentiae,
1381 2171 1470 2205 nihil
1499 2171 1597 2206 aliud
1627 2171 1766 2215 dicitur,

396 2241 502 2275 quam
526 2231 615 2265 hoc:
645 2231 765 2264 Honos
789 2231 1006 2274 eloquentiae
1027 2231 1157 2273 stabat,
1181 2241 1288 2274 quum
1313 2231 1667 2279 HomerusWUlyssem
1689 2232 1766 2265 lau·

397 2291 499 2326 dibus
535 2289 720 2331 t'fflaeundiae
751 2293 787 2324 et
815 2290 1029 2334 eloquentiae
1051 2291 1253 2324 celebrasset
1276 2314 1288 2331 ‚
1334 2290 1370 2324 id
1399 2291 1490 2333 quod
1521 2291 1566 2325 ab
1596 2301 1638 2325 eo
1665 2294 1765 2325 antea

398 2351 530 2385 factum
564 2354 651 2385 erat.
664 2351 688 2370 ‘⁸
735 2350 898 2394 [lmmoe
938 2351 1132 2385 celebravit.
1178 2350 1315 2384 omissis
1341 2350 1484 2394 reliquis
1510 2349 1639 2384 verbis.
1671 2350 1762 2394 rm]

398 2411 452 2444 Ita
494 2410 531 2444 in
563 2409 724 2445 Sallustii
754 2411 832 2444 loco
862 2411 901 2444 πί
925 2430 971 2436 -
1000 2413 1162 2457 facerent
1201 2421 1270 2444 non
1309 2411 1441 2444 dictum
1475 2413 1526 2444 est
1555 2421 1620 2454 pro
1649 2411 1690 2443 m·
1719 2429 1763 2436 --
1824 2452 1826 2454 q

392 2472 580 2515 fecissent,
613 2481 724 2515 neque
752 2481 887 2506 morem
921 2471 1028 2506 cladis
1053 2471 1234 2507 faciendae
1266 2469 1414 2513 indicat,
1453 2473 1515 2504 aut
1545 2481 1620 2504 rem
1643 2481 1764 2505 narra-

396 2534 470 2564 tam
501 2531 536 2565 in
568 2542 729 2576 praesens
759 2534 895 2574 tempus
928 2526 1062 2574 trahit,
1104 2531 1164 2566 sed
1197 2530 1331 2564 cladem
1359 2529 1515 2563 hostium
1549 2529 1630 2564 dum
1651 2531 1763 2575 fiebat

395 2590 531 2632 adhuc,
561 2602 670 2634 neque
683 2591 795 2635 finita
819 2595 914 2632 eme,
947 2602 1053 2635 quum
1077 2601 1118 2627 ea
1141 2602 1196 2625 res
1217 2589 1375 2624 Numidis
1393 2589 1464 2623 iam
1486 2589 1633 2624 salutem
1656 2590 1762 2625 affer-

394 2653 469 2693 ret,
501 2650 674 2694 proponit.
719 2651 757 2685 ld
787 2651 916 2686 clarius
946 2649 1052 2686 etiam
1083 2650 1263 2694 apparebit
1292 2650 1324 2684 si
1351 2652 1458 2684 totam
1488 2647 1760 2682 enunciationem

394 2707 445 2744 ita
467 2709 727 2752 immutaveris,
766 2714 806 2745 ut
828 2710 882 2744 vis
910 2709 1154 2744 condicionalis
1183 2709 1373 2753 particulae
1392 2709 1556 2743 tonat-m
1588 2709 1761 2744 Numidae
