1826 3276
387 165 471 205 520
749 161 793 204 G.
824 159 1141 203 SALLUSTI
1173 160 1391 204 CRISPI

520 273 720 319 XCVIII.
760 275 920 332 Neque
955 274 1014 317 in'
1034 288 1088 317 eo
1122 278 1212 318 tam
1243 290 1403 335 aspero
1433 276 1611 336 negotio
1641 276 1746 321 Ma·-

387 370 474 413 rius
519 369 692 411 territus
735 374 808 412 aut
849 369 992 428 magis
1037 383 1170 426 quam
1213 376 1342 413 antea
1380 370 1568 414 demisso
1602 373 1746 416 animo

388 464 486 519 fuit,
523 462 604 506 sed
632 478 732 506 cum
766 468 910 506 turma
944 478 1034 519 sua,
1071 478 1203 521 quam
1238 479 1294 508 ex
1321 465 1577 510 fortissumis
1605 468 1748 526 magis

389 572 538 616 quam*
566 557 920 602 familiarissumis
965 564 1225 618 paraverat,
1269 553 1437 619 vagari‘
1465 561 1653 620 passim,
1696 576 1750 605 ae

388 677 434 711 εἰ.
465 677 564 712 Caes.
597 677 640 711 B.
671 676 713 709 G.
745 677 794 719 u,
821 678 878 719 2⁰,
901 678 936 712 3.
967 678 1032 712 His
1055 678 1317 721 difficultatibus
1343 684 1419 714 erat
1440 675 1587 714 subsidio
1609 681 1752 714 seientia

388 740 492 779 atque
523 746 604 770 usus
633 736 801 778 militum,
834 738 924 781 quod
954 739 1181 783 superioribus
1209 739 1351 782 proeliis
1373 740 1552 773 exercitati
1573 740 1654 784 quid
1669 740 1753 784 fieri

386 800 557 839 oporteret
579 806 647 829 nea
670 797 780 830 minus
803 799 973 832 commode
1004 799 1070 843 ipsi
1099 799 1163 831 sibi
1182 799 1432 842 praescribere,
1465 810 1568 843 quam
1599 800 1644 833 ab
1673 787 1753 833 aliis

387 856 502 889 doceri
531 859 704 900 poterant.
763 856 862 900 Quae
893 858 970 891 laus
1002 869 1108 901 quum
1139 857 1280 891 minime
1312 869 1480 892 novorum
1510 858 1575 901 sit,
1610 860 1754 903 novique

387 915 484 948 nullo
516 915 620 948 modo
651 917 762 958 potest
793 926 815 949 a
845 916 1012 951 Sallustio
1031 917 1198 960 scriptum
1221 928 1305 954 esse.
1350 919 1429 952 Hoc
1452 918 1622 952 vocabulo
1643 917 1755 963 igitur

387 976 524 1009 sublato
548 986 653 1019 quum
678 985 795 1008 omnes
819 976 957 1010 omnino
979 976 1199 1010 difficultates
1223 978 1395 1018 tollantur,
1417 977 1579 1013 omittere
1600 983 1672 1012 non'
1689 977 1754 1012 (lu-

386 1035 592 1078 bitavimus,
627 1034 718 1078 quod
750 1033 946 1070 faciendum
969 1047 1044 1070 esse
1067 1036 1139 1070 iam
1162 1037 1292 1071 dudum
1312 1037 1472 1072 viderunt
1493 1035 1696 1071 Ciacconius
1718 1040 1755 1071 et

386 1093 544 1128 Ursinus.
592 1094 797 1137 corruptela
821 1099 935 1129 antem
958 1097 1187 1140 probabiliter
1209 1108 1251 1131 eo
1275 1100 1352 1131 orta
1375 1100 1446 1140 est,
1477 1097 1567 1140 quod
1591 1096 1755 1130 librarius

388 1153 525 1197 aliquis,
549 1153 748 1188 recordatus
771 1154 839 1188 loci
863 1166 893 1189 c.
911 1157 1114 1195 LXXXVII,
1138 1156 1172 1193 3.
1197 1157 1303 1190 Brevi
1325 1157 1437 1201 spatio
1459 1158 1540 1199 novi
1561 1161 1756 1201 veteresque

388 1215 554 1254 coaluere,
577 1219 610 1247 et
635 1215 787 1247 virtus
810 1217 1002 1251 omnium
1026 1217 1245 1261 acqualis
1269 1219 1423 1260 sacta,
1457 1227 1501 1250 ne
1525 1217 1606 1251 novi
1630 1217 1757 1251 milites

387 1273 493 1307 laude
516 1284 578 1308 sua
597 1273 655 1307 hic
678 1273 916 1318 privarentur,
939 1277 1083 1321 novique
1106 1277 1164 1310 vel
1186 1277 1299 1310 versui
1316 1265 1582 1320 superscripsit,
1602 1272 1662 1311 'vel
1686 1281 1758 1311 sta-

386 1333 449 1368 tim
472 1333 508 1367 in
532 1337 690 1368 contextu
712 1334 838 1377 posuit.
885 1335 954 1370 Sed
977 1347 1087 1380 neque
1109 1336 1220 1369 bonus
1242 1335 1302 1368 ille
1321 1334 1496 1380 librarius,
1520 1348 1630 1381 neque
1651 1337 1758 1372 inter-
1824 1371 1826 1374 ,

387 1396 500 1437 pretes
530 1393 594 1427 isto
628 1394 704 1427 loco
737 1394 788 1427 usi
814 1394 972 1430 viderunt
995 1396 1097 1439 plane
1122 1395 1290 1428 diversam
1314 1405 1388 1427 esse
1409 1394 1588 1439 utriusque
1610 1396 1682 1430 lociv
1700 1407 1758 1431 ra-

386 1452 527 1488 tionem.
574 1452 626 1487 lbi
658 1452 750 1486 enim
777 1458 898 1488 auctor
921 1454 1158 1489 tantummodo
1181 1454 1224 1487 de
1247 1454 1361 1487 animo
1386 1457 1420 1489 et
1441 1455 1569 1489 virtute
1590 1465 1759 1490 novorum

389 1511 560 1555 loquitur,
584 1512 643 1545 hic
666 1514 744 1547 bela·
766 1525 865 1547 usum
889 1521 923 1550 et
947 1515 1122 1548 scientiam
1146 1517 1411 1555 commemorat,
1443 1524 1534 1557 quae
1555 1525 1622 1548 non
1645 1526 1760 1550 neees-

389 1571 482 1604 sario
513 1582 591 1604 cum
623 1572 741 1606 animo
776 1574 856 1607 forti
885 1578 919 1608 et
952 1574 1185 1618 periculorum
1208 1585 1277 1607 non
1299 1576 1473 1607 metuente
1495 1573 1676 1609 coniuncta
1697 1579 1759 1611 est.

390 1631 546 1674 Utraque
568 1642 606 1663 re
628 1630 779 1676 insignes
802 1644 876 1667 esse
897 1635 1010 1667 solent
1033 1634 1206 1675 veterani,
1230 1633 1312 1667 novi
1335 1644 1403 1667 non
1425 1632 1519 1667 item.

481 1690 633 1724 xcvul.
658 1693 690 1733 ς.
711 1690 744 1725 l.
768 1703 870 1736 quam
888 1694 1196 1738 familiarissumis]
1220 1692 1428 1727 Gerlachius
1450 1697 1541 1727 recte
1563 1692 1762 1727 observavit

390 1750 447 1784 his
469 1749 584 1784 verbis
607 1751 702 1785 haud
725 1753 869 1788 obscure
891 1753 1004 1788 notari
1030 1764 1230 1798 perversum
1252 1753 1443 1786 multorum
1465 1752 1594 1786 dueum
1617 1763 1760 1794 morem,

390 1809 450 1854 qui
473 1810 508 1843 in
531 1809 699 1855 eligendis
721 1812 873 1847 cohortis
895 1824 977 1848 suae
1001 1813 1184 1857 equitibusv
1198 1813 1314 1858 potius
1337 1811 1528 1847 nobilitatis
1550 1815 1610 1847 aut
1631 1823 1762 1858 cogna-

391 1870 516 1913 tionis,
548 1881 653 1913 quam
690 1870 901 1906 fortitudinis
934 1874 1103 1907 rationem
1135 1874 1314 1908 haberent.
1360 1872 1499 1907 Similia
1531 1872 1574 1906 de
1596 1873 1763 1918 Agricola

390 1930 512 1964 laudat
531 1929 688 1970 Tacitus,
711 1930 828 1975 Agric.
852 1943 882 1964 c.
907 1933 1007 1967 XIX.'
1026 1933 1105 1967 Non
1126 1935 1247 1968 studiis
1267 1934 1427 1979 privatis,
1448 1944 1510 1966 nec
1533 1943 1574 1966 ex
1596 1943 1763 1966 commen-

392 1989 532 2023 datione
554 1995 617 2023 aut
637 1991 792 2034 precibus
814 1994 1046 2028 centurionum
1074 1993 1199 2027 milites
1225 1994 1355 2034 ascire,
1377 1992 1437 2026 sed
1459 1992 1623 2036 optimum
1646 2003 1762 2037 quem-

392 2060 455 2094 que
474 2049 714 2093 fidelissimum
745 2056 880 2094 putare.
947 2051 1088 2086 Virtutis
1112 2053 1268 2096 praemia
1290 2063 1461 2096 occupare
1483 2052 1706 2087 ambitionem
1729 2055 1765 2087 et

392 2120 454 2152 per
475 2109 629 2154 gratiam
652 2112 848 2153 promoveri
872 2111 1001 2146 milites
1023 2111 1178 2154 queritur
1200 2113 1306 2146 etiam
1330 2113 1448 2157 Veget.
1469 2112 1532 2153 Ill,
1555 2111 1590 2147 3.
1606 2131 1651 2138 -
1676 2113 1763 2146 Pas-

392 2169 456 2202 sim
479 2169 570 2212 expl.
593 2168 638 2203 ad
662 2181 692 2202 c.
715 2170 837 2213 XVIII,
862 2171 894 2206 3.
921 2191 963 2197 —
997 2172 1038 2206 M
1046 2183 1136 2206 anu
1160 2175 1333 2207 consulere
1355 2174 1427 2207 mil.
1474 2172 1662 2205 Muellerus
1685 2183 1762 2216 per-

391 2238 511 2272 peram
535 2228 702 2272 explicat:
726 2231 873 2275 „glad
881 2233 942 2276 io,
967 2243 1069 2275 quem
1088 2233 1359 2275 manutenebat,
1382 2232 1559 2266 indicabat
1578 2230 1659 2272 suis,
1682 2231 1764 2275 quid

393 2287 592 2322 faciendum
625 2293 734 2330 esset,
767 2301 834 2334 quo
870 2292 1160 2334 concurrendum3
1193 2292 1244 2327 ita
1275 2295 1315 2327 ut
1336 2292 1540 2335 conspicuus
1561 2294 1660 2333 esset,
1681 2291 1764 2325 (lum

395 2346 509 2383 audiri
533 2359 600 2381 non
623 2352 769 2391 poterat.
781 2353 805 2370 “
852 2351 968 2394 Quam
990 2351 1306 2396 interpretationem
1329 2362 1459 2385 vanam
1481 2362 1556 2386 esse
1575 2351 1689 2395 quivis
1712 2351 1766 2385 in-

394 2406 542 2454 telliget,
566 2407 627 2451 qui
649 2411 683 2442 et
708 2408 884 2454 ingentem
909 2423 1047 2456 pugnae
1068 2412 1372 2456 perturbationem,
1395 2414 1430 2445 et
1448 2422 1502 2453 ea,
1525 2422 1614 2454 quae
1634 2411 1766 2446 Marius

396 2465 509 2511 egisse
531 2471 714 2512 narratur,
739 2470 1018 2509 consideraverit.
1064 2472 1181 2515 Quare
1202 2472 1318 2505 Faber
1340 2482 1443 2505 manu
1465 2475 1557 2505 reete
1578 2473 1766 2506 vernacula

396 2526 544 2560 reddidit
576 2527 682 2560 durch
713 2531 924 2573 persfinliche
953 2531 1178 2566 Theilnahme
1218 2542 1276 2565 am
1307 2531 1457 2576 Kampfe
1468 2521 1497 2572 ‚·N
1521 2542 1643 2566 manus
1673 2532 1765 2566 enim

395 2598 496 2631 saepe
527 2586 570 2620 de
599 2598 738 2632 pugnae
769 2589 806 2623 vi
839 2594 874 2624 et
910 2590 1040 2635 impetu
1061 2591 1207 2632 dicitur3
1230 2590 1278 2624 cf.
1300 2591 1462 2631 XXXIX,
1486 2590 1519 2625 1.
1543 2593 1630 2626 Aulo
1652 2603 1766 2626 omnes
1807 2596 1810 2598 ’

395 2648 526 2690 infesti,
550 2647 640 2692 quod
664 2648 827 2683 dedecore
846 2651 972 2694 potius,
997 2662 1099 2695 quam
1123 2662 1249 2685 manu
1271 2651 1416 2685 salutem
1439 2652 1668 2695 quaesiverat.
1691 2652 1765 2693 XX,

396 2707 428 2744 ⁴.
452 2709 539 2749 ow,
561 2709 595 2744 6.
621 2719 654 2742 v·
681 2709 857 2743 Dachnius
881 2709 926 2744 ad
951 2710 1033 2754 Nep.
1055 2711 1192 2746 Datam.
1219 2722 1247 2744 c.
1272 2711 1311 2753 1,
1334 2710 1368 2746 3.
1392 2712 1511 2756 Epam.
1535 2712 1595 2754 111,
1618 2711 1654 2746 1.
