1826 3276
416 183 496 225 512
769 179 813 221 c.
842 166 1161 222 SALLUSTI
1199 180 1419 226 calsm

417 295 546 350 dere,
581 294 675 352 ipse
709 292 766 336 ab
802 292 923 340 nullo
956 297 1182 351 repetere,
1217 296 1360 355 magis
1387 295 1435 339 id
1468 296 1690 353 laborare,
1725 304 1773 343 ut

417 390 480 433 illi
521 401 654 445 quam
691 385 869 445 plurimi
911 386 1144 442 deberent3
1192 389 1290 432 ioca
1335 395 1469 447 atque
1514 392 1627 435 seria
1669 407 1769 435 cum

381 480 679 526 3humillumis
710 495 868 540 agere,
910 481 956 524 in
990 482 1224 541 operibus,
1266 484 1310 526 in
1341 485 1516 543 agmine
1550 479 1693 542 atque.
1715 486 1773 529 ad

415 577 586 636 vigilias
630 575 791 619 multus
836 575 1017 632 adesse,
1061 592 1206 635 neque
1236 578 1432 635 interim,
1480 578 1604 636 quod
1637 595 1773 638 prava

372 703 375 705 >
416 671 596 715 ambitio
640 670 776 734 solet,
824 670 1012 714 consulis
1057 677 1132 714 aut
1173 672 1430 730 cuiusquam
1463 673 1569 717 boni
1610 674 1773 717 famam

415 765 594 810 laedere
611 800 624 824 ‚
678 764 984 809 tantummodo
1030 780 1174 823 neque
1229 768 1410 813 consilio
1457 783 1601 828 neque
1641 784 1779 813 manu*

416 937 576 978 XLVIII,
601 934 648 977 5.,
672 936 733 969 ubi
763 935 834 969 iam
859 947 892 979 p.
922 935 1002 971 223.
1031 937 1076 970 ab
1104 937 1171 970 hoc
1193 948 1309 972 errore
1330 938 1519 973 cavendum
1542 950 1616 974 esse
1636 940 1772 974 monui-

416 1009 502 1032 mus.
527 1016 572 1022 -
595 998 646 1030 De
667 996 794 1040 plurali
823 995 1080 1039 tempestatibus
1102 1007 1136 1030 v·
1160 997 1203 1031 ad
1226 998 1382 1041 LXXIII,
1405 998 1437 1033 7.

505 1057 538 1098 §-
562 1055 597 1089 2.
641 1063 704 1099 per
722 1067 756 1089 se
777 1055 874 1099 ipse]
899 1055 1019 1097 Haec,
1041 1066 1148 1098 quum
1172 1058 1333 1100 opposita
1353 1057 1419 1092 sint
1446 1059 1558 1093 verbis
1580 1061 1695 1094 multis
1715 1072 1772 1094 ro-

412 1116 599 1161 gantibus,
632 1114 826 1160 significant
856 1125 920 1147 sua
951 1119 1087 1158 sponte,
1124 1127 1191 1149 mm
1214 1121 1368 1162 rogatus.
1413 1117 1580 1153 Dictionis
1601 1119 1693 1154 ratio
1718 1120 1770 1153 fa-

412 1176 479 1209 cile
503 1174 634 1219 patebit
656 1186 698 1208 ex
720 1173 821 1208 dictis
846 1175 891 1207 ad
925 1184 956 1207 c.
981 1174 1072 1215 XIV,
1095 1173 1129 1209 4.
1159 1186 1192 1218 p.
1215 1174 1284 1219 74„
1315 1176 1345 1210 si
1366 1177 1470 1211 modo
1487 1177 1660 1220 tenueris,
1681 1179 1772 1222 quod
1816 1221 1818 1223 q

373 1272 386 1282 ‚
412 1236 462 1270 ibi
486 1236 528 1269 de
550 1236 648 1269 rebus
665 1233 814 1274 valebat,
838 1232 898 1266 hic
921 1232 964 1265 ad
985 1244 1166 1277 personam
1190 1235 1381 1279 agendique
1403 1247 1541 1271 caussas
1562 1241 1772 1281 spectare.—

412 1297 468 1329 Ea
489 1296 526 1328 h.
552 1295 576 1328 1.
601 1292 823 1338 oppositionis
849 1303 970 1326 caussa
1000 1292 1153 1326 additum
1180 1298 1241 1327 est·
1262 1312 1308 1320 -—
1330 1295 1496 1339 Repetere
1525 1296 1773 1332 illustravimus

410 1366 514 1399 supra
537 1354 580 1388 ad
614 1365 642 1386 c.
662 1352 843 1392 LXXXV,
865 1352 922 1385 37.
947 1370 991 1376 -—
1024 1352 1094 1386 Pro
1118 1353 1170 1386 illi
1199 1355 1332 1396 poterat
1354 1353 1540 1390 Sallustius
1560 1357 1625 1390 sibi
1646 1358 1770 1400 dicere,

409 1415 440 1449 si
462 1415 552 1448 hanc
575 1412 846 1446 enunciationem
870 1411 914 1444 ad
937 1411 1056 1444 Sullae
1078 1415 1227 1445 mentem
1253 1412 1446 1455 retulisset,
1479 1417 1518 1448 ut
1538 1416 1700 1459 poscebat
1722 1417 1772 1450 le—

409 1474 553 1520 gitimus
577 1471 754 1516 cogitandi
776 1470 879 1511 ordo;
912 1471 971 1503 sed
1001 1481 1107 1513 quum
1122 1471 1219 1504 haud
1248 1470 1411 1506 inusitata
1431 1473 1636 1517 scriptorum
1658 1476 1772 1521 negli-

409 1534 527 1579 gentia
563 1533 599 1567 in
622 1531 759 1573 incepta
782 1529 992 1573 cogitatione
1021 1540 1089 1563 non
1112 1533 1289 1574 pergeret,
1322 1531 1381 1565 sed
1403 1543 1444 1565 ex
1466 1531 1564 1575 eius,
1587 1534 1689 1577 quem
1711 1547 1769 1570 co-

407 1593 579 1638 gitantem
610 1591 791 1625 induxerat
823 1591 936 1621 mente
972 1588 1009 1621 in
1039 1600 1138 1623 suam
1169 1589 1279 1633 ipsius
1308 1601 1489 1634 personam
1520 1593 1695 1636 transiret,
1728 1606 1770 1630 eo

406 1654 539 1687 factum
562 1655 635 1694 est,
676 1653 717 1683 ut
750 1659 814 1692 pro
836 1645 1000 1682 ressexivo
1022 1649 1224 1703 pronomine
1247 1649 1554 1686 demonstrativum
1575 1655 1770 1697 ponendum

405 1715 506 1746 esset.
553 1709 591 1743 Id
623 1708 796 1742 liberioris
817 1710 1011 1742 structurae
1032 1718 1141 1751 genus
1174 1707 1210 1741 in
1239 1709 1435 1744 universnm
1457 1712 1704 1755 explicavimus
1724 1714 1770 1748 ad

405 1783 437 1808 c.
461 1771 518 1812 IV,
540 1769 573 1805 6.
596 1781 633 1813 p.
655 1768 712 1802 25.
743 1779 866 1801 veram
901 1767 975 1801 cius
1007 1777 1164 1802 caussam
1194 1770 1367 1812 perspexit
1396 1770 1499 1804 etiam
1531 1771 1710 1815 Zumptius
1731 1773 1768 1807 iu
1813 1777 1816 1780 ’

406 1831 564 1865 Gramm.
588 1829 662 1863 Lat.
686 1830 719 1870 §.
743 1827 798 1869 78,
822 1827 857 1870 7,
876 1839 906 1862 c.
931 1829 1002 1860 not.
1022 1826 1055 1859 1.
1078 1825 1204 1870 p.408.
1229 1829 1282 1863 ed.
1297 1830 1354 1864 IV.
1375 1830 1585 1864 Ramshorn.
1609 1831 1767 1866 Gramm.

405 1891 483 1925 Lat.
511 1892 544 1932 §.
567 1887 647 1924 158.
669 1887 702 1921 6.
730 1899 763 1922 a.
786 1887 819 1921 2.
850 1899 886 1931 p.
910 1886 990 1920 350.
1013 1886 1066 1919 ed.
1099 1887 1127 1919 1.
1165 1887 1342 1923 Daehnius
1363 1890 1408 1923 ad
1433 1890 1520 1934 Nep.
1543 1890 1633 1925 Milt.
1656 1903 1686 1926 c.
1709 1892 1768 1934 IV,

405 1950 439 1986 5.
465 1951 557 1994 Aug.
593 1947 763 1982 Matthias
794 1947 838 1980 ad
874 1946 945 1980 Cic.
969 1957 1004 1989 p.
1038 1946 1142 1980 Rosc.
1175 1947 1252 1981 Am.
1276 1959 1306 1983 e.
1331 1947 1398 1990 34,
1421 1948 1479 1983 96.
1531 1951 1641 1992 Tene,
1663 1963 1766 1996 quum

405 2010 510 2045 ceteri
531 2009 651 2043 socii
673 2007 725 2042 tui
738 2010 909 2052 sugerent
931 2018 973 2040 ac
995 2017 1039 2040 ee
1059 2007 1287 2050 occultarent,
1310 2011 1357 2041 ut·
1371 2007 1432 2041 hoe
1455 2008 1618 2043 iudicium
1639 2022 1706 2044 non
1722 2011 1766 2045 de

405 2071 588 2104 illorum
609 2066 745 2112 praeda
770 2067 854 2110 fieri
875 2066 1065 2107 videretur,
1098 2067 1308 2111 potissimum
1331 2066 1397 2100 tibi
1414 2072 1533 2110 partes
1554 2069 1639 2103 istas
1662 2070 1765 2114 depo-

401 2128 570 2175 poscisse!
610 2126 770 2160 Mueller.
795 2127 840 2160 ad
862 2137 914 2160 or.
945 2137 981 2169 p.
1004 2124 1093 2161 Sest.
1121 2137 1150 2159 c.
1174 2124 1230 2167 24,
1254 2123 1317 2159 54.·
1358 2125 1435 2160 Hac
1463 2131 1565 2162 tanta
1581 2129 1765 2172 perturba-

404 2190 497 2224 tione
528 2187 680 2222 civitatis
707 2176 766 2219 ne-
781 2190 914 2219 noctem
946 2185 1081 2230 quidem
1105 2185 1314 2219 consules
1335 2183 1427 2219 inter
1447 2197 1557 2220 meum
1585 2187 1764 2222 discrimen

345 2283 347 2285 .
405 2254 439 2284 et
467 2258 620 2283 ‘eorum
653 2245 822 2291 praedam
853 2245 1014 2279 interesse
1033 2245 1131 2289 passi
1160 2249 1250 2279 sunt.
1270 2244 1446 2278 Goerenz.
1477 2245 1523 2279 ad
1545 2246 1654 2292 {aeg-g.
1670 2247 1704 2288 I,
1727 2247 1764 2289 7,
1818 2245 1821 2247 “

403 2309 463 2343 23.
499 2308 627 2350 Quibus
648 2309 766 2340 autem
786 2305 872 2339 haee
889 2309 970 2339 sunt
991 2305 1082 2340 inter
1104 2316 1177 2340 eos
1200 2304 1401 2339 communia.
1424 2305 1583 2339 Bremius
1607 2306 1652 2340 ad
1677 2306 1762 2350 Nep.

402 2366 556 2402 Hannib.
588 2378 620 2401 c.
647 2365 718 2406 XI,
740 2364 776 2399 3.
822 2365 867 2398 At
900 2365 1115 2398 Eumenes
1145 2366 1259 2399 soluta
1294 2364 1439 2408 epistola
1459 2365 1547 2399 nihil
1567 2366 1602 2399 in
1625 2377 1668 2400 ea
1697 2377 1761 2399 re-

400 2427 525 2472 perit
538 2450 550 2466 ‚
573 2426 640 2458 nisi
661 2425 751 2469 quod
773 2425 826 2470 ads
845 2423 1056 2458 irridendum
1079 2435 1172 2458 eum
1190 2425 1390 2468 pertineret.
1435 2424 1532 2459 Haec
1554 2435 1761 2469 quamquam

402 2472 602 2530 planissima
631 2488 709 2519 sunt
722 2509 732 2526 ,
768 2487 883 2518 tamen
913 2482 1130 2517 acutissimus
1161 2483 1366 2518 Gerlachius
1392 2494 1482 2518 nova
1512 2483 1667 2518 doctrina
1686 2495 1761 2519 rem

404 2557 442 2579 se
471 2543 682 2588 expedivisse
712 2544 904 2589 gloriatur,
933 2543 1057 2578 docens
1087 2542 1185 2585 „vim
1217 2542 1344 2576 Graeci
1373 2541 1583 2590 pronominis
1606 2541 1717 2583 αὐτός
1738 2553 1760 2577 a
1802 2571 1809 2581 .

403 2603 571 2639 Sallustio
602 2614 675 2638 esse
703 2602 950 2647 expressam!“
985 2603 1063 2636 Hoc
1085 2601 1248 2635 nimirum
1271 2605 1323 2636 est
1341 2600 1450 2643 illud,
1481 2602 1572 2645 quod
1594 2601 1758 2645 Quinctil.

361 2687 363 2689 v
404 2663 466 2705 IX,
492 2661 596 2705 3,17.
620 2662 686 2696 ait:
714 2663 895 2697 Graeca
917 2672 997 2696 vero
1019 2662 1254 2696 translata
1278 2661 1332 2694 vel
1357 2661 1515 2696 Sallustii
1533 2662 1758 2706 plurima!—

405 2723 485 2756 Ioca
506 2727 610 2767 atque
630 2722 720 2756 neria
752 2720 952 2765 saepissime
972 2724 1010 2756 ut
1032 2720 1190 2764 opposita
1211 2720 1481 2765 coniunguntur3
1504 2731 1536 2754 v.
1560 2719 1758 2755 Doederliui
