1826 3276
492 150 855 197 ltJGtJRTHA.
913 152 1040 197 CAP.
1069 151 1163 195 XL.
1246 134 1249 137 ’
1443 152 1530 195 ess

137 249 265 317 mero
308 276 547 318 crearetur.
616 271 713 317 Sed
755 270 957 330 quaestio
1001 269 1195 315 exercita
1227 282 1390 329 aspere
1423 267 1562 314 vio-5

136 369 396 427 lenterque,
443 384 499 414 ex
545 384 728 414 rumore
772 374 819 413 et
854 367 1054 415 lubidine
1087 366 1262 427 plebis;
1306 371 1358 411 ut
1391 381 1529 429 saepe

137 465 439 524 nobilitatem,
483 466 545 511 sic
592 482 647 511 ea
691 470 959 527 tempestate
1002 464 1187 526 plebem
1231 479 1288 510 ex
1322 456 1527 510 secundis

136 563 271 609 rebus
303 563 536 609 insolentia
571 570 770 624 ceperat.

136 685 444 720 Drakenborchius
466 683 622 729 laudavit
642 685 684 727 V,
697 683 733 726 5,
746 684 814 727 211.
838 684 920 718 coll.
939 683 1040 718 Serv.
1062 683 1110 718 ad
1129 683 1231 729 Virg.
1252 684 1338 719 Aen.
1352 683 1530 729 X11,589.

135 765 182 773 —
205 747 402 782 Etim-tum
422 745 674 790 explicavimus
697 745 742 779 ad
769 745 844 780 Cat.
868 745 917 787 11,
941 745 976 779 1.
998 765 1045 771 —
1069 746 1257 780 Mamili
1282 747 1466 791 rogatione
1489 750 1530 782 ut

134 807 365 842 scriberemus
386 807 548 841 codicum
571 805 804 850 disoeepantia
826 817 889 839 nos
913 807 1108 850 permovit,
1141 818 1231 851 quae
1254 807 1371 852 magis
1393 808 1438 842 ad
1463 819 1528 853 ge-
1565 856 1567 860 ,

133 867 297 911 nitimm,
319 876 426 911 qnam
449 869 495 903 ad
518 868 684 903 adjectivi
706 869 860 902 formam
883 866 1012 901 ducere
1034 867 1183 903 videtur.
1217 868 1309 902 Nam
1333 869 1426 912 quod
1450 881 1528 913 per-

135 927 239 964 multi
259 928 341 964 libri
366 930 499 964 babent
526 930 739 964 Mamiliam
761 939 861 974 roga,
885 928 1180 972 quemadmodum
1204 929 1313 964 etiam
1336 933 1418 964 ante
1438 931 1528 966 Cor·

82 1031 86 1034 .
134 989 223 1025 tium
245 990 282 1026 in
306 995 403 1026 textu
425 991 515 1034 fuit,
539 991 745 1026 Latinorum
765 989 846 1024 usui
868 1000 1009 1034 prorsus
1031 994 1224 1035 repugnat,
1247 990 1308 1034 qui
1332 991 1369 1025 in
1393 993 1530 1038 legibus

132 1051 357 1097 designandis
387 1051 568 1087 adiectivis
599 1052 636 1087 in
665 1053 720 1087 ius
751 1056 890 1087 tantum
921 1051 1128 1086 exeuntibus
1158 1055 1316 1089 utuntur.
1363 1053 1528 1090 Mamilia

131 1111 257 1159 igitur,
278 1118 320 1149 nt
340 1113 478 1149 Cottius
499 1125 543 1148 ex
562 1114 638 1148 solo
663 1113 742 1149 Sen.
766 1113 799 1147 1.
821 1112 972 1157 scripsit,
999 1123 1069 1146 non
1089 1111 1347 1149 sollicitandum
1370 1117 1472 1161 foret,
1497 1117 1529 1153 si

131 1173 272 1209 maiore
294 1175 395 1210 codd.
419 1174 628 1210 auctoritate
649 1176 830 1210 niteretur.
876 1174 946 1209 Sed
969 1184 1078 1217 quum
1098 1173 1241 1218 plurimi
1268 1175 1354 1211 libri
1375 1178 1529 1215 habeant

136 1235 312 1280 Mamali,
341 1236 409 1270 alii
433 1237 573 1271 Manilii
604 1238 662 1272 vel
686 1238 823 1280 Mami,
859 1240 956 1282 patet
978 1235 1068 1270 haec
1090 1246 1157 1270 non
1180 1247 1223 1270 ex
1246 1237 1408 1283 legitima
1430 1241 1538 1276 audie-¹

133 1296 222 1332 ctivi
243 1298 360 1332 torma
385 1297 547 1338 Mamilia
570 1302 647 1334 orta
669 1310 764 1340 esse,
802 1299 863 1334 sed
892 1309 935 1332 ex
957 1295 1116 1342 genitivo
1138 1297 1278 1332 Mamili
1299 1300 1452 1339 fluxisse.
1480 1322 1527 1329 --

131 1358 187 1394 ne
207 1359 459 1405 quaesitoribus
481 1359 622 1394 eortius
643 1360 733 1394 haec
755 1360 830 1394 fere
852 1358 1052 1394 annotavit:
1086 1363 1275 1404 antequam
1298 1361 1399 1398 Sulla
1421 1375 1528 1408 quae-

129 1420 262 1457 stione·
286 1423 470 1465 perpetuas
494 1421 718 1456 constitueret
750 1421 860 1466 (qnae
889 1424 1005 1455 tamen
1028 1420 1219 1465 aliqnando
1243 1422 1345 1467 prius
1365 1423 1401 1458 in
1426 1437 1530 1462 usum

132 1492 278 1524 venere,
313 1481 354 1517 Ia.
378 1482 505 1516 Pisone
535 1493 568 1517 a.
595 1494 632 1518 u.
655 1482 736 1518 604.
776 1493 808 1517 a.
834 1482 919 1518 Chr.
950 1493 984 1518 n.
1010 1482 1090 1517 140.
1123 1483 1240 1529 legem
1263 1485 1307 1519 de
1328 1488 1531 1530 repetundis

133 1542 284 1587 ferente)
308 1541 345 1577 in
368 1542 594 1588 gravioribus
615 1543 837 1587 criminibus,
858 1544 901 1577 de
923 1543 1052 1588 quibus
1071 1545 1170 1579 nulla
1191 1544 1258 1589 lex,
1283 1550 1427 1581 autnon
1441 1549 1530 1584 satis

132 1602 295 1640 distinete
318 1608 408 1638 esset
430 1604 521 1644 lata,
546 1603 677 1638 iudicia
699 1605 978 1640 extraordinaria
1000 1605 1294 1650 decernebantur,
1319 1608 1448 1652 quibus
1467 1610 1527 1654 qni

131 1668 319 1710 praeerant
340 1665 554 1710 quaesitores
576 1666 751 1709 appellati.
775 1677 812 1702 v.
835 1667 982 1702 Abram.
1007 1671 1043 1701 et
1066 1668 1197 1704 Graev.
1219 1668 1263 1702 ad
1288 1668 1362 1706 Cic.
1387 1681 1421 1713 p.
1447 1671 1528 1707 Mil.

132 1738 163 1761 e.
184 1726 221 1763 ὁ.
257 1727 486 1762 Hottomann.
520 1726 565 1760 ad
589 1726 660 1763 Cic.
686 1726 723 1762 in
741 1727 852 1764 Vatic.
886 1739 918 1763 c.
943 1727 1012 1771 11,
1035 1727 1093 1763 28.
1125 1728 1194 1762 His
1216 1729 1306 1763 adde
1328 1730 1527 1783 Ernestium

131 1788 169 1823 in
200 1789 302 1825 Clav.
333 1788 406 1825 Cic.
435 1799 472 1823 v,
501 1789 671 1832 quaestio.
705 1787 870 1822 Heinecc.
894 1788 1032 1832 Antiqq.
1057 1789 1128 1824 lur.
1153 1790 1258 1824 Rom.
1283 1790 1352 1832 lv,
1377 1792 1444 1834 18,
1469 1792 1528 1830 12.

133 1862 168 1894 p.
189 1849 261 1885 752
271 1861 322 1894 sq.
344 1849 398 1884 ed.
424 1849 604 1884 Haubold.
626 1849 764 1884 Nitsch.
789 1850 928 1894 Antiqq.
954 1851 1100 1885 Romm.
1123 1851 1202 1885 Vol.
1225 1851 1269 1884 Π.
1305 1864 1338 1896 p.
1364 1852 1474 1888 1078.
1494 1856 1530 1889 et

132 1909 307 1955 impr‘unis
329 1922 364 1954 p.
383 1909 564 1954 1348‘sqq.
601 1911 765 1945 Ceterum
789 1912 905 1946 obiter
927 1913 1121 1947 notandum
1145 1913 1190 1946 ab
1213 1913 1366 1957 antiquis
1389 1916 1529 1959 quaesi-

131 1977 224 2010 tores
245 1971 355 2009 etiam
377 1976 578 2016 quaestores
599 1979 683 2006 esse*
696 1975 860 2015 vocatos3
882 1984 916 2007 v·
935 1973 1080 2008 Festum
1105 1985 1139 2008 v.
1159 1973 1298 2008 Part-ici
1317 1981 1529 2020 quaestores,

132 2045 169 2078 p.
186 2033 268 2070 121.
293 2033 349 2068 ed.
373 2033 600 2069 Lindemann.
622 2036 659 2068 et
682 2033 783 2069 Varr.
805 2035 850 2069 de
872 2035 913 2070 L.
933 2035 974 2069 L.
996 2036 1055 2076 lv.
1078 2035 1136 2070 14.
1162 2035 1230 2068 Sed
1254 2036 1347 2080 quod
1369 2038 1528 2072 nonnulli

132 2094 233 2130 codd.
255 2095 295 2129 h.
318 2095 344 2131 l.
366 2094 417 2130 ita
439 2094 608 2139 seriptum
632 2095 817 2139 exhibent,
839 2089 975 2131 nullam
998 2096 1036 2130 in
1059 2107 1163 2143 ea—re
1185 2096 1301 2134 fidem»,
1314 2102 1504 2133 merentur.

200 2158 260 2199 VS.
283 2155 318 2190 5.
363 2156 521 2201 quaestio
553 2155 718 2200 exercita]
751 2157 849 2192 Male
879 2157 965 2192 olim
987 2158 1157 2192 edebatur
1179 2159 1400 2203 quaestione,
1435 2160 1529 2204 quod

131 2217 309 2253 nonnullis
329 2217 432 2252 libris
452 2217 631 2252 firmatum
649 2219 836 2260 Muellero,
861 2218 892 2254 si
914 2219 1020 2254 modo
1043 2220 1147 2269 colon
1171 2224 1251 2264 post
1271 2221 1382 2264 plebis
1404 2233 1526 2257 vocem

132 2282 302 2323 ponam-3
333 2289 473 2313 sensum
496 2290 519 2315 u
539 2279 759 2316 nominativo
782 2291 851 2315 non
877 2280 1054 2315 diversum
1077 2281 1211 2315 habere
1234 2281 1394 2324 videtur3
1427 2283 1527 2327 quasi

133 2350 218 2374 vero
240 2339 481 2374 membrorum
504 2340 643 2375 ratione
663 2353 807 2385 prorsus
839 2341 1031 2377 immutata
1059 2353 1178 2376 sensus
1209 2346 1315 2386 atque
1343 2343 1528 2378 universus

132 2400 301 2436 orationis
322 2401 421 2435 color
442 2401 536 2435 idem
559 2413 634 2436 esse
654 2402 774 2446 possit.
820 2403 890 2438 Sed
914 2403 1048 2436 frustra
1080 2413 1160 2436 cum
1191 2402 1249 2436 his
1277 2415 1434 2450 pugnes,
1465 2405 1528 2450 qui

133 2465 208 2497 tam
229 2462 325 2497 leves
346 2466 491 2506 tamque
513 2462 757 2499 hebetessunt
778 2463 814 2498 in
836 2463 989 2508 antiquis
1011 2463 1138 2498 litteris
1161 2464 1362 2500 tractandis.
1382 2482 1426 2492 —
1456 2466 1527 2501 Pro

134 2524 290 2565 σαπείη
312 2526 394 2558 ante
417 2522 579 2557 Cortium
601 2524 784 2570 legebatur
806 2526 1027 2566 exercitata,
1060 2525 1154 2569 quod
1179 2526 1391 2561 Gerlachius
1413 2526 1450 2563 iu
1473 2527 1528 2562 ed.

132 2584 218 2621 mai.
240 2585 336 2620 male
357 2585 519 2630 repetiit,
544 2585 679 2620 rationo
702 2597 794 2630 quae
814 2587 913 2621 nulla
936 2590 1010 2631 est,
1034 2598 1136 2629 usus,
1160 2587 1278 2633 magis
1298 2587 1337 2622 id
1360 2588 1525 2624 Sallusti-

132 2655 222 2680 anae
243 2645 396 2680 orationi
417 2647 614 2682 convenire.
660 2646 730 2681 Sed
753 2651 998 2691 praeterquam
1014 2649 1106 2693 quod
1121 2660 1242 2684 sensns
1259 2650 1410 2684 exercita
1427 2660 1524 2685 com-

133 2707 285 2749 mendat,
308 2717 344 2742 v-
367 2707 412 2742 ad
437 2719 467 2742 c.
494 2708 620 2752 LXXI,
646 2708 680 2742 1.
703 2710 738 2742 et
760 2708 805 2742 ad
830 2708 934 2743 Catil.
952 2710 1011 2750 xl,
1037 2710 1084 2752 1.,
1110 2710 1269 2745 codicum
1294 2722 1435 2755 quoque
1459 2722 1523 2745 au-

135 2767 281 2805 otoritas
301 2769 448 2804 eandem
473 2781 550 2804 rem
573 2769 714 2810 suadot;
734 2771 926 2808 exercitata
947 2770 1042 2807 enim
1061 2775 1174 2808 exstat
1187 2771 1234 2813 tin
1246 2771 1325 2807 Vin.
1337 2772 1371 2808 1.
1387 2771 1524 2807 vratss.
