1826 3276
457 187 824 231 IUGURTHA.
887 186 1026 230 CAP.
1056 185 1150 228 VII.
1434 191 1492 232 43

94 321 180 367 per
208 303 474 367 Iugurtham
501 321 664 366 agere,
706 306 751 350 in
795 305 948 350 amicis
983 304 1178 361 habere,
1214 305 1359 366 magis
1393 320 1493 350 ma-

94 404 257 466 gisque
296 418 401 449 eum
443 403 489 447 in
531 403 627 447 dies
675 403 921 464 amplecti;
976 403 1148 463 quippe
1186 403 1310 447 cuius
1346 418 1495 462 neque

95 501 328 547 consilium
365 515 514 560 neque
556 501 787 562 inceptum
818 501 955 546 ullum
1001 502 1167 546 frustra
1204 507 1311 547 erat.
1390 501 1534 546 Huc7

95 598 346 647 accedebat
373 598 672 645 munificentia
705 598 839 643 animi
873 605 918 644 et
949 599 1102 659 ingeni
1136 599 1354 653 sollertia,
1398 599 1497 658 quis

84 697 231 742 ‘rebus
268 696 355 741 sibi
384 696 548 741 multos
579 711 635 741 ex
671 696 889 741 Romanis
921 695 1130 740 familiari
1164 696 1358 743 amicitia
1387 712 1498 742 con-

96 795 308 841 iunxerat.

93 956 300 993 Son-areat
333 955 463 1002 igitur:
500 956 592 1002 qnod
622 956 754 990 inter
788 967 864 998 ea,
897 967 1015 1001 quae
1042 957 1194 1003 prima
1226 958 1270 1002 (i.
1294 969 1324 992 e.
1349 957 1499 1004 gravia)

93 1023 202 1054 aunt
232 1018 477 1063 difficillimum
509 1022 582 1060 est,
616 1027 707 1062 quae
739 1017 830 1052 ratio
854 1017 1061 1063 superlativi
1093 1019 1248 1064 augendi
1271 1030 1339 1053 non
1363 1019 1503 1054 diversa

21 1127 23 1130 Α
95 1083 150 1116 est
171 1081 219 1116 ab
241 1079 400 1126 genitivo
426 1080 673 1124 difficillimum
705 1081 920 1124 omnium,
953 1079 990 1114 in
1013 1090 1083 1124 quo
1108 1091 1212 1114 nemo
1243 1080 1405 1115 adverbii
1427 1080 1502 1115 vim

95 1145 252 1187 quaeret.
270 1159 314 1169 —-
337 1142 388 1177 Et
410 1141 630 1187 geminatum
653 1142 746 1176 valet
770 1155 839 1176 mm
859 1143 968 1177 solum
991 1161 1038 1167 —
1058 1143 1120 1177 sed
1141 1143 1247 1177 etiam
1261 1156 1274 1183 ,-
1305 1154 1341 1177 v.
1365 1143 1410 1177 ad
1435 1143 1502 1177 Ca-

95 1205 151 1241 fil.
175 1204 289 1246 xxn,
306 1203 342 1239 3.
368 1215 402 1248 p.
432 1203 512 1238 111.
538 1206 572 1238 et
605 1202 789 1237 Handium
822 1203 864 1236 de
898 1203 1051 1238 Particc.
1086 1203 1184 1239 Latt.
1216 1205 1294 1241 Vol.
1318 1206 1362 1239 11.
1376 1217 1409 1249 p.
1431 1204 1501 1239 524

163 1293 173 1302 .
193 1287 242 1293 —
265 1267 438 1302 &renum
461 1264 595 1299 dictum
620 1264 663 1298 de
685 1264 842 1310 impigra
865 1265 995 1311 agendi
1022 1265 1230 1309 alacritate,
1254 1278 1288 1301 v.
1312 1266 1436 1301 Bremi
1459 1266 1504 1301 ad

82 1269 187 1376 ³21).
210 1330 353 1364 Datum.
377 1328 406 1370 1,
431 1326 466 1361 3.
493 1329 529 1360 et
551 1326 753 1360 Doederlin.
775 1327 972 1372 Synonym.
996 1327 1088 1362 Late.
1125 1328 1171 1363 T.
1197 1328 1243 1362 11.
1267 1340 1301 1363 n.
1325 1327 1384 1370 49,
1406 1327 1442 1364 8.
1468 1327 1504 1365 9.

98 1404 136 1438 p.
161 1390 231 1426 128
245 1402 299 1436 sq.
322 1409 370 1416 --
399 1394 534 1430 Bonus,
559 1387 622 1422 ubi
646 1387 843 1422 ablativum
875 1389 1080 1423 adiunctum
1104 1389 1212 1424 habet
1237 1401 1306 1434 quo
1329 1388 1504 1431 definitur,

95 1453 308 1500 praegnanti
330 1462 433 1486 sensu
449 1453 501 1484 est
523 1449 548 1484 i.
569 1462 602 1494 q.
628 1449 784 1492 eximius,
806 1448 1091 1495 praestansfficl’.
1117 1451 1214 1486 Gort.
1239 1451 1282 1486 ad
1302 1463 1330 1485 c.
1356 1451 1451 1493 xm,
1470 1451 1504 1489 1.

98 1513 162 1549 ubi
185 1513 293 1549 affert
313 1511 431 1548 Tacit.
461 1511 552 1548 Anu.
576 1511 614 1553 Ι,
637 1510 682 1551 3,
705 1511 754 1546 ὶιι.
802 1513 1002 1558 Agrippam
1037 1515 1198 1548 bonum
1230 1513 1416 1548 militia
1438 1523 1505 1559 ge-

99 1577 244 1612 minatis
269 1574 504 1610 consulatibus
529 1573 664 1608 extulit.
688 1584 724 1607 v-
748 1573 927 1609 Drakenb.
951 1576 998 1610 ad
1022 1575 1100 1610 Liv.
1124 1576 1183 1618 lv,
1207 1575 1242 1618 2,
1267 1575 1302 1611 2.
1351 1575 1413 1624 Sic
1428 1585 1504 1620 pa-

100 1649 152 1672 ee
184 1637 346 1679 bonos,
377 1636 426 1670 sio
450 1636 576 1670 bello
605 1635 697 1680 fieri.
720 1635 806 1671 ibid.
831 1648 862 1673 c.
884 1636 920 1680 3,
944 1637 1002 1672 16.
1056 1637 1118 1672 Vir
1133 1637 1245 1681 sortis
1268 1648 1311 1670 ac
1331 1626 1506 1679 strenuus,

100 1709 218 1744 pace
250 1697 463 1742 belloque
497 1696 657 1730 bouus.
676 1716 722 1723 —
746 1698 803 1732 Ex
826 1697 852 1732 i.
875 1710 911 1742 q.
937 1702 1100 1743 propter,
1125 1709 1160 1731 v.
1184 1698 1229 1732 ad
1253 1698 1358 1733 Catil.
1384 1698 1506 1740 xn,2.

100 1763 139 1794 et
161 1759 279 1794 Hand.
304 1759 347 1792 de
371 1756 525 1792 Pal-tice.
551 1757 596 1791 11.
627 1769 663 1802 p.
686 1758 768 1794 635.
796 1762 830 1802 §.
853 1759 910 1794 40.
960 1759 1127 1793 Ceterum
1151 1759 1243 1793 haec
1266 1760 1397 1802 verba,
1422 1772 1507 1805 quo-

101 1832 181 1856 mm
207 1823 356 1856 alterum
375 1837 424 1846 —
456 1820 565 1863 solet,
597 1819 716 1855 addita
750 1826 830 1855 sunt
868 1821 915 1855 ad
953 1831 1115 1854 caussam
1147 1819 1413 1863 explicandam,
1446 1831 1509 1853 cur

103 1882 351 1928 difficillimum
373 1881 420 1916 sit
456 1885 492 1915 et
516 1881 651 1925 proelio
676 1887 856 1916 strennum
881 1892 956 1916 esse
979 1885 1015 1915 et
1037 1881 1170 1915 bonum
1193 1880 1352 1915 consilio.
1398 1882 1508 1916 Prae-

102 1949 199 1980 terea
222 1942 414 1978 not-ndum
439 1941 592 1985 priorem
617 1942 861 1986 explicationis
883 1947 1021 1987 partem
1046 1941 1172 1976 referri
1195 1942 1239 1976 ad
1255 1942 1426 1986 posterius
1448 1954 1507 1977 ex-

104 2005 290 2050 plica-dne
322 2004 515 2039 sentcntiae
542 2005 780 2048 vocabulum,
822 2005 915 2048 quod
947 2007 1067 2038 autem
1099 2002 1135 2037 in
1171 2004 1383 2049 antegressis
1413 2004 1509 2049 prius

102 2067 238 2103 «lictum
262 2070 360 2108 erat,
381 2066 418 2101 ei
439 2067 651 2110 respondere
682 2065 720 2100 in
742 2065 966 2110 sequentibus
989 2065 1162 2110 posterius
1185 2066 1433 2107 enunciatum3
1466 2066 1510 2099 de

106 2139 177 2172 qua
198 2126 449 2162 sattentiarum
472 2127 769 2172 disponendarum
791 2127 947 2169 ratione,
970 2139 1075 2172 quem
1099 2127 1299 2162 chiasmum
1323 2138 1509 2173 gramma-

107 2189 169 2226 tici
190 2191 340 2231 vocant,
364 2200 398 2223 v.
422 2199 515 2233 quae
538 2188 690 2223 diximus
714 2189 758 2222 ad
782 2188 885 2223 Catil.
910 2189 1002 2230 LXI,
1027 2189 1063 2224 9.
1089 2201 1122 2233 p.
1147 2189 1230 2225 326.

107 2240 111 2245 ³
201 2251 236 2296 §.
258 2251 295 2287 6.
340 2251 524 2296 magisque
548 2262 625 2285 eum
647 2251 686 2285 in
710 2251 802 2295 dies]
835 2251 1033 2285 Pronnmen
1057 2250 1326 2291 revocavimus,
1362 2249 1511 2284 eiectum

107 2324 130 2348 ι
155 2312 276 2347 Gon-tio
305 2315 339 2347 ct
363 2312 572 2355 Gen-lachin,
597 2324 706 2356 quum
729 2312 767 2346 in
791 2312 934 2347 Fabric.
949 2313 984 2347 1.
1005 2311 1040 2346 2.
1065 2311 1184 2347 StruV.
1209 2312 1339 2348 Franc.
1363 2315 1397 2346 et
1420 2312 1510 2346 Vra-

109 2373 180 2409 tisl.
203 2373 239 2408 2.
263 2372 375 2415 desim
398 2374 459 2408 sed
480 2374 623 2409 relicuis
646 2374 682 2409 id
707 2375 902 2409 tenentibus
925 2373 1101 2416 omuibus,
1125 2377 1197 2408 tam
1221 2384 1415 2417 paucorum
1440 2373 1510 2409 dis-

103 2446 228 2471 tensus
250 2446 319 2470 non
341 2434 475 2470 sufficit
507 2435 551 2470 ad
584 2435 641 2478 id,
675 2437 769 2481 quod
792 2448 856 2481 per
878 2449 917 2471 se
940 2436 1026 2470 ferri
1050 2440 1184 2480 potest,
1219 2434 1255 2468 in
1279 2434 1512 2479 suspicionem

43 2523 46 2528 .
109 2497 317 2532 vocandum.
342 2516 386 2522 —
421 2497 473 2530 De
495 2497 623 2542 quippe
655 2499 716 2542 qui
747 2509 779 2533 c.
802 2497 907 2532 indic.
939 2508 974 2531 v.
999 2499 1120 2530 notata
1152 2495 1195 2530 ad
1225 2496 1328 2531 Catil.
1358 2497 1512 2538 xum,

111 2559 147 2593 2.
171 2571 207 2604 p.
231 2558 314 2593 219.
336 2578 381 2584 —
407 2558 554 2592 Frustra
580 2569 652 2593 csse
678 2570 722 2593 eo
752 2560 859 2594 modo
891 2559 1023 2594 (lictum
1061 2569 1164 2600 quem
1189 2557 1444 2593 illustravimus
1467 2559 1512 2593 ad

111 2619 190 2655 Cat.
214 2620 333 2655 Lvlu.
356 2619 390 2654 9.
415 2631 450 2663 p.
474 2618 545 2654 306
562 2631 614 2663 sq·
640 2624 675 2655 et
697 2620 742 2655 ad
764 2622 845 2666 lug.
869 2621 963 2661 XIV,
987 2621 1045 2655 ll.
1070 2619 1117 2654 cf.
1150 2632 1181 2653 c.
1207 2621 1299 2664 LXI,
1327 2620 1361 2654 l.
1387 2621 1512 2663 LXlll,

111 2680 147 2716 2.
170 2681 297 2723 LXXI,
312 2680 348 2716 5.
371 2681 533 2725 LXXIII,
556 2681 590 2716 7.
614 2681 789 2725 Lxxxv,
813 2681 847 2716 6.
874 2682 998 2724 XCIII,
1025 2681 1060 2717 1.
1083 2684 1120 2717 et
1141 2681 1199 2716 26.
1223 2662 1330 2725 dim,
1353 2681 1389 2718 2.
1421 2682 1514 2719 Tac.

113 2740 204 2777 Anu.
226 2741 257 2784 1,
274 2741 340 2785 ⁴22,
362 2742 396 2777 2.
442 2743 548 2779 Dicta
580 2744 761 2788 impune
794 2737 904 2779 erant.
934 2743 1139 2779 'Praeterea
1160 2755 1196 2779 v.
1218 2743 1336 2779 Hand.
1359 2743 1403 2778 de
1424 2744 1511 2778 Par-

114 2801 191 2836 tic-e..
217 2802 306 2838 Latt.
332 2803 409 2838 Vol.
435 2804 479 2840 ΙΙ.
515 2817 552 2849 p.
575 2804 655 2841 747.
678 2825 722 2830 —
754 2805 806 2839 De
831 2805 1005 2842 vocabulo
1039 2805 1148 2841 animi
1167 2817 1247 2841 cum
1271 2803 1511 2851 munificentia
