1826 3276
478 163 849 211 wGURTHA..
901 165 1028 209 CAP.
1062 166 1214 210 xclv.
1446 174 1534 216 sos
1570 139 1575 145 ’

145 291 244 331 aeta
288 282 558 340 succedere,
609 288 653 327 et
696 281 826 328 simul
861 280 1039 327 hostem
1085 286 1315 331 tormentis
1345 287 1530 349 sagitta-

140 384 307 442 disque
340 386 387 429 et
420 379 719 425 funditoribus
755 380 926 425 eminus
960 386 1140 426 terrere.
1211 383 1274 428 At
1305 384 1567 436 Numidae4

141 495 279 541 saepe
322 482 454 524 antea
497 478 637 522 vineis
679 476 990 522 Romanorum
1029 478 1279 539 subvorsis,
1317 482 1424 528 item
1458 483 1525 529 in·
1594 504 1605 516 ’

141 577 304 634 censis,
348 590 438 620 non
483 574 656 620 castelli
693 574 926 618 moenibus
979 591 1078 621 sese
1121 578 1400 636 tutabantur,
1449 581 1529 626 sed

138 691 224 738 pro
259 687 390 743 muro
424 671 520 716 dies
555 671 790 730 noctisque
824 671 1018 732 agitare,
1049 674 1320 720 maledicere
1352 677 1528 722 Roma-
1571 714 1580 723 .

135 774 201 819 nis
235 784 290 817 ao
323 769 475 815 Mario
524 768 785 814 vecordiam
819 768 1074 826 obiectare,
1120 772 1330 818 militibus
1366 776 1526 821 nostris

133 867 381 932 Iugurthae
425 867 651 920 servitium
695 865 880 922 minari,
932 868 1137 914 secundis
1172 870 1307 916 rebus
1350 871 1526 918 feroces

135 983 244 1015 esse.
314 964 497 1011 Interim
530 963 752 1021 omnibus,
786 963 1003 1009 Romanis
1039 965 1348 1027 hostibusque,
1384 967 1560 1029 proe⁴5

130 1082 243 1119 genus
263 1069 359 1104 idem
381 1066 564 1112 descripsit
593 1066 723 1108 XLIV,
746 1064 791 1108 9,
813 1065 848 1102 6.
899 1067 1080 1110 Quadrato
1104 1069 1249 1114 agmine
1276 1073 1396 1115 facto,
1420 1073 1525 1107 scutis

131 1143 235 1178 super
257 1131 378 1176 capita
401 1129 577 1171 densatis,
600 1128 773 1163 stantibus
793 1128 935 1173 primis,
956 1129 1116 1163 secundis
1139 1131 1426 1176 submissioribus,
1452 1138 1524 1168 ter-

131 1195 192 1230 tiis
212 1193 330 1238 magis
354 1195 388 1225 et
411 1191 565 1236 quartis,
587 1190 768 1235 postremis
791 1190 898 1225 etium
920 1201 1017 1235 genu
1038 1190 1143 1234 nisis,
1160 1192 1402 1239 fastigatum,
1434 1194 1523 1229 sieut

131 1259 234 1290 tecta·
257 1253 492 1297 aedificiorum
522 1255 625 1293 sunt,
668 1251 957 1286 testudinem
989 1253 1259 1295 faciebant.
1292 1254 1338 1287 cf.
1362 1254 1520 1300 Herzog.

130 1317 176 1351 ad
198 1316 300 1351 Caes.
332 1315 378 1348 B.
403 1313 448 1349 G.
471 1313 525 1355 Π,
546 1312 582 1348 6.
616 1324 651 1356 p.
672 1311 753 1348 114.
780 1331 822 1338 —
861 1312 976 1347 Verbo
1007 1313 1214 1357 succedere,
1245 1315 1337 1359 quod
1359 1315 1398 1350 11.
1420 1315 1445 1349 l.
1470 1318 1522 1351 est

131 1376 332 1411 eominus
354 1374 530 1420 aggredi,
554 1384 617 1418 per
638 1373 742 1408 simul
772 1373 986 1418 particulam
1012 1378 1236 1418 opponuntur
1257 1375 1366 1409 verbu
1389 1376 1521 1410 eminus

129 1443 270 1473 terme.
298 1455 335 1462 -
361 1436 414 1470 De
435 1435 573 1471 ratione
594 1434 835 1470 ablativorum
867 1435 1070 1480 sagittariis
1094 1438 1128 1470 et
1154 1436 1392 1480 funditoribus
1415 1447 1448 1471 v.
1473 1436 1520 1471 ad

127 1510 159 1536 c.
182 1497 279 1539 xxi,
302 1496 337 1532 3.
397 1520 399 1523 .

220 1559 254 1601 §-
278 1556 314 1591 4.
360 1567 430 1591 non
451 1555 630 1590 moenibus
661 1566 735 1590 sese
758 1554 968 1590 tutabantur
998 1555 1090 1600 eta]
1121 1555 1192 1590 Hie
1222 1557 1320 1592 loeus
1354 1557 1519 1594 admonet

127 1621 173 1656 do
193 1618 413 1662 discrimine,
436 1618 528 1662 quod
553 1616 644 1651 inter
665 1617 803 1651 moenia
831 1619 867 1650 et
888 1628 1024 1665 mur-‚um
1047 1616 1198 1652 interest.
1245 1619 1388 1652 Moenia
1409 1619 1516 1661 enim,

127 1686 167 1718 ut
199 1680 349 1716 ostendit
370 1678 468 1713 vocis
490 1677 614 1724 origo,
652 1677 783 1711 habent
814 1676 992 1711 notionem
1025 1677 1232 1712 munimenti
1254 1680 1320 1713 toti
1342 1679 1422 1714 urbi
1446 1679 1516 1713 cir-

127 1742 305 1785 cumdati,
336 1740 429 1776 unde
450 1739 490 1774 fit
511 1742 551 1773 ut
573 1739 711 1773 moenia
737 1749 839 1782 saepe
863 1748 927 1782 pro
950 1737 1027 1782 ipsa
1058 1739 1142 1773 urbe
1166 1738 1343 1778 dicantur,
1367 1736 1412 1770 cf.
1438 1736 1515 1772 cat.

126 1805 200 1846 Lu,
224 1802 285 1838 25.
330 1803 431 1836 Intra
453 1801 636 1835 moenia
660 1799 864 1844 deprehensi
884 1798 1021 1840 hostes5
1043 1799 1092 1835 ib.
1116 1803 1151 1844 §.
1174 1799 1231 1837 35,
1254 1809 1366 1842 neque
1388 1797 1514 1839 obstat,

125 1865 220 1911 quod
243 1865 321 1911 lug.
345 1862 451 1905 LVII,
473 1861 508 1896 2.
558 1862 733 1895 Cuncta
765 1860 902 1894 moenia
926 1859 1079 1902 (licitum
1112 1860 1322 1896 adiectivum
1344 1858 1438 1892 enim
1461 1857 1514 1891 ni-

125 1927 180 1962 hil
213 1925 297 1961 novi
328 1924 435 1959 infert
467 1924 638 1958 moenium
679 1920 834 1963 notioni,
875 1920 934 1955 sed
977 1922 1217 1956 tantummodo
1257 1918 1513 1967 perspicuitatis

125 1999 250 2023 caussa
270 1986 429 2022 additum
451 1989 514 2021 est.
562 1985 685 2018 Murus
707 1994 792 2017 vero
815 1985 866 2016 est
889 1993 975 2027 opus
998 1981 1171 2027 lapidibus
1201 1982 1343 2026 aliaque
1364 1979 1513 2015 materia

124 2049 333 2092 excitatum,
357 2046 456 2082 cuius
477 2047 637 2081 summfie
657 2043 750 2090 parti
770 2042 911 2078 insistas
924 2069 935 2086 ,
958 2042 1197 2089 impetumque
1219 2035 1393 2077 defendes.
1429 2040 1510 2074 Sin-
1556 2042 1564 2045 “

125 2112 235 2158 gulae
263 2108 376 2155 igitur
408 2106 588 2142 moenium
607 2110 765 2151 partes,
809 2105 893 2149 quia
933 2103 1085 2139 ambitus
1121 2103 1298 2138 notionem
1329 2099 1510 2145 abiiciunt,

125 2183 243 2207 murus
264 2170 420 2205 vocatur.
466 2169 586 2213 Quare
607 2171 724 2202 nostro
744 2167 824 2201 loco
857 2166 994 2200 moenia
1026 2164 1209 2209 desig-nant
1230 2164 1427 2199 universam
1450 2172 1510 2196 cu-

123 2233 215 2269 stelli
238 2230 487 2271 munitionem,
508 2229 663 2273 undique
685 2227 796 2263 clausi
819 2231 855 2262 et
875 2238 1047 2272 nusquam
1075 2225 1224 2271 impetui
1247 2223 1414 2270 patentis3
1445 2234 1510 2268 pro

125 2306 224 2330 muro
256 2296 376 2328 autem
407 2289 619 2335 intelligitur
650 2300 694 2323 eu
717 2288 894 2323 moenium
917 2293 1021 2334 pars,
1046 2299 1135 2332 quae
1162 2285 1311 2321 adversa
1333 2288 1409 2319 erut
1435 2285 1510 2318 Ro-

126 2355 239 2403 manis
261 2358 296 2389 et
325 2352 388 2388 ubi
420 2351 559 2387 stabant
591 2349 788 2393 Numidae,
823 2349 985 2384 hostibus
1006 2351 1252 2395 repugnantes.
1284 2346 1329 2380 cf.
1352 2346 1508 2389 Herzog.

127 2416 172 2453 ad
193 2415 298 2465 Catil.
319 2413 381 2457 v1,
402 2413 438 2448 2.
471 2425 508 2458 p.
532 2411 590 2446 39.
636 2411 706 2446 Per
726 2422 763 2446 se
783 2415 903 2446 autem
938 2412 1033 2455 patet
1062 2409 1200 2443 moenia
1231 2414 1406 2451 nunquam
1439 2404 1510 2439 dici

126 2489 227 2523 posse
246 2487 312 2521 pro
333 2486 454 2516 πων-ος
475 2484 594 2508 murus
616 2483 701 2506 vero
723 2471 848 2506 latiore
877 2483 978 2506 sensu
1001 2481 1107 2516 saepe
1128 2470 1268 2515 ponitur
1289 2480 1352 2514 pro
1379 2468 1510 2503 moeni-

127 2540 200 2574 bus.
235 2548 269 2574 v.
303 2536 443 2572 Noltsn.
467 2535 550 2569 nex.
586 2533 769 2570 Antibarb.
803 2545 839 2578 p.
867 2531 973 2568 1052.
1003 2533 1148 2578 Grysar.
1171 2532 1245 2566 Art.
1268 2529 1392 2566 Latine
1421 2529 1509 2564 scri-

125 2598 230 2634 bendi
253 2610 288 2643 p.
313 2596 395 2633 332.
420 2600 456 2631 et
478 2596 538 2631 W.
557 2596 599 2629 Ε.
634 2593 778 2629 Weberi
806 2593 958 2629 Exercit.
989 2593 1084 2639 styli
1115 2594 1192 2628 Lat.
1215 2593 1295 2628 Vol.
1317 2592 1346 2627 1.
1369 2604 1403 2637 p.
1426 2589 1507 2628 153.

127 2672 162 2695 n.
182 2659 218 2695 8.
243 2678 288 2685 -
311 2658 463 2705 Agiture
482 2657 605 2692 eodem
628 2655 734 2690 modo
757 2655 889 2690 dictum
912 2658 964 2690 est
985 2667 1016 2690 c.
1039 2655 1131 2697 mx,
1154 2654 1188 2690 l.

219 2722 253 2764 5.
276 2719 300 2756 5
318 2739 364 2746 —
386 2719 423 2754 ⁸1.
469 2718 652 2762 omnibus]
682 2718 792 2752 Recte
815 2717 934 2752 Faber
965 2717 1035 2750 hoc
1055 2716 1269 2751 vocabulum
1292 2725 1314 2750 a
1335 2713 1510 2759 sequenti-

127 2783 194 2821 bus
216 2784 391 2818 commate
411 2778 583 2822 seiunxit:
616 2790 684 2814 non
716 2778 878 2814 viderunt
908 2777 1002 2814 euim
1023 2774 1227 2823 interpretes
1256 2787 1326 2813 non
1348 2774 1514 2821 coniungi
