1826 3276
439 148 814 195 IUGURTHA.
878 148 1006 194 CAP.
1037 143 1127 192 LV.
1394 149 1507 192 30:3²

82 271 272 334 cognitis
307 269 484 314 Metelli
519 269 679 326 rebus,
725 276 774 314 ut
818 261 958 328 seque
993 274 1038 312 et
1073 266 1316 312 exercitum
1353 279 1479 311 more

41 373 43 375 ’
80 370 300 414 maiorum
335 374 542 429 gereret,
578 367 623 412 in
653 366 848 412 advorso
877 350 988 411 xloco
1025 341 1168 410 victor
1202 370 1352 410 tamen
1386 364 1478 408 vir-

79 472 174 512 tute
209 466 382 523 fuisset,
416 465 612 510 hostium
647 478 762 528 agro
796 463 1042 524 potiretur,
1078 461 1344 524 Iugurtham
1380 476 1478 506 ma-
1548 528 1549 531 Ἰ

78 564 296 626 gnificum
332 578 387 608 ex
420 563 525 607 Auli
561 561 772 607 socordia
806 575 937 622 spem
972 560 1126 605 salutis
1155 559 1204 604 in
1240 560 1478 606 solitudine

79 667 156 707 aut
201 661 312 722 fuga
356 657 581 721 coegisset
624 658 809 704 habere.
890 656 1048 717 ltaque
1092 663 1272 702 senatus
1320 656 1382 703 ob
1425 660 1518 703 ea2

80 759 269 804 feliciter
303 763 404 803 acta
447 756 531 801 diis
577 755 903 821 immortalibus
947 754 1170 815 supplicia
1215 755 1479 811 decernere,

80 858 232 902 civitas
250 828 447 915 'trepida
481 826 615 899 antea
650 860 695 898 et
726 853 915 898 sollicita
943 851 1002 897 de
1038 852 1145 897 belli
1172 860 1335 898 eventu
1362 854 1479 899 laeta

79 969 251 1017 agere,
301 939 588 998 de'Metello
632 951 755 996 fama
788 950 1023 1013 praeclara
1059 965 1170 995 esse.
1243 951 1388 1013 Igitur
1422 963 1517 1003 eo3

78 1111 217 1157 quidem
241 1109 473 1155 supplendum
497 1108 567 1154 sit,
601 1109 696 1153 quod
730 1119 799 1143 non
832 1108 918 1143 satis
950 1109 1115 1143 accurate
1147 1106 1300 1143 diximus
1334 1108 1381 1143 ad
1404 1107 1482 1144 Cat.

79 1172 172 1215 mu,
196 1172 231 1208 3.
251 1184 285 1217 p.
311 1169 392 1206 324.
440 1167 665 1215 Ubicunque*
684 1169 778 1204 enim
810 1174 931 1205 tamen
953 1169 1105 1214 positum
1129 1173 1207 1213 est,
1242 1181 1311 1204 non
1335 1181 1493 1221 praece-¹

79 1233 181 1269 dente
201 1231 374 1278 particula
397 1232 611 1276 concessiva,
636 1231 750 1267 oratio
774 1232 824 1266 ita
849 1234 1054 1275 comparata
1074 1234 1138 1273 est,
1160 1234 1202 1265 ut
1225 1242 1293 1266 non
1310 1233 1482 1276 sormam,

79 1296 138 1331 sed
161 1306 298 1330 sensum
322 1290 576 1328 enunciationis
607 1292 830 1327 concessivae
851 1292 1004 1335 habeat,
1040 1303 1149 1337 quam
1182 1303 1268 1327 rem·
1288 1293 1484 1328 illustravi·

79 1368 158 1392 mus
181 1355 216 1390 in
239 1355 471 1391 Commentat.
493 1355 536 1389 de
559 1354 721 1390 Sallustii
744 1353 984 1400 Fragmentis,
1008 1364 1041 1391 a.
1060 1353 1166 1389 1829.
1185 1354 1293 1397 edita,
1311 1367 1344 1400 p.
1364 1355 1409 1390 41
1430 1367 1483 1400 sq.

79 1415 209 1456 Nosti-,o
231 1416 342 1463 igitur
365 1417 446 1452 loco
469 1416 560 1451 nihil
583 1415 815 1461 supplendum
839 1418 910 1456 est,
943 1416 1004 1450 sed
1035 1416 1073 1451 in
1097 1415 1246 1450 aduorso
1272 1416 1345 1450 loco
1369 1415 1483 1462 signi-

78 1478 164 1514 flent
184 1479 343 1525 quamvis
366 1479 460 1513 locus
483 1479 654 1512 adversus
681 1482 792 1519 esset,
824 1480 1000 1512 structura
1025 1477 1099 1512 fere
1121 1477 1206 1520 tali,
1234 1477 1375 1521 qualem
1401 1478 1482 1512 teti-

80 1539 199 1588 gimus
221 1539 266 1574 ad
289 1539 368 1574 cat.
389 1538 437 1583 11,
459 1538 518 1574 lo.
542 1539 620 1574 Liv.
646 1539 674 1581 1,
701 1538 759 1581 17,
783 1537 819 1573 3.
869 1539 887 1572 1
895 1551 920 1572 π
941 1539 1052 1583 variis
1075 1538 1312 1574 voluntatibus
1335 1539 1484 1585 regnari

82 1606 233 1636 tumen
256 1610 373 1634 omnes
394 1600 569 1636 volebant.
593 1620 638 1626 —
663 1601 718 1635 De
741 1599 780 1634 vi
804 1610 846 1634 ez·
870 1600 1151 1646 praepositionis,
1170 1611 1206 1634 v·
1230 1601 1277 1635 ad
1301 1599 1377 1635 Cat.
1402 1601 1482 1643 ΧΠ,

82 1662 119 1699 2.
140 1684 188 1690 -
221 1660 450 1707 Magnificum
482 1660 507 1696 i.
534 1673 565 1697 e.
589 1660 863 1707 superbientem,
885 1661 1043 1704 elatum;
1076 1661 1124 1697 cf.
1151 1672 1257 1706 supra
1284 1670 1315 1696 c.
1339 1660 1484 1704 XXXI,

83 1724 140 1760 1⁰.
178 1724 345 1758 Incedunt
366 1734 431 1768 per
452 1734 516 1757 ora
539 1727 657 1757 vostra
680 1722 874 1768 magnifici,
899 1722 977 1757 mv.
1004 1722 1078 1764 Vn,
1101 1722 1161 1763 32,
1186 1721 1243 1756 11.

173 1785 207 1829 §-
230 1781 266 1818 2.
291 1787 326 1818 et
348 1783 384 1819 3.
429 1784 617 1831 supplicia]
642 1782 697 1819 lta
713 1781 902 1819 Sallustius
925 1783 1111 1829 aliquoties
1134 1781 1294 1829 loquitur
1316 1793 1382 1829 pro
1403 1792 1486 1829 sup-

79 1845 325 1893 minationibus
347 1847 384 1880 et
406 1844 591 1880 sacrificiis
613 1845 831 1882 solemnibus
847 1873 858 1888 ,
889 1845 934 1880 ct.
969 1846 1036 1880 Cat
1069 1846 1143 1889 lx,
1168 1844 1203 1880 2.
1229 1843 1295 1880 LII
1311 1870 1322 1887 ‚
1345 1843 1419 1889 29„
1449 1845 1486 1880 in

83 1918 195 1952 eoque
218 1918 283 1941 usu
306 1905 546 1950 antiquiorum
569 1918 706 1942 morem
739 1910 878 1941 secutus
899 1906 1061 1950 videtur;
1100 1917 1139 1942 v.
1162 1904 1277 1941 Varro
1301 1907 1344 1941 de
1364 1908 1413 1942 R.
1438 1907 1486 1943 R.

82 1963 135 2010 1¹,
158 1966 192 2003 5.
216 1967 480 2014 Drakenborch.
506 1968 551 2003 ad
575 1968 654 2004 Liv.
686 1968 808 2014 xxn,
841 1967 907 2012 57,
932 1966 967 2003 5.
998 1967 1116 2003 Tacit.
1140 1969 1230 2003 Aun.
1261 1968 1334 2012 111,
1356 1967 1425 2014 ⁶4,
1450 1969 1486 2004 8.

85 2029 176 2064 'I'um
200 2029 435 2074 supplicia
459 2027 529 2064 dits
552 2031 694 2076 ludique
717 2030 844 2076 magni
870 2030 1118 2064 decernuntur.
1145 2049 1189 2055 —
1215 2029 1336 2076 Agere
1360 2031 1487 2077 explic.

24 2124 35 2131 „
83 2087 130 2126 ad
153 2090 231 2126 eat.
261 2089 399 2133 xxm,
424 2090 461 2127 3.
490 2092 572 2126 coll.
599 2092 678 2137 lug.
713 2091 850 2134 xvul,
883 2090 922 2141 9.-
942 2111 989 2118 -—
1026 2091 1225 2126 Verborum
1258 2092 1418 2128 ordinem
1441 2093 1487 2128 de

87 2150 229 2187 Metello
249 2150 354 2195 fama
373 2160 413 2197 p.
437 2155 472 2187 'e.
496 2156 678 2198 praestant
698 2153 773 2188 fere
796 2162 917 2188 omnes
942 2151 1047 2195 libi-13
1073 2151 1133 2187 sed
1156 2152 1267 2188 Febr.
1291 2154 1325 2188 1.
1349 2153 1385 2190 2.
1408 2154 1487 2190 Vin.

85 2213 119 2249 1.
144 2211 264 2246 Guelf.
289 2210 324 2246 2.
348 2210 384 2248 3.
416 2211 504 2250 Tur.
538 2214 573 2250 1.
605 2214 689 2249 Bas.
714 2213 747 2248 1.
772 2211 811 2249 4.
846 2213 959 2252 Paris.
983 2227 1015 2250 x.
1043 2227 1074 2249 z.
1109 2215 1276 2250 exhibent
1304 2217 1412 2260 sama
1442 2214 1487 2250 de

86 2272 171 2308 Met.
191 2283 226 2318 p.
246 2278 292 2316 ὼ,
316 2281 385 2318 quo
408 2273 512 2308 modo
535 2274 616 2309 inde
638 2285 662 2310 a
680 2275 801 2310 Cortio
823 2286 945 2311 omnes
967 2276 1119 2320 editores
1141 2277 1368 2322 scripserunt,
1390 2277 1488 2312 illins

85 2333 218 2369 iudicio
244 2331 299 2368 fisi
313 2359 324 2376 ‚
355 2335 460 2378 hunc-
481 2334 670 2371 verborum
694 2337 852 2372 ordinem
875 2349 952 2373 esse
981 2339 1064 2380 „ad
1088 2349 1253 2372 numeros
1276 2339 1450 2374 Sallustii.
1464 2342 1488 2359 ‘⁶

86 2394 187 2442 Quae
209 2390 387 2431 sententia
411 2406 520 2441 quum
543 2406 606 2442 per
639 2407 678 2433 se
698 2399 879 2435 levissima
900 2398 957 2441 sit,
981 2403 1017 2434 et
1039 2398 1132 2434 iusta
1155 2398 1294 2434 ratione
1316 2400 1486 2436 destitua-

83 2461 155 2500 tut,
178 2460 255 2493 tum
277 2457 468 2503 vulgatum
492 2458 650 2494 ordinem
668 2461 892 2497 commendat
913 2461 991 2506 ipsa
1014 2472 1134 2495 sensus
1157 2460 1224 2496 vis.
1262 2460 1355 2496 Nam
1378 2474 1487 2506 quum

46 2549 51 2556 ,
85 2518 277 2554 Sallustius
299 2529 323 2554 a
347 2519 491 2554 civitate
515 2523 671 2555 transeat
694 2521 740 2555 ad
767 2522 968 2565 Metellum,
999 2524 1268 2557 consentaneum
1292 2527 1365 2566 est,
1390 2523 1488 2568 prius

88 2589 190 2622 eum,
226 2579 270 2615 de
294 2589 363 2624 quo
393 2581 490 2617 fama
524 2585 622 2624 erat,
653 2593 760 2627 qnam
791 2583 927 2618 famam
958 2581 1073 2627 ipsam
1097 2584 1284 2619 nominari.
1309 2604 1356 2610 —
1384 2585 1489 2619 Hosti

87 2645 299 2685 opportunus
329 2641 470 2677 Cottius
500 2643 591 2677 bene
626 2643 802 2688 explicat,
835 2652 936 2690 quem
969 2644 1078 2679 hostis
1109 2656 1187 2679 cum
1217 2646 1395 2681 commodo
1426 2658 1488 2680 suo

18 2697 34 2701 “
81 2702 194 2746 facile
213 2707 324 2747 potest
347 2702 526 2739 invadere.
551 2704 598 2739 cf.
623 2704 668 2739 ad
693 2704 772 2746 XX,
795 2704 830 2739 2.
859 2724 901 2730 —
930 2702 1007 2740 Post
1028 2706 1183 2752 gloriam
1207 2718 1275 2742 non
1299 2708 1424 2752 pendet
1446 2718 1488 2740 ex

82 2763 198 2802 ,verbo
230 2764 342 2809 sequi,
380 2764 504 2809 quasi,
542 2766 840 2811 quemadmodum
881 2765 1010 2801 dicitur
1039 2768 1176 2802 invidia
1210 2769 1366 2814 sequitur
1399 2768 1489 2813 glo-
