1826 3276
403 163 513 232 148>
766 186 813 230 c,
836 185 1160 229 SALLnsn
1192 187 1406 231 cmsrl

403 307 527 346 natus
572 316 690 356 sum,
745 307 795 344 ut
832 299 1071 360 iugurthae
1117 301 1330 345 scelerum
1379 303 1563 346 ostentui
1604 307 1760 358 essem,

403 411 489 440 non
531 395 618 438 iam
641 399 839 438 mortem
874 409 1018 453 neque
1052 410 1304 452 aerumnas,
1346 396 1647 441 tantummodo
1678 398 1762 440 ini·

403 490 502 532 mici
535 488 770 547 imperium
801 494 845 532 et
878 490 1095 534 cruciatus
1130 489 1329 549 corporis
1365 489 1596 548 deprecor.
1665 491 1760 535 Re-

403 598 494 643 gno
528 582 789 641 Numidiae,
826 583 949 641 quod
977 590 1171 628 vostrum
1205 590 1291 638 est,
1320 585 1383 628 uti
1411 584 1533 628 lubet
1568 586 1761 629 consuli—

403 685 470 730 te3
517 693 589 721 me
622 678 821 722 manibus
856 678 998 738 impiis
1034 678 1210 738 eripite,
1254 694 1336 738 per
1369 679 1639 723 maiestatem
1675 680 1761 723 im·-

404 773 523 831 peri,
567 787 652 831 per
685 772 898 817 amicitiae
932 772 1096 832 fidem,
1136 774 1170 817 si
1204 774 1293 817 ulla
1327 773 1448 834 apud
1481 788 1560 817 vos
1590 789 1761 819 memo-

403 867 467 910 ria
500 873 697 912 remanet
726 868 795 910 avi
829 868 916 912 mei
948 867 1217 912 Masinissae.

402 1058 523 1092 decisis
555 1058 671 1093 vivore
698 1059 810 1100 iubet,
841 1060 1045 1094 ostentui
1079 1060 1277 1093 clementiae
1308 1069 1392 1093 auae
1415 1063 1448 1092 et
1471 1058 1506 1092 in
1527 1070 1588 1093 nos
1611 1058 1762 1093 dehone-

402 1122 582 1151 stamento.
607 1117 654 1151 id.
689 1119 726 1160 Ι,
750 1119 816 1160 29,
844 1119 877 1153 3.
904 1119 989 1161 XV,
1012 1118 1078 1162 29,
1110 1120 1143 1153 4.
1169 1119 1304 1163 Quippe
1326 1119 1472 1153 ostentui
1494 1129 1565 1154 esse
1590 1119 1762 1164 significat

400 1183 577 1222 aspectum
614 1179 789 1222 praebere.
842 1177 928 1212 Aliis
961 1181 1075 1212 tamen
1108 1178 1191 1212 locis
1224 1180 1370 1215 ostentui
1400 1179 1490 1212 idem
1528 1178 1622 1212 valet
1659 1181 1762 1221 atque

401 1239 531 1282 specie,
553 1242 593 1272 ut
616 1238 690 1282 lug.
714 1238 842 1279 XLVI,
862 1238 896 1271 6.
922 1237 1103 1272 deditionis
1120 1238 1223 1282 signa
1243 1239 1449 1274 ostentui
1470 1248 1541 1271 cre
1553 1238 1666 1271 dere.
1709 1237 1762 1271 De

402 1297 470 1330 hoc
492 1301 527 1330 et
550 1296 720 1331 similibus
749 1297 925 1331 vocabulis
947 1309 981 1330 v.
1005 1297 1189 1342 Kiessling.
1215 1298 1259 1331 ad
1283 1298 1367 1332 Tac.
1393 1298 1477 1331 Ann.
1502 1297 1538 1338 Ι,
1573 1297 1636 1338 10,
1659 1297 1692 1331 l.
1717 1315 1759 1322 —

403 1356 624 1400 Non-neque
646 1356 854 1391 illustratum
878 1357 921 1391 ad
946 1358 1019 1391 Cat.
1044 1358 1123 1399 nn,
1147 1356 1180 1392 6.
1207 1376 1252 1382 —-
1284 1358 1336 1390 De
1357 1356 1575 1390 adversativa
1597 1355 1763 1390 sententia

399 1416 634 1449 tantummodo
666 1417 795 1449 inimici
817 1419 883 1451 etc.
904 1416 977 1450 sine
1000 1417 1166 1460 particula
1190 1415 1463 1450 antecedentibus
1484 1414 1638 1449 subiecta
1659 1426 1691 1448 v.
1716 1415 1761 1449 ad

400 1485 429 1506 c.
456 1474 561 1516 xxl,
584 1473 617 1507 2.
640 1492 684 1500 -·
706 1475 775 1508 Pro
799 1474 958 1519 deprecor
989 1476 1155 1511 Weissius
1187 1486 1228 1509 ex
1261 1473 1473 1518 interpolatis
1500 1475 1599 1510 libris
1628 1476 1763 1520 scripsit

400 1538 447 1567 ut
480 1534 672 1567 evadam
704 1534 885 1582 deprecor,
930 1534 1021 1578 quod
1056 1535 1256 1568 sententiam
1289 1534 1390 1567 valde
1420 1534 1530 1568 levem
1562 1535 1680 1570 habet.
1716 1554 1758 1560 —-

401 1593 561 1627 Manibus
576 1593 688 1636 impiis
707 1591 836 1637 legitur
852 1592 888 1627 in
904 1593 1000 1627 codd.
1020 1594 1172 1638 optimis,
1196 1595 1272 1628 Vat.
1296 1593 1335 1627 A.
1353 1593 1434 1626 Bas.
1452 1593 1484 1626 1.
1509 1593 1588 1627 Sen.
1613 1593 1646 1628 1.
1666 1593 1759 1628 Leid.

400 1653 440 1688 Ia.
471 1652 648 1686 Paris.·b.
683 1663 716 1684 x.
747 1655 782 1686 et
812 1663 843 1685 z.
875 1663 920 1685 m.
944 1664 1008 1686 sec.
1034 1664 1074 1686 ac
1096 1657 1274 1697 praeterea
1296 1653 1332 1686 in
1354 1652 1460 1686 Acad.
1485 1653 1562 1688 Vin.
1583 1652 1618 1686 2.
1642 1653 1760 1690 Struv.

399 1712 469 1745 lnc.
493 1711 528 1745 2.
553 1712 647 1745 Vrat.
672 1710 706 1743 3.
731 1710 846 1745 Guelf.
866 1710 921 1745 11.
946 1712 1041 1747 Leid.
1065 1713 1110 1746 H.
1135 1713 1176 1747 Ν.
1203 1714 1307 1746 Bern.
1329 1711 1362 1746 4.
1386 1711 1488 1745 Misn.
1513 1712 1641 1746 Wassii
1664 1712 1704 1746 L.
1726 1711 1760 1749 ὅ.

399 1771 525 1805 Aron'd.
556 1772 599 1805 Β.
631 1770 732 1804 Publ.
766 1771 868 1804 Bodl.
900 1771 1012 1805 Mark-
1044 1767 1087 1807 Λ.
1119 1773 1257 1807 Pembr.
1289 1774 1323 1806 et
1343 1771 1379 1805 in
1401 1771 1559 1815 plurimis
1581 1769 1759 1806 Gerlachii

399 1830 540 1865 Italicis.
573 1829 711 1864 Relicui
736 1830 809 1863 fere
834 1841 952 1863 omnes
974 1832 1099 1866 habent
1123 1843 1170 1866 ea·
1191 1844 1283 1866 man.
1307 1832 1411 1875 imp.,·
1434 1831 1536 1866 Bern.
1559 1832 1592 1866 1.
1620 1843 1643 1865 a
1665 1843 1757 1866 man.

399 1891 506 1934 imp.,·
537 1890 668 1925 Wassii
701 1889 797 1932 uz.
831 1890 882 1923 de
910 1902 955 1923 m.
979 1892 1083 1935 imp.‚·
1107 1892 1230 1926 Aldina
1254 1903 1345 1925 man.
1372 1891 1423 1924 ab
1446 1891 1526 1935 imp.
1535 1903 1549 1932 ,-
1571 1892 1660 1925 unde
1683 1892 1760 1926 luce

397 1948 523 1982 clarius
552 1953 644 1992 patet
675 1947 878 1982 Sallustium
908 1951 1004 1985 nulla
1027 1951 1281 1995 praepositione
1304 1961 1403 1984 usum
1427 1961 1511 1984 esse.
1557 1951 1694 1985 Curtius
1718 1963 1758 1986 ex

398 2007 538 2042 retinuit
560 2013 698 2052 propter
722 2009 823 2043 Catil.
853 2010 1012 2052 xnvm,
1036 2010 1067 2043 1.
1091 2013 1125 2044 et
1147 2011 1180 2054 §.
1204 2011 1237 2044 4.
1285 2010 1351 2044 Sed
1375 2009 1411 2043 in
1434 2009 1495 2043 tali
1529 2020 1567 2042 re
1601 2010 1758 2053 exempla

397 2066 486 2108 nihil
517 2068 675 2110 probant.
709 2068 912 2103 Gerlachius
945 2081 1007 2112 pro
1030 2069 1258 2104 inconstantia
1281 2080 1363 2111 sua,
1395 2079 1502 2112 quum
1534 2069 1569 2102 in
1599 2070 1651 2104 ed.
1673 2069 1756 2104 mai.

398 2126 590 2167 omisisset,
626 2127 660 2160 in
698 2128 902 2162 Commentt.
936 2141 968 2172 p.
992 2129 1072 2165 252.
1095 2129 1260 2163 omissum
1286 2129 1482 2172 probasset,
1503 2127 1539 2162 in
1562 2129 1616 2162 ed.
1641 2129 1755 2163 novis-

395 2184 486 2219 sima
507 2196 626 2219 rursus
647 2187 784 2231 recepit.
810 2207 852 2213 —-
877 2189 943 2222 Per
964 2199 994 2222 c.
1019 2200 1131 2222 accus.
1157 2189 1192 2223 in
1215 2188 1417 2222 obtestando
1436 2187 1511 2220 sine
1538 2187 1645 2222 verbo
1675 2187 1755 2232 poni

396 2244 590 2279 monuimus
623 2241 668 2280 ad
705 2259 735 2283 c.
767 2247 867 2291 xlv,
901 2248 958 2283 24.
1026 2249 1079 2282 Ex
1110 2248 1373 2292 interpolatione
1403 2246 1439 2281 in
1463 2247 1579 2281 StruV.
1602 2246 1756 2282 additum

395 2316 477 2349 oro,
511 2305 546 2338 in
577 2306 671 2340 Vrat.
703 2317 799 2351 rogo.
836 2325 875 2331 -
912 2307 1078 2341 Memoria
1111 2313 1315 2342 remanet
1347 2317 1464 2341 omnes
1493 2309 1630 2341 tuentur
1653 2305 1753 2348 libri;

394 2365 538 2399 verbum
561 2365 795 2400 tantummodo
818 2367 914 2402 abest
945 2377 966 2401 a
998 2367 1114 2401 Struv.
1137 2370 1171 2402 et
1195 2367 1312 2402 Guelf.
1343 2366 1397 2410 4.,
1424 2377 1509 2410 quos
1533 2365 1668 2400 Cor-tius
1691 2376 1754 2409 pro

395 2424 534 2468 ingenio
568 2437 630 2460 suo
665 2429 716 2460 est
746 2430 893 2460 secutus.
950 2425 1018 2460 Sed
1051 2427 1140 2460 nihil
1177 2429 1228 2461 est
1257 2426 1349 2470 quod
1380 2426 1522 2459 verbum
1558 2427 1754 2468 suspectum

393 2485 522 2518 reddat.

486 2544 591 2578 XXV.
637 2547 669 2587 §-
704 2543 740 2578 1.
779 2546 882 2588 fuere
913 2544 972 2590 qui
1005 2544 1206 2578 mittendum
1237 2549 1408 2579 censerent
1446 2543 1528 2587 etc-J
1570 2542 1751 2586 Duplicem

393 2613 495 2647 saepe
528 2615 569 2637 ex
601 2604 721 2638 eodem
753 2605 859 2639 verbo
889 2607 1096 2639 structuram
1127 2605 1272 2648 pendere
1303 2605 1375 2638 iam
1407 2602 1665 2637 observavimus
1707 2603 1751 2636 ad

394 2661 494 2697 Catil.
528 2662 573 2704 V,
605 2661 661 2705 9.;
695 2664 754 2698 sed
785 2663 954 2708 imprimis
983 2665 1141 2708 frequens
1175 2669 1226 2699 est
1256 2664 1347 2708 apud
1377 2662 1578 2705 historicos,
1602 2662 1752 2696 maxime

392 2721 483 2765 apud
506 2721 663 2763 Livium,
696 2733 738 2757 ea
758 2723 1015 2757 constructionis
1036 2723 1146 2766 ratio,
1188 2726 1227 2756 ut
1253 2721 1369 2757 verbis
1390 2721 1525 2764 iubere,
1566 2721 1747 2765 imperare,
