1826 3276
404 170 497 218 506'
757 170 804 213 C.
837 168 1159 212 SALLUSTI
1196 168 1441 214 cmsl’r·

404 260 550 346 neque
584 285 698 329 enim
731 282 816 326 alio
845 283 947 327 loco
982 283 1039 327 de
1069 283 1218 328 Sullae
1250 286 1381 330 rebus
1415 285 1570 332 dicturi
1595 301 1757 344 sumus,

406 389 452 427 et
492 382 545 425 L.
591 378 799 435 Sisenna,
847 383 1029 437 optume
1074 385 1118 423 et
1161 379 1503 439 diligentissume
1546 384 1755 441 omnium,

406 476 481 535 qui
527 489 600 518 eas
644 487 714 516 res
749 471 924 532 dixere,
966 480 1247 533 persecutus,
1290 489 1450 534 parum
1478 475 1584 520 mihi
1616 475 1756 521 libero

369 580 484 617 Sore
525 569 698 612 locutus
745 566 927 612 videtur.
1004 568 1143 629 Igitur
1183 569 1307 614 Sulla
1360 548 1502 630 gentis
1547 571 1756 630 patriciae

402 695 518 738 ipsum
548 689 718 725 scribendi
752 693 886 734 tempus
916 691 1139 736 praeteritum
1170 692 1224 728 sit.
1270 692 1362 727 Mihi
1392 678 1581 738 simplicius
1611 693 1758 737 videtur,

402 754 593 798 perfectum
626 750 670 785 ad
705 753 900 791 auctorem,
931 752 1016 785 duas
1048 762 1103 786 res
1127 753 1293 796 temporis
1322 756 1480 798 respectu
1501 754 1757 795 discernentem,

401 812 543 853 referri3
570 809 700 856 quippe
722 809 781 852 qui
803 820 870 842 non
893 811 1111 855 scriptionem
1133 812 1267 855 ipsam,
1301 814 1360 847 sed
1384 814 1558 848 consilium
1577 813 1757 856 scribendi,

401 872 491 917 quod
522 869 743 913 scriptionem
781 871 980 914 antecessit,
1019 871 1215 915 significare
1245 872 1365 907 voluit.
1418 873 1548 907 Eadem
1588 873 1678 907 ratio
1707 875 1759 906 est

401 933 550 968 aliorum
572 930 826 973 exemplorum,
848 931 943 965 velut
964 942 1069 974 supra
1091 942 1121 966 c.
1145 933 1256 976 XXX,
1280 931 1314 968 4.
1362 933 1758 970 Decereseoeistuma-

400 994 444 1027 oi
475 1001 580 1025 unam
612 1001 652 1022 ex
686 995 760 1024 tam
792 991 907 1024 multis
937 992 1126 1025 orationem
1158 992 1230 1026 eius
1259 994 1473 1037 perscribere.
1504 993 1578 1026 Cat.
1609 992 1697 1035 Lm,
1720 991 1756 1026 6.

403 1055 493 1096 Quos
518 1049 677 1095 qnoniam
703 1060 758 1082 res
788 1050 957 1084 obtulerat
987 1051 1121 1085 silentio
1152 1053 1341 1095 praeterire
1371 1064 1454 1086 non
1480 1052 1582 1095 suit
1613 1051 1757 1084 consi—

399 1114 524 1147 lium.
547 1127 591 1135 —-
615 1108 716 1152 Quod
739 1108 940 1152 interpretes
963 1111 1056 1144 culta
1078 1111 1172 1144 idem
1194 1123 1270 1145 esse
1291 1110 1411 1146 volunt
1433 1122 1474 1145 ac
1494 1111 1660 1152 moribus,
1689 1120 1756 1143 uon

398 1162 501 1218 plane
530 1180 649 1203 verum
684 1167 839 1208 videtum
875 1169 985 1202 cultus
1015 1170 1152 1204 notione
1181 1171 1273 1204 enim
1309 1182 1414 1214 quum
1437 1169 1553 1204 omnia
1585 1179 1627 1203 ea
1649 1168 1757 1202 conti-

398 1235 561 1271 neantur,
584 1238 677 1272 quae
697 1227 741 1262 ad
768 1228 862 1261 vitae
882 1234 1042 1262 externae
1063 1241 1172 1274 genus
1192 1230 1383 1274 pertineant
1405 1231 1457 1274 (ν.
1474 1229 1518 1264 ad
1540 1229 1638 1264 Catil.
1662 1228 1756 1269 xm,

397 1292 432 1326 3.
457 1291 501 1325 ad
524 1291 598 1334 lug.
626 1288 762 1329 LXXV,
786 1287 862 1330 1.),
886 1287 1094 1331 Sallustius,
1126 1294 1166 1324 ut
1190 1290 1368 1334 sequentia
1390 1291 1532 1331 «locent,
1561 1290 1630 1322 hec
1650 1298 1757 1322 voca-

397 1353 484 1386 bulo
518 1360 616 1390 rem,
648 1357 736 1390 quae
767 1346 881 1380 minus
914 1348 984 1382 late
1015 1359 1120 1392 quam
1153 1361 1282 1383 morum
1305 1350 1400 1384 notio
1423 1353 1560 1394 pateat,
1587 1349 1757 1385 luxuriam

396 1412 603 1454 nimiumque
625 1407 810 1450 voluptatis
841 1407 989 1441 studium
1011 1408 1152 1451 Sullae,
1182 1409 1402 1454 significavit.
1425 1428 1471 1434 —
1493 1410 1591 1454 Quae
1611 1419 1758 1452 sequun-

396 1476 453 1506 tur
474 1470 582 1504 verba
609 1477 715 1511 neque
737 1467 826 1500 enim
847 1467 917 1501 alio
937 1467 1008 1500 loco
1031 1469 1074 1502 de
1098 1470 1216 1502 Sullae
1238 1471 1336 1503 rebus
1359 1470 1484 1507 dicturi
1505 1480 1619 1503 sumus
1641 1470 1758 1510 aperte

395 1530 574 1564 ostendunt
611 1526 818 1560 Sallustium
849 1530 930 1559 tunc
963 1527 1115 1570 quidem'
1133 1528 1176 1561 de
1208 1529 1371 1563 Historiis
1399 1527 1586 1562 scribendis
1607 1527 1756 1560 noudum

394 1590 589 1635 cogitasse,
615 1586 674 1620 sed
706 1585 844 1619 demum
871 1589 948 1628 post
981 1587 1187 1631 Iugurtham
1216 1588 1352 1622 finitum
1383 1588 1426 1622 ad
1447 1587 1528 1621 illas
1550 1597 1757 1630 componen-
1820 1602 1822 1605 ·

393 1651 456 1684 das
480 1649 635 1683 animum
658 1645 842 1688 appulisse.
879 1645 970 1679 Nam
993 1647 1140 1680 multum
1163 1659 1242 1681 eum
1265 1647 1302 1681 in
1325 1647 1437 1691 primo
1460 1648 1551 1681 libro
1571 1647 1614 1680 (le
1637 1646 1756 1680 Sullae

393 1711 495 1744 rebus
524 1708 636 1752 egisse
669 1709 743 1739 tum
774 1708 869 1749 patet
901 1716 943 1739 ex
972 1707 1208 1750 compluribus
1244 1707 1450 1752 fragmentis
1491 1707 1571 1741 indo
1597 1700 1754 1746 servatis,

396 1775 471 1804 tum
496 1780 538 1803 ex
562 1764 742 1801 Plutarchi
777 1765 892 1799 verbis
908 1766 1036 1810 comp.
1059 1767 1228 1812 Lysandri
1250 1779 1280 1801 c.
1305 1762 1405 1801 Sulla
1427 1778 1457 1800 c.
1481 1767 1540 1801 ΙΙΙ.
1565 1766 1664 1810 (Vol.
1690 1766 1752 1799 111.

394 1841 428 1874 p.
451 1828 530 1864 164.
554 1828 607 1861 ed.
640 1825 785 1869 Reink.)
816 1822 930 1866 αὐτός
957 1824 1051 1869 ἐρῶν
1081 1826 1142 1862 καὶ
1173 1826 1375 1871 μοιχεύων,
1408 1823 1459 1868 ὥς
1489 1839 1580 1873 φησι
1611 1818 1752 1862 Σαλού-

393 1901 512 1932 στιος,
544 1880 668 1931 quibus
690 1898 776 1928 non,
800 1890 837 1920 ut
861 1886 1015 1920 nonnulli
1038 1897 1219 1931 perperam
1243 1890 1383 1929 putant,
1414 1887 1459 1920 ad
1491 1888 1583 1922 hunc
1599 1878 1752 1920 nostrum

393 1952 510 1984 locum
541 1946 740 1992 respicitur,
773 1946 831 1980 sed
855 1946 899 1979 ad
924 1946 1104 1982 Historias.
1128 1965 1174 1972 -—
1206 1947 1261 1980 De
1285 1946 1325 1980 L.
1350 1947 1493 1981 Sisenna
1515 1947 1680 1980 videndus
1702 1939 1755 1980 est

392 2011 482 2044 Vell.
506 2010 549 2051 ΙΙ,
572 2008 607 2049 9,
630 2006 664 2041 5.
711 2007 803 2050 Opus
835 2005 914 2039 belli
944 2006 1078 2039 socialis
1107 2007 1306 2052 Sullanique
1337 2007 1380 2041 ab
1413 2019 1451 2041 eo
1470 2007 1600 2040 seniore
1623 2006 1751 2040 editum

393 2075 464 2112 est,
488 2069 549 2103 ubi
572 2069 617 2101 cf.
642 2066 827 2101 Ruhnken.
873 2064 952 2098 Alio
985 2065 1123 2099 nomine
1144 2069 1249 2108 atque
1272 2065 1454 2100 Sallustius
1478 2077 1557 2099 eum
1579 2064 1753 2108 vituperat

392 2131 511 2166 Cicero
535 2129 636 2163 Brut.
672 2138 702 2161 c.
733 2125 852 2167 LXIV,
877 2123 957 2160 228.
1003 2125 1165 2159 Sisennae
1196 2126 1338 2159 historia
1370 2137 1472 2170 quum
1497 2126 1607 2168 facile
1637 2116 1752 2171 omnes

393 2191 510 2224 vincat
549 2188 757 2233 superioreS,
794 2191 866 2219 tum
905 2185 1036 2219 indicat
1063 2190 1205 2226 tamen,
1247 2191 1410 2230 quantum
1442 2186 1531 2220 absit
1556 2197 1580 2219 a
1609 2195 1750 2226 summo,

392 2261 558 2295 quamque
581 2258 690 2294 genus
712 2246 774 2279 hoc
796 2244 988 2289 scriptionis
1009 2245 1158 2278 nondum
1180 2246 1234 2290 sit*
1256 2247 1340 2280 satis
1364 2246 1500 2280 Latinis
1530 2245 1652 2279 litteris
1671 2245 1750 2278 iuu—

392 2315 549 2344 seratum.
569 2308 620 2343 id.
643 2308 686 2340 de
707 2306 816 2350 begg.
840 2305 867 2344 Ι,
889 2304 923 2345 2,
943 2303 976 2337 7.
1023 2305 1168 2338 Sisenna
1189 2316 1302 2339 omnes
1325 2306 1437 2340 adhue
1459 2309 1592 2340 nostros
1609 2305 1750 2348 scripto-
1800 2294 1803 2296 μ

392 2381 447 2404 res
464 2370 575 2415 facile
597 2366 783 2412 superavit.
817 2365 850 2398 Is
874 2369 991 2398 tamen
1013 2365 1049 2398 t'n
1073 2365 1219 2399 historia
1238 2367 1371 2411 puerile
1391 2366 1556 2410 quiddam
1577 2369 1748 2398 consecta-

393 2435 459 2464 tur.
500 2430 552 2462 De
573 2427 648 2462 eius
670 2431 826 2470 tempore
846 2427 880 2458 et
902 2423 1035 2458 «licendi
1057 2436 1187 2470 genere
1208 2438 1242 2460 v.
1265 2437 1352 2471 quae
1373 2426 1588 2470 disputarunt
1609 2424 1748 2459 Ellend-

395 2489 464 2523 tius
485 2487 522 2522 in
543 2487 636 2521 nist.
659 2488 749 2530 eloq.
772 2486 877 2519 Rom.
907 2495 942 2528 p.
966 2483 1032 2518 1⁰1
1049 2496 1124 2529 sqq.
1154 2490 1189 2520 et
1218 2485 1424 2531 Bernhardy
1454 2485 1490 2519 iu
1519 2477 1608 2518 met.
1642 2484 1745 2519 litter.

395 2551 498 2583 Rom.
525 2560 558 2592 p.
583 2546 642 2581 9⁰.
672 2566 718 2572 --
745 2546 797 2580 Aa
825 2549 1020 2589 persecutus
1050 2557 1092 2579 ex
1123 2547 1398 2582 antecedentibus
1426 2545 1666 2581 assumendum
1698 2548 1749 2578 est

394 2620 476 2650 eas‚·
499 2619 533 2641 v.
557 2607 601 2642 ad
624 2619 654 2640 c.
677 2606 797 2647 XLVI,
819 2604 854 2639 7.

485 2670 518 2710 g.
542 2666 576 2701 3.
620 2667 743 2700 nobilis
773 2665 869 2710 suit]
905 2664 1002 2698 Haec
1039 2665 1107 2699 (luo
1137 2667 1260 2709 verba,
1292 2677 1380 2710 quae
1407 2665 1442 2699 iu
1472 2665 1630 2699 omnibns
1648 2663 1748 2701 libris

395 2728 557 2772 leguntur
579 2730 614 2762 et
639 2727 675 2761 iu
706 2725 809 2761 Fabr-
834 2725 868 2760 1.
898 2737 981 2761 casu
1011 2725 1138 2763 omissa
1169 2726 1286 2761 eadem
1321 2736 1451 2766 manu.
1478 2736 1568 2768 quae
1596 2724 1746 2760 codicem
