1826 3276
384 199 467 240 43⁰
736 191 783 234 C.
815 190 1138 234 SALLUSTI
1175 191 1410 235 CRISPI,

385 308 606 354 consulem
639 306 803 349 factum
836 309 936 348 ante
980 312 1225 365 acceperat.
1295 306 1417 371 Quis
1437 307 1568 369 rebus
1602 323 1736 368 supra

385 405 548 448 bonum
594 405 726 458 atque
770 398 1004 444 honestum
1049 391 1278 459 perculsus
1334 415 1479 459 neque
1521 402 1736 446 lacrumas

386 506 558 551 tenere,
611 509 757 552 neque
801 494 1022 538 moderari
1065 496 1283 555 linguam3
1333 496 1400 539 vir
1439 497 1648 556 egregins
1694 497 1738 541 in

352 592 479 636 3aliis
515 590 678 634 artibus
711 589 835 632 nimis
870 590 1058 651 molliter
1092 590 1410 650 aegritudinem
1443 590 1548 650 pati.
1593 591 1740 646 Quam

383 703 477 732 rem
511 686 582 730 alii
623 685 669 728 in
705 684 978 742 superbiam.
1001 686 1256 741 vertebant,
1303 685 1375 728 alii
1414 686 1577 730 bonum
1611 686 1740 746 inge-

384 783 502 827 nium
545 780 808 825 contumelia
849 795 1083 824 accensum
1131 795 1252 836 esse,
1304 780 1455 836 multi,
1493 779 1740 838 quodiam

384 950 539 986 omnium
571 949 645 983 fere
677 948 776 983 codd.
812 947 982 992 scriptura
1015 952 1077 983 est.
1123 947 1258 984 Cottius
1292 947 1398 982 edidit
1425 949 1495 982 iam
1518 939 1741 990 antennam:

383 1012 442 1046 sed
473 1015 578 1044 antea
601 1007 797 1052 paucissimi
827 1011 958 1042 tantum
983 1006 1065 1040 libri
1084 1011 1214 1051 tenent,
1247 1009 1316 1041 iam
1338 1012 1452 1042 autem
1474 1008 1510 1042 in
1532 1009 1628 1042 nullo
1649 1019 1743 1041 com-

383 1074 499 1114 paret,
529 1079 638 1111 neque
665 1080 707 1102 eo
737 1071 787 1101 est
816 1079 912 1111 opus.
934 1086 980 1092 —-
1004 1067 1147 1101 Factum
1172 1067 1196 1099 i.
1220 1077 1250 1100 e.
1275 1067 1514 1112 designatum3
1541 1068 1621 1111 fieri
1650 1067 1742 1101 enim

382 1140 500 1163 omnes
531 1128 690 1161 dicuntur
717 1126 963 1172 magistratus,
994 1126 1054 1169 qui
1083 1126 1203 1170 populi
1231 1126 1402 1172 suffragio
1435 1127 1673 1167 declarantur,
1705 1130 1743 1160 ut

383 1187 541 1233 plurimis
572 1186 737 1231 exemplis
771 1185 906 1219 collatis
942 1185 1136 1220 observavit
1165 1186 1244 1220 Car.
1267 1186 1411 1220 Beierus
1438 1186 1483 1220 ad
1505 1186 1575 1221 Cic.
1605 1186 1648 1220 de
1670 1185 1742 1220 Off.

383 1249 443 1289 111,
466 1247 522 1288 20,
546 1246 603 1280 79.
637 1258 669 1290 p.
693 1245 772 1280 332.
810 1245 895 1279 Sall.
927 1246 1005 1290 lug.
1033 1245 1225 1288 LXXXW,
1249 1245 1281 1280 1.
1305 1246 1475 1289 LXXXV,
1499 1244 1556 1282 11.
1579 1256 1612 1279 ν.
1637 1244 1742 1280 etiam

384 1306 640 1341 Drakenborch.
663 1306 707 1339 ad
732 1305 805 1339 Liv.
830 1306 882 1346 11,
907 1305 964 1346 51,
997 1305 1030 1338 4.
1054 1323 1100 1330 —
1134 1306 1215 1347 Quis
1238 1306 1476 1339 tantummodo
1498 1305 1604 1339 habet
1625 1305 1744 1340 Guelf.

382 1367 415 1401 3.
440 1366 545 1401 ceteri
568 1366 699 1410 quibus.
723 1383 767 1389 —
799 1365 869 1397 Pro
902 1369 1036 1408 atque
1059 1364 1234 1398 honestum
1256 1363 1292 1397 in
1315 1365 1408 1398 haud
1431 1365 1548 1407 pauci·
1570 1364 1666 1397 codd.
1690 1368 1744 1398 est

381 1431 461 1461 aut
493 1426 583 1466 lum„
613 1425 702 1467 quod
733 1424 828 1457 nullo
859 1423 962 1457 modo
997 1422 1079 1456 ferri
1110 1426 1238 1465 potest,
1275 1435 1381 1466 quum
1412 1423 1596 1458 Sallustius
1616 1434 1683 1456 non
1706 1422 1741 1456 id

380 1488 489 1531 agat,
520 1488 557 1518 ut
589 1483 762 1518 notionem
792 1483 925 1517 honesti
954 1481 990 1515 in
1022 1482 1136 1515 locum
1174 1482 1252 1515 bom*
1286 1482 1491 1525 substituat,
1525 1483 1568 1516 (le
1589 1493 1658 1527 qua
1679 1487 1743 1517 aut

379 1545 573 1590 particulae
614 1546 780 1588 potestate
810 1543 856 1575 cf.
880 1544 996 1575 notata
1029 1541 1072 1575 ad
1112 1553 1143 1577 c.
1175 1541 1322 1583 van,
1344 1541 1399 1583 3.,
1432 1543 1492 1576 sed
1529 1545 1567 1577 ut
1598 1543 1742 1586 utraque

379 1604 560 1639 coniuncta
581 1602 653 1636 vim
675 1600 860 1636 sententiae
880 1603 1016 1644 augent.
1061 1601 1192 1634 Bonum
1211 1604 1326 1635 autem
1349 1601 1385 1636 h.
1408 1602 1434 1636 l.
1455 1602 1547 1636 idem
1569 1605 1620 1636 est
1639 1608 1744 1646 atque

379 1664 485 1705 utile,
518 1662 592 1696 sive
614 1661 647 1695 id
666 1686 676 1703 ‚
709 1660 800 1704 quod
823 1659 982 1694 conducit
1005 1663 1038 1694 et
1060 1661 1173 1701 iuvat,
1196 1672 1284 1704 quae
1306 1661 1402 1696 vocis
1422 1665 1588 1706 potestas,
1611 1664 1651 1696 ut
1671 1661 1742 1695 alia

379 1723 561 1764 omittam,
591 1721 724 1755 obtinet
753 1720 789 1754 in
818 1720 980 1764 precandi
1003 1720 1174 1754 formula=
1204 1720 1294 1764 quod
1320 1721 1453 1764 bonum
1469 1721 1619 1755 faustum
1641 1720 1742 1755 felix-

379 1796 447 1828 que
469 1784 538 1825 sit;
573 1782 748 1816 honestum
780 1791 864 1814 vero
895 1779 1157 1826 intelligendum
1180 1781 1223 1814 do
1245 1781 1385 1822 decoro,
1409 1780 1499 1824 quod
1521 1779 1636 1814 virum
1657 1791 1741 1825 gra-

380 1856 462 1878 vem
484 1843 592 1877 decet.
638 1842 765 1876 Sensus
785 1846 838 1875 est
861 1841 989 1886 igitur:
1023 1840 1057 1874 in
1082 1841 1226 1874 dolendo
1249 1839 1300 1874 ita
1321 1841 1462 1874 modum
1479 1839 1680 1881 excedebat,
1702 1842 1742 1874 ut

381 1905 513 1939 nullam
539 1913 649 1946 neque
670 1902 843 1936 commodi
863 1901 937 1943 sui,
961 1911 1070 1944 neque
1092 1899 1270 1944 dignitatis
1291 1900 1458 1934 rationem
1480 1899 1647 1935 haberet-1
1664 1897 1741 1933 Ali-

381 1970 435 1998 ter
466 1962 619 2008 Langius
652 1962 773 1995 bonum
804 1961 1045 2005 interpretatur
1078 1960 1255 1993 honestum
1288 1961 1538 2001 internum,
1563 1959 1739 1994 honestum

380 2025 494 2069 ipsum
517 2034 623 2064 vero,
654 2022 744 2056 nude
768 2032 790 2055 a
809 2020 975 2055 Sallustio
1006 2019 1156 2060 dictum,
1195 2019 1352 2054 decorum
1381 2025 1623 2054 externum.
1669 2018 1739 2052 Sed

379 2084 462 2118 huic
484 2082 669 2118 sententiae
699 2081 850 2125 primum
873 2081 1075 2115 adversatur
1104 2078 1321 2112 incommoda
1348 2079 1526 2113 notionum
1548 2081 1738 2113 commuta-

379 2144 451 2186 tio;
482 2147 554 2178 tum
581 2143 650 2176 hoc
682 2142 799 2186 obest,
833 2141 923 2185 quod
955 2138 1130 2172 honestum
1161 2149 1223 2182 per
1245 2149 1282 2172 se
1313 2149 1383 2175 non
1405 2139 1447 2172 de
1467 2139 1570 2173 rebus
1593 2138 1739 2173 extemis

378 2203 514 2238 dicitur.
559 2201 715 2245 Denique
737 2202 859 2235 bonum
881 2198 1115 2235 tantummodo
1138 2209 1180 2231 ex
1203 2197 1399 2232 Stoicorum
1423 2197 1578 2232 doctriua
1598 2207 1665 2232 non
1687 2197 1739 2231 ‹li-

378 2274 515 2297 versum
538 2265 591 2297 est
613 2262 658 2296 ab
680 2263 818 2296 honesto
840 2261 904 2304 (ct.
928 2259 1000 2293 Cic.
1023 2258 1066 2292 (le
1081 2257 1152 2292 Off.
1168 2258 1196 2299 1,
1214 2256 1271 2299 20,
1295 2256 1351 2292 66.
1372 2257 1434 2299 111,
1451 2257 1486 2302 8,
1505 2257 1563 2292 13.
1587 2260 1622 2292 et
1642 2260 1738 2291 utro-

379 2334 447 2366 que
475 2324 555 2357 loco
584 2323 663 2356 Car.
696 2320 900 2364 Beier-um),
931 2329 1078 2362 quorum
1104 2317 1234 2362 placita
1269 2321 1304 2352 et
1335 2317 1468 2351 (licendi
1490 2327 1591 2352 mum
1621 2316 1738 2350 Sallu-

378 2382 482 2416 stium
505 2385 659 2416 secutum
681 2392 756 2416 esse
788 2392 855 2415 uon
881 2384 932 2414 est
962 2379 1051 2423 quod
1081 2379 1211 2412 credas.
1242 2396 1288 2403 -—
1321 2377 1552 2411 Medores-⁸⁰
1581 2376 1737 2421 linguam

378 2441 403 2475 i.
427 2452 457 2475 e.
480 2452 657 2483 coercere,
695 2441 836 2475 modum
857 2444 1006 2474 statuere
1036 2439 1186 2482 linguae.
1231 2437 1306 2471 Non
1336 2439 1451 2471 servat
1479 2439 1595 2471 autem
1618 2433 1738 2470 Sallu-

377 2500 462 2535 stius
484 2501 667 2534 discrimen
689 2493 824 2542 sensus,
858 2499 948 2543 quod
981 2509 1043 2542 pro
1066 2498 1164 2532 varia
1186 2497 1290 2531 huius
1311 2494 1408 2530 verbi
1429 2499 1598 2530 structura
1618 2495 1738 2530 statuit

378 2561 557 2604 Zumptius
588 2560 623 2593 in
656 2562 812 2594 Gramm.
847 2560 922 2594 Lat.
956 2561 990 2601 §.
1012 2557 1068 2599 ⁷2,
1092 2558 1126 2592 3.
1149 2561 1218 2592 not.
1243 2557 1278 2592 2.
1310 2568 1343 2600 p.
1366 2556 1444 2590 32¹1.
1467 2556 1519 2590 ed.
1543 2556 1598 2591 lV.
1646 2555 1735 2590 Nam

378 2621 468 2664 quod
503 2620 586 2654 dicit
614 2621 787 2655 moderari
820 2620 923 2654 alicui
955 2619 1008 2653 rei
1033 2629 1106 2652 esse
1128 2619 1263 2652 modum
1285 2620 1426 2660 facere,
1456 2615 1630 2649 moderari
1661 2626 1734 2648 rem

378 2681 495 2714 valere
517 2681 694 2714 instituere
717 2692 758 2713 ac
780 2691 922 2725 regere,
955 2678 1041 2713 illud
1072 2679 1241 2712 refellitur
1263 2676 1363 2711 Catil.
1390 2675 1453 2717 Ll,
1477 2675 1533 2708 25.
1568 2678 1734 2718 fortunae

378 2739 494 2773 lubido
533 2740 747 2784 gentibus
785 2739 1074 2780 moderatur,
1116 2739 1184 2771 hoc
1226 2735 1445 2781 redarguitur
1486 2739 1600 2768 nostro
1631 2734 1730 2773 loco;
