1826 3276
446 200 822 249 IUGURTHA.
880 198 1004 246 CAP.
1033 198 1111 243 111.
1429 204 1486 244 15

80 307 125 371 is!
147 325 256 382 fuit,
290 323 446 384 utique
473 322 579 380 tuti,
615 325 692 367 aut
720 334 777 366 eo
800 319 948 381 magis
975 317 1152 364 honesti
1178 322 1293 362 sunt.
1363 318 1519 366 Nam?

81 497 157 531 stra
180 492 311 538 obniti,
335 490 506 528 dementis
527 493 601 533 θεῖς
634 488 785 534 denique
807 487 930 534 paucis
952 485 1152 532 potentibus
1173 485 1359 521 humiliter
1380 486 1492 522 inser-

81 555 170 601 vire,
193 558 235 590 ut
257 566 381 590 eorum
403 553 525 600 gratia
546 554 685 587 tantum
708 550 831 595 possis,
854 553 1024 594 quantum
1047 549 1102 583 illi
1121 548 1242 590 velint,
1266 547 1493 583 inhonestum

81 621 118 654 et
147 617 384 663 perniciosum
415 618 479 649 est.
535 613 565 647 Α
590 612 771 656 republica
797 611 910 657 igitur
931 611 1086 657 gerenda
1108 611 1213 654 plane
1234 610 1492 645 abstinendum.

175 678 304 722 honos]
331 676 451 711 Etiam
474 672 647 719 singulari
674 682 822 706 numero
845 673 1009 706 honorem
1033 668 1078 705 de
1101 683 1246 706 munere
1267 671 1410 716 publico
1434 671 1493 706 vel

83 738 295 785 magistratu
319 737 389 771 dici
413 736 486 771 iam
510 734 650 770 Cortius
677 733 833 775 notavit,
858 733 942 770 coll.
964 732 1042 767 Liv.
1067 733 1176 775 XLII,
1200 732 1259 775 22,
1282 733 1317 767 7.
1345 746 1411 779 quo
1436 734 1494 768 die

83 801 166 835 novi
192 799 426 844 magistratus
452 796 579 831 inituri
617 799 721 830 erant
754 795 984 830 honorem.
1031 794 1105 832 Cic.
1127 794 1163 828 in
1187 793 1286 830 Verr.
1309 795 1354 838 11,
1378 795 1412 837 5,
1436 795 1495 831 14.

86 862 144 896 Ita
165 864 391 906 quaestor
414 869 490 892 sum
504 860 647 902 factus,
679 861 721 891 ut
741 856 829 891 mihi
851 856 1067 890 honorem
1091 857 1191 891 illum
1217 867 1287 890 non
1303 857 1411 890 solum
1429 859 1495 891 da-

82 927 169 965 tum,
193 922 255 957 sed
271 921 380 956 etiam
398 919 569 954 creditum
586 924 720 963 putem.
767 919 822 953 De
845 919 952 953 honos
971 917 1103 958 forma,
1129 928 1198 951 non
1221 917 1395 953 Sallustio
1418 921 1497 953 tan·

82 987 171 1026 tum,
195 983 256 1018 sed
280 982 390 1017 etiam
413 980 574 1015 Ciceroni
600 980 768 1025 probata,
801 991 839 1015 v.
862 981 1004 1023 Zumpt.
1029 978 1190 1014 Gramm.
1216 979 1294 1014 Lat.
1321 981 1352 1023 §.
1378 979 1437 1024 14,
1460 979 1496 1014 9.

83 1046 118 1082 d.
141 1058 178 1091 p.
203 1045 262 1080 47.
299 1047 336 1079 et
358 1043 396 1078 in
418 1042 535 1077 Iahnii
569 1043 712 1077 Annall.
738 1041 870 1078 Philol.
896 1046 930 1076 et
952 1041 1110 1085 Paedag.
1143 1051 1177 1075 a.
1202 1041 1307 1078 1827.
1341 1043 1378 1082 1,
1403 1041 1437 1076 2.
1460 1054 1498 1087 p.

81 1106 164 1142 11⁰.
186 1123 234 1131 ——-
259 1106 304 1140 Is
322 1105 398 1149 fuit
419 1105 582 1139 firmatur
603 1102 812 1138 auctoritate
835 1101 985 1138 duorum
1004 1102 1102 1136 codd.
1113 1101 1224 1144 Rivii,
1247 1103 1498 1137 nonnullorum

84 1166 252 1210 Gmteri,
285 1165 427 1201 Fabric.
446 1165 480 1199 2.
505 1164 697 1199 Einsiedel.
723 1163 846 1198 Guelf.
870 1163 903 1198 1.
928 1167 964 1199 et
986 1162 1041 1207 5.,
1074 1162 1141 1198 nisi
1165 1163 1260 1208 quod
1284 1176 1326 1198 ex
1348 1164 1405 1198 his
1433 1177 1499 1210 po-

82 1229 226 1265 stremis
255 1228 348 1265 alter
368 1226 478 1260 habet
509 1226 548 1260 is
612 1231 672 1268 at,
710 1226 803 1260 alter
834 1226 874 1260 is
900 1226 968 1269 fit,·
1005 1237 1118 1270 neque
1140 1227 1293 1260 multum
1316 1225 1501 1261 discedunt

85 1290 176 1325 Tur.
201 1288 238 1326 1.
262 1293 298 1324 et
319 1287 432 1323 Paris.
457 1299 510 1332 z.,
546 1299 590 1321 ex
615 1288 744 1332 quibus
767 1287 832 1321 ille
854 1298 903 1321 m.
930 1299 1022 1330 sec.,
1058 1287 1119 1321 hic
1143 1299 1190 1321 m.
1216 1300 1269 1333 pr.
1294 1289 1403 1323 habet
1426 1289 1473 1323 hi
1482 1300 1500 1323 ε

79 1352 167 1398 ficit.
212 1349 357 1386 Relicui
376 1361 501 1385 omnes
524 1353 587 1384 aut
608 1350 681 1384 vis
696 1350 773 1394 fuit
796 1352 934 1391 tenent,
957 1351 1019 1383 aut
1042 1349 1113 1383 ius
1131 1349 1226 1392 suit,
1247 1350 1343 1393 quod
1366 1350 1500 1384 hueus-

86 1425 156 1459 que
178 1424 299 1449 omnes
322 1411 472 1447 editores
492 1415 712 1456 receperunt.
761 1410 831 1445 Sed
855 1410 960 1445 nihili
983 1414 1037 1444 est
1061 1411 1153 1454 quod
1177 1410 1317 1445 Cortius
1340 1412 1385 1446 ad
1407 1411 1505 1445 istud

87 1475 305 1511 vocabulum
326 1473 580 1508 defendendum
603 1484 646 1508 ex
670 1477 873 1519 antegressa
905 1473 1012 1507 honos
1035 1472 1191 1517 suppleri
1221 1472 1319 1508 iubet
1349 1474 1501 1516 honoris,

88 1538 171 1573 coll.
194 1536 273 1572 LiV.
295 1536 326 1580 1,
349 1534 410 1578 49,
433 1533 469 1568 3.
493 1534 549 1568 ius
574 1536 692 1581 regni,
715 1539 751 1570 et
773 1535 890 1570 Tacit.
909 1534 996 1571 Ann.
1016 1535 1109 1577 xlv,
1133 1534 1191 1576 50,
1214 1533 1308 1569 med.
1334 1534 1503 1570 honorum

88 1599 165 1639 inu,-
202 1608 318 1642 neque
339 1595 434 1631 enim
457 1596 550 1640 apud
583 1595 793 1632 Sallustium
817 1597 894 1630 ullo
926 1596 1034 1630 modo
1057 1596 1167 1641 gcnit.
1198 1596 1354 1641 suppleri
1378 1600 1504 1642 potest,

90 1662 128 1694 et
159 1658 198 1693 in
220 1657 372 1693 laudatis
401 1657 570 1702 exemplis
597 1658 653 1693 ius
675 1659 858 1704 propriam
889 1659 966 1693 vim
999 1669 1069 1692 non
1092 1657 1197 1702 plane
1232 1657 1407 1703 deposuit.
1463 1659 1505 1694 Id

92 1719 242 1754 sentiens
274 1718 484 1753 Gerlachius
511 1719 567 1753 ius
588 1719 684 1754 idem
715 1732 790 1755 esse
823 1719 912 1754 dicit
934 1723 1041 1763 atque
1061 1724 1273 1764 potestatem
1303 1721 1360 1754 vel
1394 1721 1505 1766 impe-

92 1781 207 1823 rinm,
247 1781 342 1825 quod
360 1779 492 1825 pariter
513 1779 601 1814 ferri
624 1780 755 1824 nequit.
805 1781 864 1815 Ius
887 1780 982 1814 enim
1005 1791 1071 1824 pro
1095 1782 1259 1826 legitima
1280 1785 1417 1816 tantum
1440 1794 1504 1827 po-

93 1840 241 1884 testate,
275 1851 457 1885 nunquam
481 1851 546 1884 pro
567 1842 728 1885 potentia
761 1841 832 1875 dici
859 1844 972 1886 potest
1001 1841 1062 1886 (V.
1087 1853 1179 1886 quae
1200 1842 1244 1876 de
1267 1844 1447 1887 potentiae
1470 1848 1507 1879 et

90 1902 276 1948 potestatis
303 1901 504 1936 discrimine
527 1903 679 1937 diximus
703 1902 750 1937 ad
773 1903 851 1937 Cat.
874 1903 1078 1946 xxxvm,
1101 1903 1136 1939 1.
1170 1915 1204 1949 p.
1228 1903 1309 1938 177.
1333 1906 1414 1940 coll.
1436 1905 1505 1940 Er-

93 1964 206 2000 nestio
229 1962 274 1999 ad
299 1963 415 1999 Tacit.
439 1964 575 1999 Histor.
593 1964 774 2009 I,1,in.),
798 1975 910 2009 neque
933 1963 964 1998 is
984 1974 1068 1998 usus
1090 1963 1166 1998 sine
1189 1965 1310 2000 addito
1333 1967 1508 2002 adiectivo

93 2026 155 2060 vel
185 2024 344 2072 genitivo
366 2025 469 2067 licet3
504 2036 618 2070 quare
640 2024 807 2066 Tacitus,
841 2027 1023 2069 receptam
1047 2024 1185 2059 dicendi
1207 2027 1382 2062 rationem
1406 2029 1506 2064 dese-

96 2098 187 2130 renS,
212 2087 299 2122 dixit
318 2087 457 2122 Annali.
474 2087 503 2129 Ι,
529 2087 565 2129 1,
589 2087 636 2122 iu.
663 2086 880 2121 tribunorum
903 2087 1053 2121 militurn
1077 2089 1325 2125 consulare
1347 2090 1430 2125 ius.
1454 2091 1503 2125 ib.

97 2149 135 2191 l,
157 2148 217 2191 10,
241 2149 290 2184 in.
313 2148 368 2184 ins
386 2148 569 2192 praetoris.
617 2148 723 2189 XIII,
746 2147 805 2190 21,
828 2146 920 2183 med.
944 2150 1190 2193 proconsulare
1209 2152 1276 2185 ius.
1324 2153 1374 2186 Ut
1394 2151 1507 2198 igitur

97 2209 213 2244 honor
232 2210 271 2245 'vi
294 2213 356 2246 aut
378 2209 485 2244 malis
517 2209 653 2245 artibus
677 2212 798 2254 partus
821 2208 942 2253 nequit
962 2215 1119 2255 potestas
1142 2213 1287 2256 vocari,
1323 2213 1374 2249 ita
1397 2215 1506 2250 etiam

99 2271 157 2305 ius
187 2270 229 2305 h.
251 2271 277 2305 l.
300 2282 371 2306 non
393 2274 508 2315 potest
541 2275 750 2316 potestatem
772 2270 984 2315 significare.
1045 2272 1145 2307 Nihil
1168 2278 1287 2309 autem
1309 2275 1508 2320 simplicius

99 2342 187 2374 esse,
211 2342 319 2376 quam
340 2333 372 2367 i·
393 2333 600 2378 pronomine
620 2333 793 2367 honorem
816 2332 939 2367 virtuti
963 2333 1121 2368 debitum
1144 2336 1273 2380 opponi
1295 2338 1425 2373 honori
1445 2351 1508 2385 per

101 2393 266 2428 fraudem
290 2398 508 2438 comparato,
529 2394 657 2440 quivis,
683 2394 820 2439 opinor,
841 2394 976 2438 sentiet,
998 2406 1111 2440 neque
1134 2397 1289 2442 amplius
1309 2400 1366 2435 ius
1388 2401 1508 2436 defen-

102 2454 162 2489 det
183 2465 228 2489 ex
249 2454 306 2490 vis
327 2459 462 2498 natum,
484 2456 521 2490 in
544 2456 638 2501 quod
661 2455 778 2491 facilis
801 2459 878 2491 erat
901 2467 945 2492 ex
967 2457 999 2492 is
1021 2457 1153 2501 lapsus.
1181 2478 1226 2486 -
1256 2461 1423 2508 Utique
1446 2469 1508 2499 tu-

102 2516 135 2552 ti
157 2519 318 2551 constans
340 2527 452 2562 paene
474 2517 633 2553 omnium
653 2517 779 2559 codd„
799 2517 910 2552 etiam
932 2518 1168 2563 optimorum,
1203 2524 1256 2557 est
1276 2522 1400 2569 lectio,
1424 2537 1509 2561 con-

103 2577 246 2614 firmata
268 2589 407 2624 quoque
429 2578 493 2621 iis,
529 2578 592 2624 qui
614 2578 748 2614 habent
775 2579 847 2614 uti
868 2581 949 2615 tuti.
1010 2581 1051 2617 In
1074 2582 1249 2618 nonnullis
1270 2587 1389 2620 tamen
1413 2586 1510 2622 deest

28 2654 31 2657 v
103 2639 254 2682 vocula,
277 2640 406 2684 quibus
427 2639 577 2674 editores
601 2650 720 2674 omnes
742 2651 928 2686 perperam
951 2647 1163 2688 paruerunt,
1198 2656 1339 2682 sensum
1361 2660 1432 2683 non
1453 2660 1511 2685 as-

106 2700 229 2736 secuti.
275 2701 356 2737 Hoc
379 2700 472 2735 euim
496 2700 581 2736 dicit
604 2700 814 2737 Sallustium
838 2703 963 2739 fraude
988 2704 1159 2740 honorem
1182 2707 1300 2752 adepti
1323 2720 1390 2743 non
1408 2722 1512 2755 pror-

108 2774 167 2797 sus
183 2767 218 2799 et
235 2763 280 2797 ab
298 2763 393 2798 omni
404 2767 509 2807 parte
526 2762 592 2797 tuti
611 2767 691 2798 sunt
714 2763 826 2808 (quod
843 2764 1068 2812 opinantur),
1091 2771 1167 2811 aut,
1190 2770 1221 2803 si
1237 2771 1307 2805 tuti
1323 2771 1404 2814 sint,
1425 2783 1510 2817 pro-

106 2828 232 2870 pterea
244 2826 361 2859 tamen
380 2835 451 2860 non
472 2824 589 2871 magis
604 2824 744 2862 honesti
761 2829 852 2862 sunt.
897 2826 950 2863 Ad
972 2827 1045 2863 vim
1063 2830 1254 2866 sententiae
1270 2831 1383 2878 igitur
1400 2834 1512 2868 multo
