1826 3276
490 163 871 230 ‚IUGURTHA
928 154 1065 208 GAP.
1092 160 1127 205 Ι.
1490 166 1522 208 8

115 285 215 330 dux·
266 290 404 344 atque
455 282 710 344 imperator
752 281 872 328 vitae
915 279 1172 327 mortalium
1218 278 1393 326 animus
1438 285 1519 324 est.

114 382 208 444 Qui
242 382 324 428 ubi
367 381 428 426 ad
473 381 669 444 'gloriam
711 380 882 428 virtutis
925 379 1000 425 via
1034 383 1290 440 grassatur,
1338 375 1520 422 abunde

113 481 290 542 pollens
319 485 574 545 potensque
603 484 650 525 et
685 478 830 525 clarus
867 482 958 536 est,
993 481 1142 539 neque
1175 476 1358 523 fortuna
1387 479 1521 537 eget;

112 637 282 679 volumus,
299 645 392 682 qaae
408 634 454 670 sit
463 635 502 670 in
519 638 654 670 natura
669 614 819 668 izominiu
840 632 1045 667 excellentia
1069 637 1104 667 et
1123 631 1305 678 dignitas,
1330 631 1449 667 intel
1459 631 1494 666 li
1500 650 1522 659 -

112 709 169 744 ge
181 708 275 733 mus
296 707 402 742 quam
417 695 465 730 sit
483 699 586 742 turpe
605 695 770 739 diffluere
793 693 946 728 luxuria.
991 692 1042 730 ib.
1059 693 1124 736 111,
1143 693 1180 737 6,
1197 693 1257 728 26.
1281 703 1386 738 quam
1404 692 1524 737 (utili-

111 757 242 802 tatem)
258 757 290 792 sn·
306 756 356 792 ad
368 767 405 791 se
421 756 565 802 quisque
583 756 708 802 rapiet,
725 755 846 790 diseo
858 754 900 788 lv
910 765 928 789 e
938 757 1017 789 tur
1033 754 1144 789 omnis
1159 754 1315 789 humana
1334 755 1525 796 consortio3

110 820 158 855 ad
174 828 281 864 quem
297 819 417 853 locum
430 817 579 854 Beierus
596 816 746 852 eontulit
763 815 839 862 m,
847 815 908 851 21.
922 814 1026 860 p.49.
1048 815 1080 851 si
1100 816 1162 862 qui
1182 815 1248 851 sibi
1269 816 1350 860 plus
1366 821 1523 861 appetet,

109 880 183 915 vio
194 880 272 915 lab
284 880 323 916 it
339 880 396 914 ius
413 879 593 914 humanae
607 878 797 914 societatis.
819 876 869 912 cf.
889 876 1057 913 Nostrum
1073 878 1154 924 lug.
1162 877 1220 921 lv,
1230 876 1265 912 4.
1293 878 1352 923 qui
1371 878 1402 912 si
1419 888 1526 923 repu-

109 941 279 986 taverint,
303 945 340 976 et
357 941 480 986 quibus
501 951 568 986 ego
589 940 801 985 temporibus
816 939 1055 985 magistratus
1071 940 1220 986 adeptus
1241 951 1328 983 sum,
1347 943 1383 974 et
1400 941 1524 986 quales

109 1003 178 1037 uiri
189 1003 281 1038 idem
294 992 682 1049 assequi‘nequiverinz
699 1011 724 1047 p
733 1003 910 1045 rosceto
931 1000 1080 1037 πίσεα
1090 1012 1125 1035 m
1137 1012 1160 1035 a
1172 1000 1192 1034 b
1201 1013 1225 1034 u
1234 1004 1281 1036 nt
1299 1003 1365 1035 etc.
1387 1001 1478 1036 Vell.
1491 1001 1521 1045 1,

109 1064 168 1106 17,
190 1064 226 1102 4.
246 1064 312 1099 hoc
330 1063 425 1098 idem
441 1063 595 1098 evenisse
607 1063 863 1108 grammaticis,
884 1062 1024 1108 plastis,
1037 1062 1240 1108 pictoribus,
1264 1061 1419 1107 quisquis
1434 1067 1524 1097 tem-

105 1136 234 1172 porum
252 1125 419 1161 institerit
437 1125 542 1167 notio,
562 1136 584 1159 r
594 1136 612 1158 e
619 1136 644 1169 p
655 1136 673 1159 e
682 1124 722 1159 ri
732 1136 751 1159 e
761 1128 787 1162 t.
834 1123 937 1159 Ovid.
948 1124 1036 1160 Met.
1053 1124 1098 1166 Π,
1115 1121 1186 1158 551
1196 1135 1248 1167 sq.
1275 1123 1368 1166 Quid
1375 1124 1523 1168 fuerim,

30 1204 38 1228 3
108 1187 195 1234 quid
214 1187 348 1232 &mque
365 1186 447 1221 vide
457 1210 468 1227 ‚
491 1186 722 1231 meritumque
739 1186 901 1231 require,-
928 1186 948 1220 1
955 1197 1008 1219 nv
1018 1185 1092 1220 eni
1100 1196 1118 1220 e
1128 1196 1145 1219 s
1160 1185 1317 1219 nocuisse
1325 1186 1452 1230 fidem.
1474 1205 1524 1214 —

108 1248 314 1291 Hominum,
334 1246 430 1292 quod
445 1247 492 1282 ab
508 1257 578 1281 uno
595 1247 729 1282 Wassii
747 1248 842 1294 Reg.
859 1248 970 1290 abest,
994 1245 1135 1281 eortius
1151 1246 1304 1281 deletum
1322 1247 1444 1291 cupiit,
1458 1247 1530 1282 sci:

108 1309 192 1346 licet
213 1313 358 1355 propter
380 1318 528 1354 sequens
553 1309 777 1351 mortalium3
809 1309 905 1354 quod
918 1319 1125 1354 perversum
1144 1307 1316 1344 iudicium
1335 1308 1408 1344 iam
1431 1310 1524 1345 Ger-

109 1370 250 1407 lachius
262 1369 410 1406 notavit.
433 1386 480 1397 —-
502 1369 558 1403 ne
573 1368 706 1413 duplici
730 1371 887 1406 invenies
909 1370 1010 1405 verbi
1030 1372 1227 1412 structura,
1251 1370 1344 1405 uude
1366 1371 1523 1416 primum

106 1433 205 1469 aolus
227 1431 470 1475 accusativus,
497 1438 573 1465 tum
594 1441 710 1466 accus.
734 1443 768 1467 c.
791 1432 856 1468 inf.
881 1430 1027 1477 pendet,
1061 1430 1214 1466 diximus
1240 1431 1287 1466 ad
1314 1431 1392 1469 Cat.
1419 1432 1460 1475 V,
1486 1431 1522 1470 9.

109 1506 146 1540 p.
161 1494 220 1530 31.
264 1494 394 1536 Aliud,
422 1492 484 1527 sed
503 1491 589 1526 huic
605 1496 797 1539 cognatum
811 1491 1081 1530 constructionis
1095 1503 1209 1539 genus
1226 1491 1409 1540 tetigimus
1427 1493 1524 1530 infra

110 1556 157 1591 ad
174 1567 206 1592 o.
224 1547 336 1600 xxv,
354 1554 390 1592 1.
413 1557 450 1590 et
466 1554 511 1589 ad
528 1554 654 1597 xum,
672 1554 708 1589 2.

203 1611 239 1661 S.
258 1616 295 1652 3.
341 1615 548 1662 grassatur]
582 1617 636 1651 De
652 1617 761 1652 huius
777 1616 879 1653 verbi
898 1618 1074 1662 potestate
1090 1626 1125 1650 v.
1146 1615 1191 1650 ad
1216 1627 1246 1652 c.
1263 1616 1390 1660 LXIV,
1415 1614 1452 1652 5,
1475 1635 1523 1644 -

112 1678 223 1712 Voces
242 1677 375 1723 pollens
395 1681 583 1722 ‘potensque
606 1677 705 1712 haud
719 1688 803 1713 raro
826 1677 1108 1723 coniunguntur,
1141 1677 1240 1712 velut
1268 1678 1363 1723 apud
1387 1678 1466 1714 Liv.
1491 1679 1522 1724 1,

111 1738 173 1783 24,
195 1737 232 1773 8.
255 1741 386 1783 quanto
405 1738 526 1783 magis
539 1742 639 1783 potes
652 1738 852 1784 pollesque3
874 1738 912 1773 in
928 1738 1031 1774 titulo
1046 1740 1143 1784 apud
1161 1739 1303 1776 Gruter.
1320 1751 1356 1783 p.
1375 1738 1418 1775 Ia.
1435 1751 1471 1776 n.
1486 1738 1522 1775 3.

113 1797 253 1844 (Orelli
271 1798 444 1843 Inscriptt.
465 1799 558 1834 Latt.
578 1800 656 1835 Vol.
673 1799 701 1833 1.
733 1811 768 1844 p.
785 1799 869 1835 303.
896 1799 941 1835 N.
958 1798 1094 1844 1555.)
1129 1799 1318 1834 flncvm.
1354 1799 1524 1839 Vrcrom.

37 1883 40 1896 .
110 1861 311 1897 Porum-rr.
334 1859 515 1895 Porum-1.
535 1860 706 1895 Inuera.
751 1860 801 1898 cf.
819 1860 996 1895 nmkenb.
1015 1861 1061 1896 ad
1077 1860 1155 1896 Liv.
1177 1861 1223 1903 11,
1244 1859 1303 1904 34,
1322 1859 1358 1897 9.
1406 1861 1522 1898 Sensu

111 1922 165 1958 ita
181 1920 360 1963 differunt,
382 1923 424 1955 ut
438 1921 572 1966 pollens
592 1920 731 1956 dicatur
745 1920 789 1965 is,
813 1922 872 1956 cui
888 1922 1003 1956 multa
1025 1924 1215 1966 suppetunt
1233 1922 1364 1967 quique
1378 1924 1523 1970 magnis

37 2018 43 2022 ,
112 1982 249 2018 viribus
265 1980 447 2027 praeditus
466 1984 538 2026 est,
559 1987 684 2027 potens
699 1993 785 2017 vero
801 1981 848 2017 sit
864 1982 913 2027 is,
937 1983 1000 2028 qui
1016 1983 1169 2028 virium,
1195 1994 1283 2027 quas
1302 1984 1432 2027 habet,
1454 1997 1521 2022 usu

111 2044 264 2079 multum
293 2042 436 2078 efficere
459 2043 577 2086 valet5
615 2043 665 2080 cf.
693 2043 899 2079 Doederlini
929 2044 1062 2090 Synou.
1088 2045 1170 2080 Lat.
1192 2045 1272 2080 Vol.
1292 2046 1352 2080 lv.
1380 2058 1414 2091 p.
1435 2047 1518 2083 163.

112 2108 145 2150 §-
162 2105 198 2141 ⁷.
235 2099 446 2140 Gerlachius
471 2107 591 2139 tamen
616 2104 663 2139 ad
690 2105 729 2140 h.
748 2106 774 2140 1.
792 2109 827 2141 et
844 2106 889 2141 ad
910 2106 1015 2141 catil.
1033 2107 1101 2151 VI,
1132 2105 1167 2141 4.
1191 2110 1287 2142 recte
1301 2107 1458 2153 monuit,
1480 2108 1519 2144 in

113 2166 306 2203 coniunctis
330 2165 388 2200 his
404 2165 551 2200 vocibus
575 2177 645 2201 non
669 2169 836 2202 accurate
853 2168 1004 2212 spectari
1029 2171 1237 2213 potestatem
1259 2167 1409 2213 singulis
1436 2181 1519 2214 pro-

22 2240 52 2275 ⁸,
113 2227 250 2272 priam,
288 2226 350 2261 sed
374 2227 547 2262 ambabus
569 2226 607 2262 in
642 2239 750 2262 unam
779 2227 881 2272 quasi
908 2229 1086 2264 notionem
1111 2229 1319 2264 coeuntibus
1343 2230 1518 2268 maiorem

113 2287 264 2323 orationi
287 2287 470 2322 conciliari
496 2287 570 2323 vim
585 2291 621 2324 et
636 2289 874 2335 gravitatem5
910 2290 958 2325 cf.
975 2294 1099 2326 notata
1115 2292 1162 2326 ad
1178 2292 1253 2328 Cat.
1270 2292 1311 2334 V,
1339 2291 1375 2327 1.
1403 2304 1440 2337 p.
1457 2293 1516 2330 27.

115 2349 272 2384 Catilina
290 2349 367 2392 fuit
391 2349 534 2395 ingenio
561 2351 657 2385 malo
677 2361 869 2396 pravoque.
893 2371 941 2377 —
975 2353 1135 2389 Fortuna
1162 2356 1201 2388 ut
1226 2363 1309 2387 cum
1336 2352 1434 2390 Gerl.
1459 2366 1518 2389 re—

113 2409 347 2446 scriberemus
364 2421 430 2454 pro
444 2413 636 2455 fortunae,
659 2413 754 2456 quod
773 2412 916 2448 Gor-tius
935 2413 1078 2457 intulit,
1100 2414 1263 2449 codicum
1281 2414 1518 2458 plurimorum

115 2471 248 2506 fuctum
274 2474 328 2505 cst
356 2471 586 2516 auctoritate;
623 2484 709 2507 uam
733 2474 853 2508 decem
875 2477 1012 2510 tautum
1036 2475 1122 2511 libri
1145 2475 1344 2522 genitivum
1368 2476 1517 2523 habent,

113 2532 211 2568 haud
235 2531 344 2567 dubie
371 2544 415 2567 ex
439 2533 535 2567 male
568 2534 750 2579 geminata
773 2536 809 2569 E
831 2534 950 2571 littera
976 2538 1151 2582 sequentis
1173 2536 1276 2572 verbi
1302 2540 1433 2574 ortum.
1470 2558 1515 2565 —

117 2594 217 2637 Quae
233 2597 311 2638 post
333 2595 459 2639 quippe
477 2605 500 2628 a
518 2595 639 2639 paucis
663 2595 822 2639 quidem,
844 2598 907 2632 sed
931 2610 1003 2633 non
1027 2598 1132 2634 malis
1157 2598 1259 2634 libris
1277 2599 1395 2643 abest,
1420 2602 1519 2637 velut

115 2653 224 2689 Febr.
243 2654 278 2691 1.
305 2654 341 2689 2.
368 2655 452 2690 Bas.
468 2655 503 2690 1.
526 2656 623 2691 Leid.
645 2657 683 2691 L.
708 2658 814 2694 Rem.
833 2659 868 2694 1.
893 2659 975 2695 Sen.
995 2660 1029 2695 1.
1055 2661 1175 2705 Quelf.
1193 2660 1227 2695 3.
1255 2660 1313 2695 10.
1338 2661 1417 2696 Ecc.
1434 2662 1516 2697 Par.

115 2715 155 2751 G.
203 2716 408 2752 Ceterorum
427 2721 544 2752 tamen
557 2718 802 2754 auctoritatem
820 2732 890 2756 non
908 2721 1032 2766 putavi
1047 2726 1234 2767 propterea
1250 2722 1520 2768 negligendam,

43 2790 46 2808 ι
116 2787 236 2822 quum,
258 2777 289 2814 si
309 2778 408 2815 abest
425 2779 629 2824 relativum,
652 2781 715 2818 vix
734 2781 814 2819 fieri
838 2787 962 2829 potest,
986 2783 1071 2829 quin
1087 2784 1268 2828 sequentia
1285 2785 1331 2820 ad
1348 2786 1516 2827 animum,

1157 2857 1241 2903 1*
