1826 3276
770 15 799 43 ’ἓν

467 162 844 207 IUGURTHA.
905 162 1034 206 CAP.
1061 161 1140 205 IV.
1451 163 1511 206 25

103 281 319 327 memoria
355 296 504 325 rerum
540 286 770 342 gestarum
805 296 906 326 eam
941 281 1168 325 flammam
1206 279 1404 341 egregiis
1439 279 1509 323 vi-

35 400 38 410 ·
102 381 160 425 ris
195 379 241 424 in
284 385 474 440 pectore
520 395 746 439 crescere,
792 395 942 439 neque
986 379 1110 439 prius
1154 377 1325 433 sedari,
1372 392 1510 436 quam

40 516 42 518 .
102 478 240 522 virtus
289 492 453 527 ⁴eorum
507 478 675 522 famam
731 483 866 537 atque
919 477 1115 538 gloriam
1175 475 1508 536 adaequaverit.

103 633 196 669 unde
219 632 441 677 consequituv
462 633 554 666 haec
575 633 686 666 verba
709 631 855 665 illorum
882 631 1042 666 virorum
1066 645 1141 673 esse
1164 633 1302 668 debere.
1351 631 1511 677 Denique

102 706 175 730 sese
199 705 387 739 pronomen
410 692 616 737 planissime
638 692 771 728 indicat
792 703 1022 738 praegressae
1044 694 1299 728 enunciationis
1314 693 1511 728 subiectum

104 757 210 792 etiam
234 755 270 789 in
292 755 363 788 hac
385 754 533 796 habu-13
566 766 641 788 sese
665 754 779 799 enim,
805 765 875 798 quo
898 754 1034 788 Fabius
1058 759 1093 789 et
1114 755 1221 789 ceteri
1245 755 1418 799 praeclari
1441 754 1512 789 viri

101 810 139 852 se
161 819 253 862 ipsos
275 815 495 862 significant,
519 827 623 850 nemo
646 817 692 851 ad
717 828 834 851 ceram
857 828 968 861 neque
983 818 1145 863 figuram
1169 817 1316 858 referet,
1340 827 1450 860 quum
1475 821 1510 852 et

101 878 239 929 plenior
262 879 380 912 forma
403 889 602 922 nunquam,
629 881 801 922 quantum
826 877 957 921 sciam,
983 878 1028 912 de
1050 879 1152 913 rebus
1175 883 1377 924 usurpetur,
1399 891 1511 923 neque

101 941 226 976 Latine
249 939 388 974 dicatur
409 939 496 973 haec
528 951 585 974 res
615 941 686 974 vim
720 941 766 974 in
798 951 843 974 se
875 940 1041 982 habet,
1079 941 1139 975 sed
1163 940 1370 985 simpliciter
1393 941 1509 975 habet.

100 1003 201 1037 Haec
225 1002 268 1035 tle
291 1001 412 1046 priore
434 1001 626 1035 sententiae
649 1005 749 1046 parte
780 1001 925 1043 valent3
955 1001 1016 1035 sed
1046 1001 1239 1036 Sallustius
1269 1013 1338 1036 non
1371 1002 1424 1037 ita
1460 1002 1513 1037 uti

101 1068 267 1108 coeperat
291 1061 487 1097 orationem
512 1062 716 1104 continuat,
750 1063 810 1096 sed
844 1062 879 1096 in
909 1062 1023 1096 media
1047 1063 1218 1097 sententia
1242 1075 1330 1108 quos
1353 1063 1512 1109 cogitan-

101 1130 153 1161 tes
177 1137 219 1160 ac
251 1126 430 1170 loquentes
460 1123 646 1166 induxerat
676 1124 774 1158 viros
807 1125 974 1158 obiectum
1008 1123 1180 1157 orationis
1211 1125 1317 1168 facit,
1349 1127 1417 1160 sibi
1446 1127 1516 1170 ipsi

101 1184 281 1222 indicandi
306 1190 422 1231 partes
446 1197 598 1220 sumens.
645 1186 750 1231 Quod
775 1186 806 1220 si
830 1184 1002 1227 tenueris,
1037 1187 1193 1232 egregiis
1217 1187 1303 1221 viris
1333 1187 1424 1221 nihil
1447 1188 1515 1222 ha-

101 1249 164 1283 bet
187 1249 280 1293 quod
306 1252 341 1282 te
363 1247 542 1290 offendat3
574 1247 878 1291 non‘culpandam
903 1252 1020 1282 autem
1047 1259 1123 1282 esse
1146 1248 1239 1292 apud
1264 1251 1399 1283 veteres
1422 1249 1516 1282 eius-

102 1310 200 1345 modi
230 1308 411 1356 cogitandi
442 1308 724 1354 enunciandique
750 1313 926 1343 mutatam
961 1308 1136 1343 rationem
1161 1313 1196 1343 et
1220 1309 1345 1343 docent
1378 1309 1517 1344 infinita

102 1371 398 1408 anacoluthon-um
421 1381 554 1416 genera
581 1370 642 1415 (ν.
667 1369 712 1404 ad
737 1382 767 1404 c.
787 1370 817 1413 Ι,
842 1369 927 1414 lh),
953 1374 987 1404 et
1010 1370 1176 1415 cognosci
1202 1374 1316 1415 potest
1339 1382 1449 1415 quum
1472 1383 1517 1407 ex

102 1433 147 1468 iis
163 1433 273 1476 locis,
303 1431 366 1467 ubi
385 1428 536 1467 orationi
555 1431 723 1476 obliquae
749 1431 974 1476 interpositus
995 1436 1046 1464 est
1064 1430 1276 1467 indicativus
1302 1433 1362 1477 (v,
1381 1433 1427 1467 ad
1448 1433 1516 1468 Ca-

102 1496 156 1531 til.
175 1507 206 1529 c.
226 1495 320 1537 XIV,
337 1494 373 1529 7.
388 1497 426 1528 'et
444 1493 490 1528 ad
510 1494 655 1537 xxvn,
677 1492 758 1538 4.),
788 1496 864 1527 tum
885 1492 1040 1527 maxime
1060 1505 1103 1527 ex
1128 1493 1191 1535 iis,
1220 1493 1285 1528 ubi
1303 1498 1428 1529 auctor
1445 1507 1515 1530 non

103 1570 141 1592 se
164 1557 302 1602 ipsum,
333 1556 392 1591 sed
411 1555 523 1590 alium
541 1556 599 1590 vel
617 1556 817 1600 loquentem
835 1555 891 1588 vel
913 1554 1127 1599 cogitantem
1149 1554 1302 1600 inducit,
1333 1561 1368 1591 et
1397 1560 1517 1591 tamen

103 1630 170 1664 pro
193 1617 362 1652 reflexim
384 1617 594 1662 pronomine
617 1616 931 1651 demonstrativum
958 1616 1114 1651 subiicit.
1151 1617 1198 1651 cf.
1231 1618 1304 1652 Cic.
1329 1618 1373 1652 de
1401 1617 1463 1653 Or.
1486 1619 1515 1660 1,

104 1679 164 1725 54,
183 1679 264 1714 232.
305 1680 467 1713 Socrates
487 1679 688 1722 respondit,
723 1687 823 1712 sese
846 1679 1032 1720 meruisse,
1070 1684 1110 1712 ut
1130 1679 1355 1724 amplissimis
1374 1679 1517 1714 bonori-

106 1743 168 1777 bus
197 1747 232 1776 et
256 1741 424 1786 praemiis
450 1742 695 1782 decoraretur,
721 1746 754 1774 et
775 1745 815 1774 ut
843 1741 884 1774 ei
907 1741 1020 1774 victus
1041 1741 1266 1784 quotidianus
1285 1742 1323 1774 in
1343 1741 1517 1785 Prytaneo

100 1804 238 1849 publice
263 1804 504 1847 praeberetur.
553 1814 588 1846 p.
608 1801 698 1836 Sest.
718 1812 748 1834 c.
770 1800 828 1841 24,
846 1800 905 1835 54.
941 1801 1021 1834 Hac
1043 1806 1151 1835 tanta
1177 1802 1443 1845 perturbatione
1467 1803 1516 1836 ci-

103 1864 228 1899 vitatis
255 1875 300 1897 ne
327 1867 462 1897 noctem
489 1864 626 1908 quidem
652 1863 875 1896 consules
905 1862 999 1896 inter
1026 1874 1141 1896 meum
1169 1863 1355 1897 discrimen
1382 1869 1417 1898 et
1442 1876 1517 1898 eo-

103 1937 199 1960 rum
219 1924 396 1969 praedam
417 1924 581 1960 interesse
601 1924 742 1968 passi
765 1927 880 1958 sunt.
930 1923 1016 1958 Sall.
1034 1925 1112 1970 lug.
1134 1925 1257 1967 XCVI,
1278 1925 1312 1959 2.
1338 1926 1439 1960 Sulla
1458 1926 1517 1961 be·-

104 1986 229 2031 neficia
254 1986 519 2031 properantius,
545 1997 650 2031 quam
676 1997 737 2019 aes
764 1990 921 2020 mutuum
951 1985 1098 2020 reddere
1107 1998 1120 2026 ,-
1144 1987 1157 2020 i
1165 1998 1245 2030 pse
1270 1987 1315 2020 ab
1347 1989 1442 2022 nullo
1460 1999 1517 2022 re-

103 2053 247 2094 petere3
270 2048 389 2094 magis
409 2047 447 2082 id
464 2047 645 2089 laborare,
669 2052 708 2082 ut
733 2048 807 2081 illi
830 2058 935 2092 quam
957 2047 1103 2091 plurimi
1126 2047 1301 2082 deberent.
1349 2049 1397 2083 cf.
1424 2049 1516 2082 Vell.

104 2109 133 2153 1,
163 2109 198 2150 1,
225 2108 261 2144 3.
291 2109 336 2152 11,
367 2107 426 2151 15,
452 2109 486 2144 3.
514 2109 607 2154 Aug.
631 2108 808 2144 Matthias
837 2109 882 2143 ad
908 2107 981 2143 Cic.
1008 2120 1042 2152 p.
1071 2109 1179 2143 Rosc.
1208 2110 1288 2144 Am.
1318 2122 1348 2146 c.
1375 2109 1433 2154 34,
1458 2111 1517 2146 95.

107 2170 240 2216 Georg.
268 2171 358 2207 Lud.
384 2171 527 2206 Walch.
554 2170 727 2205 Emendd.
756 2169 835 2204 Liv.
860 2180 891 2204 c.
910 2158 972 2204 XI.
1001 2182 1035 2214 p.
1053 2170 1136 2205 219.
1163 2190 1206 2196 —
1239 2171 1395 2215 Eorum,
1424 2172 1518 2216 quod

107 2243 187 2266 cum
212 2232 330 2267 verbis
351 2235 493 2280 famam
523 2238 630 2280 atque
657 2233 812 2278 gloriam
845 2231 1128 2278 coniungendam
1161 2236 1232 2272 est,
1257 2245 1326 2268 non
1350 2234 1459 2268 habet
1483 2233 1520 2268 in

63 2331 70 2340 .
107 2295 320 2340 antegressis
341 2296 578 2338 vocabulum,
601 2306 671 2339 quo
694 2294 888 2336 referatur-3
912 2294 972 2327 sed
991 2294 1207 2340 cogitatione
1226 2296 1398 2330 maiorum
1420 2307 1520 2330 assu·

107 2355 273 2390 mendum
298 2367 375 2390 esse
392 2356 533 2391 Curtius
555 2359 650 2391 recte
677 2355 777 2391 vidit.
803 2375 851 2381 —
879 2355 997 2390 Virtus
1020 2356 1277 2401 adaequaverit
1302 2362 1427 2391 auctor
1442 2368 1519 2391 ma-

107 2418 176 2453 luit
195 2418 312 2452 dicere
331 2429 437 2463 quam
455 2419 586 2454 virtute
605 2417 910 2463 adaequaverint5
932 2428 978 2451 ne
1003 2417 1097 2452 enim
1123 2418 1312 2453 insolenter
1339 2419 1438 2463 loqui
1464 2419 1520 2452 vi-

107 2480 258 2514 deantur
279 2480 456 2523 praeclari
475 2479 566 2522 viri,
599 2478 806 2515 seutentiam
827 2480 892 2514 sub
908 2479 1015 2514 finem
1033 2491 1176 2524 prorsus
1197 2481 1400 2525 generalem
1419 2483 1520 2514 extu-

108 2541 171 2584 lit,
190 2541 350 2576 virorum
368 2542 447 2592 loco
466 2543 652 2584 virtutem,
669 2544 838 2585 tanquam
857 2551 1044 2586 personam
1058 2567 1069 2584 ‚
1089 2541 1287 2576 subiectum
1307 2541 1449 2575 faciens.
1473 2560 1520 2566 —

110 2602 325 2648 Adaeqnare
355 2604 440 2650 aliq.
466 2616 563 2646 rem,
599 2607 638 2638 ut
661 2602 706 2637 sit
727 2614 850 2648 parem
867 2604 954 2648 fieri
981 2604 1029 2639 al.
1057 2604 1128 2646 rei,
1162 2603 1249 2638 dixit
1272 2604 1379 2638 etiam
1404 2603 1521 2638 Tacit.

111 2664 202 2699 Anu.
227 2665 304 2708 XV,
329 2664 387 2708 19,
411 2669 500 2700 extr.
526 2665 648 2699 Germ.
674 2675 704 2699 c.
725 2663 784 2698 14.
807 2663 857 2699 in.
879 2684 926 2690 -—
949 2664 1116 2699 Ceterum
1138 2665 1268 2701 scilicet
1292 2678 1360 2700 non
1384 2665 1522 2710 simpli-

112 2725 200 2761 citer
222 2726 419 2771 explicandi
440 2727 478 2760 vi
502 2726 655 2772 positum
680 2730 753 2768 est,
777 2727 840 2762 sed
866 2726 1046 2772 propriam
1070 2728 1205 2762 ironiae
1228 2727 1431 2762 adiunctam
1455 2727 1523 2761 ha—

108 2786 174 2841 bet
207 2787 267 2832 (v.
290 2788 338 2823 ad
364 2788 496 2832 XXXI,
522 2788 579 2824 19.
605 2789 698 2831 XLI,
721 2788 788 2834 3.)
823 2788 957 2834 quippe
981 2799 1052 2834 qua
1075 2788 1312 2835 significetur,
1348 2787 1537 2834 imagines-
