1826 3276
368 162 452 202 552
732 155 778 197 G.
808 153 1142 196 SALLUSTI
1179 153 1399 198 CRISPI

308 286 359 323 10
369 273 430 316 uti
466 271 650 330 coepisti
692 283 847 328 perge.
924 267 1070 311 Multa
1111 273 1242 326 atque
1282 275 1532 340 opportuna
1571 269 1727 327 habes,

308 378 354 417 11
372 382 460 425 quo
503 365 670 408 facilius
717 369 859 424 errata
908 362 1064 406 officiis
1110 378 1304 422 superes.
1373 364 1604 408 Postremo
1639 365 1728 409 hoc

371 462 416 504 in
449 464 603 519 pectus
638 464 761 503 tuum
796 458 1004 513 demitte,
1038 472 1275 515 numquam
1309 459 1526 518 populum
1558 460 1729 503 Roma-

371 612 508 658 patiens
536 612 616 647 tulit
646 611 777 646 absolvi
797 622 905 645 reum.
951 611 991 644 In
1013 610 1089 644 edd.
1114 613 1166 644 est
1188 598 1464 655 quantoque,
1494 611 1584 655 quod
1606 595 1733 669 tlalsnm

372 683 446 706 esse
476 675 553 706 tum
574 674 669 715 patet
690 682 732 704 ex
761 671 909 717 copula,
944 681 1013 714 qua
1051 671 1161 705 altera
1192 680 1312 703 caussa
1341 670 1496 711 additur,
1518 674 1592 704 tum
1614 682 1655 705 ex
1679 671 1733 713 eo,

372 732 465 776 quod
488 729 744 775 comparativus
766 741 833 764 non
856 729 1020 773 sequitur.
1043 745 1088 755 -·-
1118 731 1172 763 De
1201 728 1238 763 vi
1265 739 1329 774 per
1351 729 1612 773 praepositionis
1633 741 1667 765 v.
1691 730 1736 764 ad

373 802 403 825 c.
425 791 543 833 LXIV,
567 790 601 824 3.
896 820 897 823 ,
1689 836 1693 837 ⁷

463 853 496 894 §.
523 850 579 884 10.
625 851 735 883 multa
759 853 862 894 atque
885 847 1099 893 opportuna]
1144 849 1255 894 Atque
1285 849 1410 892 copula
1438 848 1474 882 in
1496 850 1615 885 multis
1637 851 1734 886 codd.

374 911 478 951 deest,
499 921 610 954 neque
630 919 708 942 eam
732 908 898 951 expressit
921 908 1091 949 Weisius,
1122 913 1334 954 repugnante
1355 921 1418 943 usu
1441 909 1585 944 dicendi.
1631 910 1737 945 Nam-

374 982 440 1015 que
463 969 525 1004 ubi
547 971 674 1004 multus
695 978 816 1011 vocem
846 967 941 1002 aliud
964 968 1175 1002 adiectivum
1205 969 1349 1012 excipit,
1379 979 1447 1002 non
1471 966 1674 1011 ἀσυνδέτους
1695 981 1740 1006 ea

375 1034 560 1075 ponuntur,
582 1030 654 1071 sed,
677 1032 715 1063 ut
731 1028 840 1072 poscit
855 1027 1046 1062 communis
1060 1039 1141 1062 usus
1166 1028 1246 1072 (qui
1270 1038 1355 1072 quas
1377 1028 1590 1072 exceptiones
1609 1029 1742 1065 habeat

376 1090 525 1124 diximus
548 1089 592 1123 ad
616 1100 646 1124 c.
670 1088 827 1130 XXVIII,
850 1087 884 1122 4.
909 1090 943 1122 et
965 1088 1078 1129 XXX,
1104 1086 1177 1132 3.)‚
1199 1099 1260 1132 per
1282 1088 1442 1131 copulam
1463 1088 1671 1134 iunguntur.
1693 1090 1739 1126 cf.

376 1148 529 1193 Zumptii
560 1149 717 1182 Gramm.
751 1148 826 1182 Lat.
861 1149 894 1190 ς.
926 1146 984 1189 85,
1019 1146 1075 1181 18.
1107 1159 1139 1191 p.
1167 1143 1250 1182 509.
1282 1148 1334 1182 ed.
1358 1149 1414 1183 lv.
1437 1151 1472 1182 ct
1493 1149 1674 1183 Bremium
1696 1149 1741 1183 ad

377 1208 463 1251 Nep.
488 1208 632 1241 Eumen.
658 1219 687 1240 c.
713 1208 756 1249 11,
779 1207 824 1250 3.,
849 1206 910 1250 qui
930 1210 1024 1240 recte
1054 1209 1170 1240 monet
1201 1207 1293 1240 hanc
1323 1207 1457 1241 dicendi
1487 1207 1655 1242 rationem
1678 1209 1742 1243 La-

378 1267 458 1302 tinis
489 1279 568 1301 cnm
599 1265 741 1300 Graecis
772 1277 846 1300 esse
868 1277 1085 1300 communem
1117 1266 1273 1309 quidem,
1303 1268 1362 1301 sed
1390 1278 1458 1301 non
1486 1267 1680 1302 imitatione
1702 1279 1744 1302 ex

380 1328 594 1362 Graecorum
615 1326 737 1370 lingua
760 1325 975 1368 desumptam
988 1350 1000 1366 ‚
1031 1325 1066 1360 in
1098 1336 1166 1368 qua
1195 1326 1362 1360 sententia
1384 1330 1435 1361 est
1455 1327 1677 1362 Heindorfius
1699 1328 1745 1362 ad

379 1388 466 1421 Hor.
491 1386 563 1422 Sat.
586 1385 687 1429 11‚<3,
711 1384 745 1419 9.
769 1385 883 1418 Beier.
908 1385 952 1418 ad
975 1384 1046 1418 Cic.
1069 1385 1165 1418 Lael.
1195 1396 1226 1419 c.
1251 1384 1285 1428 9,
1308 1385 1365 1419 30.
1390 1397 1423 1429 p.
1448 1385 1504 1420 51.
1535 1387 1625 1432 Aug.
1649 1387 1744 1423 Mat·-

379 1447 473 1482 thias
497 1447 653 1480 Gramm.
679 1445 741 1478 Gr.
766 1444 873 1488 ampl.
898 1446 930 1486 §.
953 1443 1033 1487 444,
1057 1444 1090 1478 4.
1115 1456 1148 1487 p.
1173 1445 1252 1478 coll.
1279 1445 1394 1480 Hand.
1417 1446 1459 1479 de
1480 1447 1632 1481 Par-tice.
1653 1431 1754 1483 Iautt.v
1796 1450 1814 1460 ³

381 1508 458 1542 Vol.
482 1507 525 1541 II.
547 1518 581 1550 p.
605 1505 685 1540 475.
709 1507 741 1547 §.
765 1504 799 1539 2.
823 1515 856 1538 v·
880 1503 982 1538 Catil.
1011 1515 1041 1536 c.
1065 1503 1153 1544 XX,
1176 1503 1211 1538 3.
1268 1504 1391 1538 Multis
1422 1510 1456 1540 et
1490 1507 1630 1551 magnis
1660 1512 1748 1542 tem-

305 1589 307 1591 ·
380 1567 581 1612 pestatibus.
605 1566 672 1606 LI,
695 1563 753 1597 35.
806 1564 921 1597 Multa
944 1569 975 1596 ε’
1001 1563 1102 1596 varia
1124 1562 1279 1608 ingenia.
1312 1564 1388 1610 lug.
1411 1565 1454 1608 V,
1475 1564 1510 1600 4.
1533 1567 1689 1609 XXVIII,
1713 1566 1746 1602 5.

382 1626 540 1668 XXXII,
572 1624 606 1658 2.
631 1624 736 1665 LXII,
757 1622 790 1657 9.
815 1622 1012 1663 LXXVIII,
1042 1620 1076 1657 5.
1101 1621 1215 1658 Tacit.
1241 1623 1328 1660 Anu.
1349 1624 1420 1666 111,
1443 1624 1511 1668 27,
1534 1625 1570 1660 3.
1592 1645 1638 1652 -
1674 1628 1748 1670 Quo

383 1685 518 1720 Curtius
540 1694 726 1728 perperam
749 1682 831 1716 dicit
853 1693 916 1726 pro
939 1682 1059 1727 quilms
1082 1682 1234 1725 positum
1258 1694 1342 1717 esse.
1388 1684 1464 1718 Non
1485 1685 1635 1720 refertur
1656 1686 1749 1722 enim

384 1745 430 1780 ad
451 1744 603 1786 nomina,
627 1754 716 1787 quae
738 1743 957 1786 praecedunt,
982 1742 1092 1776 multa
1116 1747 1187 1786 atq.
1209 1749 1413 1788 opportuna,
1435 1745 1494 1779 sed
1517 1746 1562 1779 ad
1574 1745 1750 1791 integram

384 1803 676 1845 enunciationem,
699 1814 806 1846 quam
829 1802 1027 1848 generalem
1049 1801 1251 1836 relationem
1275 1804 1460 1838 vernacula
1484 1804 1606 1850 lingua
1627 1807 1751 1841 reddas

386 1864 493 1898 durch
524 1863 673 1897 welchen
711 1863 743 1895 U
750 1867 895 1897 mstan
905 1862 939 1896 d.
976 1863 1025 1897 cf.
1057 1863 1200 1907 Fragm.
1233 1862 1384 1899 Historr.
1413 1864 1475 1906 111,
1505 1864 1562 1906 22,
1589 1864 1646 1900 15.
1696 1866 1751 1901 Ne

386 1934 444 1957 vos
469 1923 516 1956 ad
539 1923 702 1957 virilia
725 1922 818 1956 illa
839 1934 975 1964 vocem,
1008 1935 1089 1968 quo
1120 1924 1274 1957 tribunos
1293 1923 1387 1968 plebi
1407 1942 1454 1949 —-
1477 1924 1622 1959 maiores
1643 1926 1752 1960 vostri

386 1993 568 2027 paravere·
634 1983 750 2027 Quam
782 1982 854 2016 late
881 1987 998 2017 autem
1031 1986 1145 2027 pateat
1177 1983 1246 2016 hoe
1276 1982 1473 2017 indefinitae
1502 1983 1677 2018 relationis
1707 1986 1753 2019 ad

387 2043 646 2087 praecedentem
679 2038 882 2077 sententiam
914 2053 1038 2088 genus,
1071 2042 1175 2076 facile
1197 2043 1405 2090 assequeri&
1418 2043 1448 2076 si
1469 2053 1523 2084 ea,
1547 2054 1636 2086 qnae
1658 2044 1702 2078 ad
1721 2056 1751 2081 e.

389 2102 493 2146 LXII,
517 2102 550 2136 2.
573 2103 617 2136 ad
637 2102 729 2145 XLI,
753 2102 787 2136 1.
814 2106 848 2136 et
871 2103 916 2136 ad
938 2103 1013 2136 Cat.
1042 2103 1134 2144 LVI,
1157 2102 1189 2137 5.
1212 2115 1245 2147 p.
1270 2103 1349 2138 297.
1371 2103 1624 2148 annotavimus,
1647 2115 1752 2148 quae—

389 2173 468 2206 que,
493 2161 574 2196 licet
596 2161 684 2196 inter
706 2174 743 2196 se
765 2162 912 2207 diversa,
941 2162 1115 2196 communi
1135 2165 1251 2196 tamen
1272 2173 1395 2197 caussa
1416 2150 1647 2208 nitunturset
1667 2165 1754 2200 inter

390 2233 426 2256 se
449 2225 483 2257 et
505 2234 583 2256 cum
606 2223 819 2257 nostrodoco
841 2221 1037 2257 contuleris.

485 2285 518 2325 ἓ.
553 2282 609 2317 11.
655 2283 815 2327 demitte]
863 2281 1012 2317 Plurimi
1043 2280 1142 2315 codd.
1172 2280 1303 2316 habent
1333 2282 1489 2324 dimitte3
1525 2283 1584 2318 sed
1616 2283 1756 2319 demitte

392 2345 504 2376 exstat
525 2341 562 2376 in
585 2342 694 2377 Vatie.
720 2342 774 2384 A„
798 2341 1035 2386 duodeviginti
1058 2341 1241 2384 Cottianis,
1267 2343 1360 2376 Med.
1385 2342 1418 2376 5.
1442 2343 1525 2378 Ven.
1546 2342 1580 2376 2.
1603 2346 1639 2377 et
1661 2343 1756 2379 Leid.

393 2400 449 2441 K3
473 2411 515 2435 ac
539 2402 596 2436 vel
618 2402 691 2437 sine
713 2403 788 2436 ulla
819 2403 920 2439 codd.
954 2401 1159 2436 auctoritate
1184 2413 1226 2435 ex
1252 2402 1448 2437 coniectura
1471 2402 1520 2437 ita
1539 2402 1758 2438 scribendum

395 2470 469 2493 esse
491 2459 605 2503 quivis
628 2463 802 2506 concedet,
828 2462 887 2506 qui
911 2461 992 2505 quid
1015 2460 1151 2494 intersit
1172 2461 1261 2496 inter
1283 2463 1327 2496 de
1349 2465 1383 2496 et
1405 2463 1443 2496 di
1463 2463 1684 2508 eognoverit3
1710 2464 1757 2498 cf.

394 2530 501 2563 supra
525 2520 568 2553 ad
592 2532 622 2553 c.
649 2521 685 2563 I,
716 2521 750 2556 4.
774 2534 807 2565 p.
829 2521 863 2557 6.
889 2522 976 2563 XX,
998 2521 1031 2554 1.
1056 2532 1090 2564 p.
1116 2521 1195 2556 126.
1221 2524 1254 2556 et
1276 2532 1366 2565 quae
1389 2521 1432 2556 de
1453 2522 1623 2556 dimittere
1650 2512 1758 2556 verbo

396 2579 545 2613 diximus
575 2579 620 2614 ad
651 2591 682 2617 ο.
711 2582 850 2625 XXXI,
882 2581 937 2616 17.
984 2574 1036 2616 Ne
1058 2584 1174 2616 tamen
1203 2582 1383 2625 scrupulus
1403 2581 1592 2622 resideret,
1623 2580 1759 2615 (lortius

397 2639 612 2682 comparavit
639 2639 758 2674 lustin.
789 2641 880 2682 VIII,
911 2639 946 2685 5,
979 2640 1035 2675 11.
1091 2641 1218 2676 Crescit
1249 2641 1518 2676 dissimulatione
1546 2641 1622 2685 ipsa
1652 2641 1757 2680 dolor,

397 2698 459 2732 hoe
491 2699 638 2733 altius
669 2699 912 2742 deminus,
946 2712 1012 2745 quo
1043 2701 1154 2735 minus
1190 2701 1344 2745 profiteri
1379 2701 1467 2736 lieet.
1503 2699 1590 2735 Sall.
1621 2700 1694 2745 Ing.
1726 2711 1758 2733 c.
