1826 3276
411 165 468 205 48
776 163 820 204 G.
849 163 1168 206 SALLUSTI
1198 165 1420 208 CRISPI

382 276 603 336 Sdignum
636 282 680 319 te
715 282 846 333 atque
866 290 948 318 avo
984 290 1063 319 suo
1098 275 1371 322 Masinissa.“
1441 281 1578 341 Igitur
1606 295 1684 325 rex
1710 281 1786 325 ubi

416 387 473 415 ea
515 386 629 428 quae
681 370 798 412 fama
838 375 1071 428 acceperat
1111 386 1164 413 ex
1214 372 1364 416 litteris
1406 375 1684 434 imperatoris
1727 376 1785 418 ita

424 480 519 508 esse
552 465 778 522 cognovit,
809 479 945 521 quum
979 464 1136 508 virtute
1170 471 1263 508 tum
1290 469 1433 526 gratia
1450 469 1530 513 viri
1558 468 1810 528 permotus*

424 559 542 602 flexit
577 557 767 601 animum
803 573 927 601 suum
971 564 1014 601 et
1048 559 1307 618 Iugurtham
1352 562 1577 607 beneficiis
1614 562 1786 608 vincere

414 640 655 711 eggressus
686 658 774 709 est,
795 628 1042 711 'statimque
1070 669 1169 698 eum
1194 655 1424 715 adoptavit
1454 663 1499 701 et
1527 663 1787 702 testamento

382 747 588 806 4pariter
612 763 713 791 cum
744 748 842 791 filiis
871 747 1083 792 heredem
1111 750 1303 795 instituit.
1373 752 1467 796 Sed
1495 752 1590 812 ipse
1619 769 1786 813 paucos

422 849 527 902 post
570 858 705 888 annos
743 843 903 887 morbo
931 848 1062 901 atque
1096 850 1240 889 aetate
1276 847 1502 893 confectus
1527 863 1664 906 quum
1705 849 1787 893 sibi

511 981 544 1021 §.
570 978 604 1013 3.
650 979 710 1012 ubi
733 979 791 1023 ea]
816 979 868 1012 Ita
888 990 1005 1013 omnes
1029 980 1129 1021 libri,
1153 982 1217 1015 nisi
1234 983 1323 1026 quod
1343 995 1385 1017 ea
1403 984 1448 1018 ab
1467 985 1595 1019 vratisl
1621 984 1656 1018 2.
1678 984 1787 1028 abest,

419 1050 521 1082 quem
549 1039 686 1073 Curtius
712 1042 840 1072 temere
867 1044 1002 1073 secutus
1025 1044 1086 1075 est.
1113 1060 1158 1066 —
1187 1043 1297 1084 Quum
1321 1045 1447 1078 virtute
1474 1050 1544 1079 tum
1574 1045 1697 1090 gratia
1720 1045 1787 1078 viri

414 1099 544 1142 pariter
570 1098 724 1132 omnium
748 1097 844 1138 codd.
873 1099 1076 1133 auctoritate
1105 1101 1281 1143 firmatur-3
1317 1103 1455 1136 eortius
1493 1107 1606 1138 tamen
1642 1115 1684 1138 ex
1718 1114 1787 1137 uno

417 1157 558 1190 Fabric.
579 1157 612 1190 2.
644 1155 780 1200 scripsit
809 1169 884 1190 cum
918 1159 1042 1193 virtute
1073 1161 1162 1194 viri
1193 1167 1264 1195 tum
1295 1163 1428 1207 gratia.
1474 1163 1634 1197 Ceterum
1662 1163 1786 1207 gratia

419 1216 642 1260 intelligenda
665 1219 717 1249 est
739 1227 806 1259 qua
830 1218 975 1252 florebat
998 1220 1091 1262 apud
1118 1221 1307 1256 Romanos.
1334 1242 1380 1247 —
1412 1223 1613 1267 Statimque
1627 1233 1704 1256 enm
1721 1222 1786 1255 ad-

417 1277 549 1320 optavit
580 1275 768 1317 edidimus,
800 1276 927 1311 iterum
957 1278 1077 1312 relicta
1110 1281 1217 1314 Cottii
1248 1281 1434 1325 scriptura,
1476 1281 1536 1325 qui
1567 1293 1662 1323 eum,
1695 1281 1786 1324 quod

417 1335 534 1368 Guelf.
550 1335 583 1368 4.
603 1338 636 1369 et
659 1335 797 1370 vratisl.
814 1335 849 1370 3.
871 1348 938 1371 non
961 1338 1108 1381 habent,
1133 1340 1260 1375 omisit.
1310 1341 1382 1383 Que
1396 1341 1568 1385 particula
1582 1343 1698 1374 autem
1718 1351 1786 1373 non

415 1395 621 1439 simpliciter
643 1395 791 1429 annectit
814 1396 1007 1439 sequentia,
1027 1398 1085 1430 sed
1101 1398 1228 1433 indicat
1248 1411 1290 1433 ea
1308 1400 1517 1434 consectaria
1532 1411 1605 1433 esse
1623 1410 1664 1432 ex
1691 1402 1786 1433 ante—

416 1454 543 1500 gressis
567 1465 608 1488 ac
631 1455 723 1489 valet
741 1467 863 1499 eoque3
892 1467 925 1490 v.
945 1458 989 1490 ad
1013 1458 1113 1492 Catil.
1130 1459 1188 1503 lu,
1208 1459 1242 1494 5.
1270 1471 1303 1502 p.
1322 1459 1378 1492 21.
1402 1460 1644 1501 0011.x1.vl11‚
1657 1459 1691 1493 6.
1710 1459 1783 1493 Ta-

416 1514 475 1548 cit.
497 1515 584 1548 Ann.
610 1515 684 1556 XV,
705 1513 740 1555 3,
763 1514 810 1550 in.
861 1515 1002 1550 Corbulo
1037 1518 1159 1551 bellum
1184 1508 1322 1553 habere*
1337 1530 1439 1562 quam
1469 1530 1591 1563 gerere
1623 1519 1784 1560 malebat,

414 1574 680 1618 scripseratque
704 1575 847 1608 Caesari
866 1577 1006 1620 proprio
1032 1578 1116 1611 (lnce
1137 1589 1220 1621 opus
1246 1589 1327 1612 esse.
1343 1597 1389 1603 —
1412 1579 1652 1623 Intellegeret,
1676 1577 1784 1611 usita-

418 1637 492 1668 tam
511 1633 674 1667 Sallustio
693 1634 844 1668 formam
858 1660 867 1676 ‚
900 1639 1081 1670 servarunt
1105 1638 1202 1672 codd.
1219 1637 1338 1670 Berol.
1359 1637 1396 1671 2.
1418 1637 1498 1673 sen.
1517 1636 1550 1670 l.
1567 1637 1683 1671 Guelf.
1699 1636 1733 1671 6.
1750 1639 1785 1671 ot

418 1693 563 1726 Eccard.
582 1712 628 1717 —-
654 1693 821 1737 Itemque
845 1704 963 1726 omnes
978 1695 1106 1729 habent
1124 1695 1206 1728 libri
1223 1703 1360 1740 praeter
1375 1697 1466 1733 Med.
1479 1697 1514 1732 1.
1528 1696 1640 1731 Vatic.
1650 1695 1685 1731 6.
1700 1696 1782 1731 Bau.

415 1751 451 1787 2.
469 1752 502 1785 3.
527 1752 652 1794 quibus
672 1752 781 1785 fretus
813 1753 1017 1788 Gerlachius
1051 1756 1235 1799 copulam,
1266 1767 1334 1800 qua
1363 1755 1421 1790 isti
1450 1759 1583 1798 carent,
1614 1755 1652 1789 in
1679 1755 1782 1790 Com-

415 1815 535 1846 mentt.
561 1823 594 1855 p.
617 1810 698 1847 226.
721 1813 958 1855 expellendam
981 1813 1129 1857 iudicat,
1161 1815 1198 1849 id
1222 1817 1314 1860 quod
1337 1817 1408 1851 iam
1435 1819 1535 1851 antea
1553 1817 1685 1850 fecerat
1698 1816 1782 1850 Gor-

415 1871 484 1906 tius
494 1897 504 1914 ‚
529 1883 571 1905 ne
590 1876 862 1906 commemorata
874 1873 1011 1916 quidem
1023 1875 1120 1912 codd.
1131 1884 1272 1910 suorum
1288 1876 1467 1920 scriptura.
1510 1875 1653 1910 Nullius
1665 1878 1782 1909 autem

411 1931 628 1965 auctoritatis
648 1943 721 1965 esse
738 1935 809 1966 tam
829 1944 956 1977 paucos
972 1934 1078 1969 libros
1091 1935 1163 1969 iam
1179 1934 1451 1980 significavimus
1467 1935 1511 1969 ad
1526 1935 1628 1970 Catil.
1646 1935 1782 1977 ΧῘΝΙΙ,

412 1991 447 2025 3.
471 2002 504 2035 p.
530 1991 609 2025 217.
635 2003 745 2035 neque
774 1992 843 2026 sibi
867 1994 1016 2028 constitit
1037 1995 1246 2029 Gerlachius
1275 1995 1309 2028 in
1343 1995 1398 2028 ed.
1429 1995 1572 2029 minore.
1595 2015 1642 2022 --
1669 1994 1781 2028 Verba

415 2051 541 2085 habere
563 2051 671 2085 etiam
688 2052 808 2086 Cicero
827 2053 912 2087 dixit
935 2054 977 2088 de
999 2054 1059 2090 Or.
1079 2055 1123 2097 11,
1144 2054 1202 2097 47,
1231 2054 1311 2089 196.
1360 2055 1487 2097 Quibus
1509 2053 1662 2087 omnibus
1687 2063 1782 2086 ver·-

412 2110 500 2154 bt's,
527 2122 640 2155 qnae
664 2123 687 2145 a
714 2124 769 2146 me
799 2118 872 2146 tum
899 2118 978 2147 suut
999 2114 1182 2156 habita,
1216 2114 1246 2148 εἰ
1272 2115 1367 2148 ἀοῖον
1392 2115 1565 2158 abfuisset.
1588 2111 1642 2147 id.
1660 2112 1780 2147 Somn-

414 2169 510 2214 Scip.
530 2170 563 2203 1.
615 2171 736 2206 Multis
757 2173 907 2206 verbis
929 2175 1018 2208 ultro
1050 2175 1199 2218 citroque
1222 2175 1410 2210 habitio.
1443 2174 1488 2209 cf.
1506 2172 1588 2208 Ter.
1612 2173 1699 2207 nec.
1715 2172 1778 2214 111,

414 2229 450 2272 3,
474 2229 530 2263 21.
554 2230 630 2266 Liv.
647 2232 693 2276 X,
710 2232 770 2276 24,
788 2232 823 2268 4.
847 2234 933 2269 Tac.
949 2233 1094 2275 Ann.11,
1117 2233 1174 2276 50,
1193 2233 1226 2268 3.

506 2290 551 2323 Χ.
598 2292 633 2333 §-
656 2291 690 2326 l.
738 2293 887 2326 Parvum
910 2304 974 2338 ego
997 2298 1052 2335 te,
1076 2294 1273 2339 Iugurtha]
1299 2293 1435 2327 Cottius
1458 2295 1493 2327 et
1512 2293 1679 2330 Gerlach.
1699 2303 1778 2327 mu-

417 2352 488 2384 tato
506 2350 693 2385 verborum
711 2352 829 2386 ordine
846 2353 991 2397 vulgato
1009 2352 1219 2397 scripserunt
1232 2363 1331 2398 parv.
1353 2363 1430 2398 ego,
1459 2353 1550 2399 Ing„
1573 2358 1620 2395 te,
1642 2355 1682 2387 ut
1697 2362 1779 2388 sane
1810 2344 1814 2350 ¹

414 2412 466 2444 est
486 2408 521 2442 in
544 2411 660 2445 multis
679 2413 775 2447 codd.
797 2413 864 2447 Sed
885 2424 988 2456 quum
1007 2413 1125 2456 paullo
1144 2413 1263 2447 durior
1281 2412 1326 2447 sit
1341 2411 1491 2446 vocativi
1507 2413 1597 2447 inter
1611 2412 1678 2445 duo
1697 2422 1778 2456 pro-

415 2467 556 2502 nomina.
571 2470 766 2515 collocatio,
789 2484 856 2507 non
868 2472 1104 2514 discedendum
1115 2473 1297 2507 videbatur
1313 2483 1334 2507 a
1344 2473 1499 2517 vulgato,
1519 2481 1624 2514 quam
1639 2473 1778 2514 praeter

414 2528 607 2562 multorum
630 2531 727 2564 codd.
754 2543 937 2565 numerum
966 2535 1079 2566 tuetur
1110 2532 1283 2576 imprimis
1303 2531 1530 2575 antiquissimi
1555 2532 1631 2566 Vat.
1648 2530 1689 2564 A.
1714 2540 1777 2564 au-

412 2587 555 2621 ctoritns
587 2591 622 2622 et
653 2590 781 2625 Donati
810 2592 853 2625 ad
878 2592 1019 2626 Terent.
1045 2592 1150 2627 Andr.
1177 2593 1210 2634 Ι,
1235 2591 1269 2634 1,
1289 2591 1321 2628 8.
1355 2590 1597 2625 testimonium.
1645 2590 1777 2623 Votum

413 2647 635 2690 transpositio
658 2660 699 2683 eo
716 2654 789 2684 orta
807 2651 962 2693 videtur,
986 2652 1077 2695 quod
1097 2658 1131 2687 te
1149 2652 1220 2685 iam
1235 2656 1369 2685 mature
1386 2649 1420 2684 in
1437 2649 1554 2694 aliquo
1570 2649 1644 2685 cod.
1660 2657 1777 2681 errore

413 2704 578 2741 omissum
589 2732 600 2751 ‚
625 2711 663 2743 ut
678 2719 759 2744 sane
778 2710 872 2746 deest
889 2710 925 2746 in
940 2711 1138 2754 Einsiedel„
1161 2722 1202 2746 ac
1218 2710 1337 2745 deinde
1355 2709 1468 2744 versui
1493 2707 1775 2752 superscriptum,
