1826 3276
384 196 392 198 »
465 165 828 212 IUGURTHA.
892 167 1019 214 GAP.
1048 168 1187 213 XCV.
1436 173 1522 216 5⁰5

132 298 310 331 murum
352 287 534 344 petere,
590 294 737 344 neque
793 299 1068 346 quemquam
1110 286 1307 332 omnium
1323 263 1330 267 .
1348 288 1521 348 praeda

129 381 307 427 morari.
381 381 459 426 Sic
504 381 632 426 forte.
660 386 864 428 correcta
905 382 1026 428 Mari
1062 383 1286 430 temeritas
1323 385 1552 446 gloriam7

129 476 186 523 ex'
221 478 358 539 culpa
390 478 569 522 invenit.
1163 539 1165 541 ι

263 574 405 620 XCV.
479 574 694 620 Ceterum
729 574 836 620 dum
873 592 927 621 ea
959 592 1030 622 res
1066 578 1266 639 geritur,
1301 578 1357 624 L.
1392 578 1520 624 Sulla

127 676 339 731 quaestor
374 686 478 716 cum
522 687 690 733 magno
728 672 926 732 equitatu
960 676 1008 719 in
1047 681 1191 720 castra
1225 676 1368 732 venit,
1404 693 1516 736 quos

91 751 102 774 ἠ
125 769 189 837 uti
224 782 280 813 ex
305 768 437 814 Latio
469 775 515 814 et
544 785 572 841 a
602 770 731 814 sociis
769 776 956 831 cogeret
988 773 1167 817 Romae
1200 773 1380 818 relictus
1409 781 1515 822 erat.

126 865 224 912 Sed
258 865 470 926 quoniam
505 881 588 910 nos
610 914 611 918 ,
632 867 741 911 tanti
787 867 867 911 viri
909 884 981 913 res
1017 869 1268 928 admonuit,
1303 870 1551 918 idoneum2

125 963 270 1009 visum
317 969 408 1021 est,
450 962 510 1008 de
554 968 712 1008 natura
762 965 973 1024 cultuque
1014 967 1107 1012 eius
1150 968 1305 1028 paucis
1342 968 1520 1023 dicere;

123 1139 206 1164 nem
234 1128 386 1164 cerussata·
412 1128 594 1174 particula
627 1128 741 1174 priori
773 1130 969 1165 addendam
991 1135 1174 1177 putarent,
1205 1131 1434 1168 nihilominus
1457 1145 1521 1178 pa-

125 1191 245 1224 tronos
266 1189 400 1224 invenit
433 1188 652 1223 Gronovium
687 1189 723 1223 in
747 1189 851 1226 Obss.
869 1192 931 1234 III,
953 1193 988 1227 2.
1014 1206 1049 1238 p.
1072 1193 1155 1228 338.
1177 1193 1232 1229 ed.
1255 1193 1369 1228 Platn.
1388 1197 1423 1229 et
1445 1196 1520 1230 Du-

123 1250 247 1284 ker-um
280 1250 326 1285 ad
358 1250 434 1285 Liv.
469 1250 645 1292 XXXIII,
675 1251 733 1294 14,
755 1251 804 1294 3.,
837 1264 1007 1297 perquam
1030 1253 1146 1298 inepte
1169 1254 1259 1299 quod
1281 1265 1346 1298 pro
1369 1255 1520 1291 relativo

123 1311 314 1354 habentes,
338 1315 393 1354 et,
429 1314 469 1347 ut
502 1312 572 1346 hoc
595 1313 760 1357 probent,
788 1313 992 1357 planissima
1025 1316 1185 1359 exempla
1207 1318 1442 1358 pervertentes
1463 1315 1519 1349 in-

47 1383 51 1385 *
123 1371 349 1407 credibiliter.
395 1373 586 1408 Praeterea
617 1373 653 1407 in
677 1372 789 1407 Paris.
814 1374 856 1407 D.
890 1378 925 1408 et
955 1376 1102 1411 Barber.
1126 1377 1160 1411 2.
1196 1386 1260 1420 pro
1283 1386 1367 1419 quos
1388 1375 1520 1420 legitur

122 1444 243 1481 quem,
275 1426 316 1468 ut
349 1445 516 1469 numerus
547 1434 688 1469 relativi
721 1445 802 1469 cum
841 1436 1014 1471 vocabulo
1047 1438 1224 1483 equitatus
1249 1439 1413 1470 accurate
1437 1448 1520 1471 con-

122 1497 277 1540 grueret.
324 1493 394 1529 Sed
418 1495 509 1530 nihil
532 1495 759 1540 frequentius,
787 1507 895 1541 quam
918 1498 1103 1533 vocabulis
1126 1496 1321 1533 collectivis
1345 1498 1520 1541 pluralem

122 1566 306 1590 numerum
328 1555 478 1597 subiici-3
501 1567 537 1590 v.
560 1556 598 1590 in
621 1557 823 1592 universum
846 1561 967 1593 notata
991 1558 1036 1592 ad
1071 1557 1146 1592 Cat.
1171 1558 1246 1600 VII,
1271 1557 1305 1591 4.
1331 1559 1460 1601 XXIII,
1484 1559 1521 1597 6.

123 1617 176 1651 ne
199 1621 341 1652 senatus
363 1617 537 1651 vocabulo
569 1617 721 1652 diximus
744 1619 788 1653 ad
824 1619 904 1665 lug.
928 1620 1004 1662 XV,
1029 1619 1062 1654 1.
1101 1622 1137 1652 et
1160 1618 1204 1653 ad
1228 1619 1390 1661 XXVIII,
1410 1619 1452 1660 23
1477 1619 1521 1653 de

121 1679 253 1723 populo
272 1678 316 1713 ad
341 1678 418 1724 Iug-
443 1678 518 1722 cn,
543 1677 586 1720 63
609 1679 653 1712 de
676 1680 835 1724 equitatu
858 1691 893 1714 v.
918 1680 963 1714 ad
988 1691 1020 1714 o.
1046 1679 1138 1721 XCI,
1163 1679 1197 1713 4.
1222 1679 1322 1716 Caes.
1347 1680 1393 1713 B.
1418 1680 1463 1714 G.
1488 1680 1518 1724 1,

123 1737 181 1782 15,
206 1738 240 1774 1.
287 1736 564 1784 Equitatum
597 1750 732 1772 omnem
764 1740 985 1783 praemittit,
1017 1740 1096 1784 ‘qui
1131 1740 1339 1775 videa-nt
1372 1741 1520 1785 quasin

80 1798 90 1806 “
121 1805 243 1846 partes
265 1800 380 1834 hostes
404 1800 472 1835 iter
489 1801 650 1843 faciunt:
670 1799 717 1832 cr.
743 1799 868 1834 Davis.
896 1804 931 1834 et
961 1793 1188 1844 Oudendorp.
1211 1799 1257 1834 ad
1281 1801 1382 1837 eund.
1407 1801 1450 1835 de
1473 1801 1519 1836 Β.

123 1862 164 1896 0.
185 1861 232 1904 11,
254 1860 288 1902 6,
311 1860 346 1896 3.
375 1861 506 1894 Duker.
530 1860 575 1894 ad
607 1860 706 1894 Flor·
727 1860 757 1902 Ι,
780 1860 816 1902 9,
839 1860 876 1897 8.
903 1880 948 1886 -
973 1861 1066 1896 Socii
1088 1853 1308 1906 intelligendi
1334 1865 1414 1897 suut
1441 1863 1518 1897 Itu-

124 1923 206 1967 lu'ei,
229 1926 270 1958 ut
287 1922 364 1973 'iam
387 1921 587 1973 monuimus
610 1921 654 1955 ad
673 1932 703 1955 c.
727 1922 854 1966 XLIII,
880 1922 914 1958 4.

216 1986 248 2028 ἓ.
272 1983 309 2018 2.
354 1995 416 2017 nos
449 1983 656 2027 admonuit]
693 1979 915 2025 Pronnmen'‚
958 1983 1051 2028 quod
1080 1983 1118 2017 in
1151 1982 1375 2029 paucissimis
1406 1981 1520 2029 iisque

122 2057 192 2081 nou
213 2043 353 2081 eximiis
374 2044 474 2079 codd.
497 2044 616 2078 Iocum
638 2046 774 2087 mutat,
799 2043 835 2078 in
859 2044 994 2078 duobus
1018 2048 1138 2079 autem
1163 2045 1277 2086 deest,
1302 2043 1444 2079 eortius
1467 2048 1520 2080 te-

125 2118 222 2142 -ere
253 2106 404 2151 expulit,
439 2105 497 2139 cui
531 2104 743 2140 Gerlachius
778 2104 816 2139 in
849 2106 1061 2140 Commentt.
1086 2118 1122 2151 p.
1147 2105 1227 2140 324.
1251 2105 1460 2148 assentitur,
1483 2106 1520 2140 in

125 2164 180 2204 ed.
214 2168 406 2203 novissima
428 2154 565 2202 'tamen
591 2164 756 2202 'assensus
790 2165 847 2200 sui
880 2166 1022 2202 oblitus.
1077 2167 1217 2202 Nullius
1247 2166 1415 2202 momenti
1445 2179 1522 2202 esse

126 2228 298 2264 Prisciani
320 2227 577 2271 testimonium,
608 2227 669 2272 qui
691 2228 816 2278 XVIII,
841 2227 899 2270 25,
924 2228 1006 2262 241.
1041 2239 1075 2272 p.
1098 2227 1179 2263 223.
1206 2229 1302 2263 hunc
1325 2229 1443 2263 locum
1468 2225 1523 2264 af?

126 2290 222 2333 fert,
257 2293 354 2324 recte
383 2289 521 2323 monuit
562 2288 752 2331 Kwfflius,
792 2301 900 2334 quum
936 2293 1123 2334 appareat,
1160 2289 1286 2333 illum,
1318 2290 1521 2334 memoriter

125 2351 225 2387 hnoeo
245 2350 472 2392 laudantem,
504 2350 609 2394 plura
641 2349 850 2385 confudisse.
874 2370 920 2375 —
961 2351 1127 2386 Idoneum
1159 2352 1279 2386 Faber
1301 2352 1399 2386 haud
1424 2353 1520 2387 male

126 2413 212 2448 dicit
233 2411 259 2447 i.
283 2421 358 2447 esse
381 2423 414 2456 q.
451 2422 521 2444 non
544 2411 695 2445 alienum
713 2436 723 2453 ,
761 2423 916 2456 quocum
946 2412 1129 2457 congruit,
1166 2413 1258 2456 quod
1287 2413 1520 2448 Doederlinus

125 2472 320 2520 Syuonym.
342 2473 422 2508 Lat.
441 2471 522 2506 Vol.
545 2472 606 2506 111.
630 2484 667 2517 p.
689 2471 770 2507 277.
791 2469 837 2507 ex
861 2474 887 2509 I.
911 2472 1015 2508 Hillii
1038 2473 1199 2508 Britanni
1221 2474 1416 2519 Synonym.
1441 2475 1518 2510 Lat.

127 2545 164 2579 p.
182 2533 265 2570 415.
301 2533 439 2580 posuit,
473 2534 637 2568 idoneum
660 2532 861 2579 significare
883 2534 919 2569 id
935 2560 946 2577 ,
971 2534 1064 2578 quod
1087 2536 1267 2569 natura
1300 2539 1341 2569 et
1362 2546 1445 2580 per
1470 2547 1519 2570 se

128 2596 236 2630 alieni
257 2595 310 2631 rei
336 2596 528 2630 conveniat.
575 2594 751 2639 Quoniam
775 2595 886 2642 igitur
908 2595 1095 2630 Sallustius
1117 2594 1205 2630 dixit
1227 2607 1303 2630 res
1327 2596 1520 2638 admonuit,

77 2703 85 2710 ᾖ
128 2656 284 2692 narratio
307 2656 350 2691 de
373 2657 476 2692 Sulla
497 2656 558 2690 hic
581 2667 643 2690 suo
666 2657 748 2692 loco
773 2657 933 2692 exhibita
951 2660 1166 2702 apparet.—-
1192 2657 1393 2693 Perfectum
1408 2658 1520 2692 visum

86 2711 88 2713 ’
129 2722 182 2754 est
202 2718 322 2753 Faber
339 2729 399 2754 ea
419 2717 557 2753 ratione
579 2729 644 2762 pro
667 2703 842 2762 praesenti
870 2717 1011 2752 dictum
1027 2729 1100 2753 esse
1126 2721 1246 2764 putat,
1275 2730 1364 2764 quae
1388 2718 1522 2754 obtinet

130 2779 166 2815 in
198 2779 379 2825 epistolis,
412 2783 450 2816 ut
482 2779 527 2815 ad
558 2780 701 2815 lectores
730 2781 927 2824 spectetur,
958 2778 1106 2824 quibus,
1134 2790 1243 2825 quum
1278 2780 1368 2814 haec
1388 2780 1520 2826 legant.
