<?xml version="1.0" encoding="UTF-8"?>
<!DOCTYPE html PUBLIC "-//W3C//DTD XHTML 1.0 Transitional//EN"
    "http://www.w3.org/TR/xhtml1/DTD/xhtml1-transitional.dtd">
<html xmlns="http://www.w3.org/1999/xhtml" xml:lang="en" lang="en">
 <head>
  <title>
</title>
<meta http-equiv="Content-Type" content="text/html;charset=utf-8" />
  <meta name='ocr-system' content='tesseract 3.04.00' />
  <meta name='ocr-capabilities' content='ocr_page ocr_carea ocr_par ocr_line ocrx_word'/>
</head>
<body>
  <div class='ocr_page' id='page_1' title='image "./operaquaesupers02salluoft_0027.png"; bbox 0 0 1826 3276; ppageno 0'>
   <div class='ocr_carea' id='block_1_1' title="bbox 491 183 1505 229">
    <p class='ocr_par' dir='ltr' id='par_1_1' title="bbox 491 183 1505 229">
     <span class='ocr_line' id='line_1_1' title="bbox 491 183 1505 229; baseline -0.001 0"><span class='ocrx_word' id='word_1_1' title='bbox 491 185 853 229; x_wconf 88' lang='lat' dir='ltr'><strong>IUGURTHA.</strong></span> <span class='ocrx_word' id='word_1_2' title='bbox 916 183 1054 227; x_wconf 88' lang='lat' dir='ltr'><strong>CAP.</strong></span> <span class='ocrx_word' id='word_1_3' title='bbox 1083 183 1115 226; x_wconf 89' lang='grc' dir='ltr'><strong>Ι.</strong></span> <span class='ocrx_word' id='word_1_4' title='bbox 1474 187 1505 228; x_wconf 79' lang='grc'><strong>5</strong></span> 
     </span>
    </p>
   </div>
   <div class='ocr_carea' id='block_1_2' title="bbox 107 299 1503 464">
    <p class='ocr_par' dir='ltr' id='par_1_2' title="bbox 107 299 1503 464">
     <span class='ocr_line' id='line_1_2' title="bbox 107 299 1503 366; baseline -0.006 -15"><span class='ocrx_word' id='word_1_5' title='bbox 107 306 160 351; x_wconf 78' lang='lat' dir='ltr'><strong>tis</strong></span> <span class='ocrx_word' id='word_1_6' title='bbox 186 303 388 366; x_wconf 87' lang='lat' dir='ltr'><strong>corporis</strong></span> <span class='ocrx_word' id='word_1_7' title='bbox 413 302 732 366; x_wconf 84' lang='lat' dir='ltr'><strong>pessumdatus</strong></span> <span class='ocrx_word' id='word_1_8' title='bbox 757 307 845 359; x_wconf 83' lang='lat' dir='ltr'><strong>est,</strong></span> <span class='ocrx_word' id='word_1_9' title='bbox 880 300 1131 362; x_wconf 84' lang='lat' dir='ltr'><strong>perniciosa</strong></span> <span class='ocrx_word' id='word_1_10' title='bbox 1150 299 1353 344; x_wconf 85' lang='lat' dir='ltr'><strong>lubidine·</strong></span> <span class='ocrx_word' id='word_1_11' title='bbox 1367 301 1503 361; x_wconf 87' lang='lat' dir='ltr'><strong>paul-</strong></span> 
     </span>
     <span class='ocr_line' id='line_1_3' title="bbox 107 397 1502 464; baseline -0.005 -16"><span class='ocrx_word' id='word_1_12' title='bbox 107 404 247 464; x_wconf 88' lang='lat' dir='ltr'><strong>lisper</strong></span> <span class='ocrx_word' id='word_1_13' title='bbox 279 417 405 462; x_wconf 74' lang='lat' dir='ltr'><strong>usus,</strong></span> <span class='ocrx_word' id='word_1_14' title='bbox 440 401 519 447; x_wconf 83' lang='lat' dir='ltr'><strong>ubi</strong></span> <span class='ocrx_word' id='word_1_15' title='bbox 552 416 637 462; x_wconf 88' lang='lat' dir='ltr'><strong>per</strong></span> <span class='ocrx_word' id='word_1_16' title='bbox 671 399 926 445; x_wconf 81' lang='lat' dir='ltr'><strong>socordiam</strong></span> <span class='ocrx_word' id='word_1_17' title='bbox 955 399 1092 457; x_wconf 83' lang='lat' dir='ltr'><strong>vires,</strong></span> <span class='ocrx_word' id='word_1_18' title='bbox 1127 403 1333 458; x_wconf 83' lang='lat' dir='ltr'><strong>tempus,</strong></span> <span class='ocrx_word' id='word_1_19' title='bbox 1369 397 1502 458; x_wconf 84' lang='lat' dir='ltr'><strong>inge-</strong></span> 
     </span>
    </p>
   </div>
   <div class='ocr_carea' id='block_1_3' title="bbox 107 497 1503 557">
    <p class='ocr_par' dir='ltr' id='par_1_3' title="bbox 107 497 1503 557">
     <span class='ocr_line' id='line_1_4' title="bbox 107 497 1503 557; baseline -0.004 -12"><span class='ocrx_word' id='word_1_20' title='bbox 107 501 228 546; x_wconf 89' lang='lat' dir='ltr'>nium</span> <span class='ocrx_word' id='word_1_21' title='bbox 272 499 526 557; x_wconf 84' lang='lat' dir='ltr'><strong>defluxere,</strong></span> <span class='ocrx_word' id='word_1_22' title='bbox 568 504 754 543; x_wconf 85' lang='lat' dir='ltr'><strong>naturae</strong></span> <span class='ocrx_word' id='word_1_23' title='bbox 798 497 1027 542; x_wconf 85' lang='lat' dir='ltr'><strong>infirmitas</strong></span> <span class='ocrx_word' id='word_1_24' title='bbox 1066 501 1327 551; x_wconf 59' lang='lat' dir='ltr'><strong>accusatum</strong></span> <span class='ocrx_word' id='word_1_25' title='bbox 1375 510 1503 542; x_wconf 87' lang='lat' dir='ltr'><strong>suam</strong></span> 
     </span>
    </p>
   </div>
   <div class='ocr_carea' id='block_1_4' title="bbox 99 650 1511 1184">
    <p class='ocr_par' dir='ltr' id='par_1_4' title="bbox 99 650 1511 1184">
     <span class='ocr_line' id='line_1_5' title="bbox 107 650 1510 702; baseline -0.005 -9"><span class='ocrx_word' id='word_1_26' title='bbox 107 657 201 694; x_wconf 79' lang='lat' dir='ltr'><strong>tibus</strong></span> <span class='ocrx_word' id='word_1_27' title='bbox 223 668 262 692; x_wconf 86' lang='lat' dir='ltr'><strong>se</strong></span> <span class='ocrx_word' id='word_1_28' title='bbox 283 656 362 702; x_wconf 78' lang='lat' dir='ltr'><strong>regi</strong></span> <span class='ocrx_word' id='word_1_29' title='bbox 383 655 527 700; x_wconf 83' lang='lat' dir='ltr'><strong>patitur.</strong></span> <span class='ocrx_word' id='word_1_30' title='bbox 536 656 560 674; x_wconf 77' lang='lat'><strong>‘⁶</strong></span> <span class='ocrx_word' id='word_1_31' title='bbox 608 653 710 697; x_wconf 79' lang='lat' dir='ltr'><strong>Quae</strong></span> <span class='ocrx_word' id='word_1_32' title='bbox 732 652 824 687; x_wconf 81' lang='lat' dir='ltr'><strong>ratio</strong></span> <span class='ocrx_word' id='word_1_33' title='bbox 847 663 918 686; x_wconf 90' lang='lat' dir='ltr'><strong>non</strong></span> <span class='ocrx_word' id='word_1_34' title='bbox 941 653 1056 686; x_wconf 82' lang='lat' dir='ltr'><strong>solum</strong></span> <span class='ocrx_word' id='word_1_35' title='bbox 1075 650 1203 687; x_wconf 67' lang='lat' dir='ltr'><strong>⁴dui-ior</strong></span> <span class='ocrx_word' id='word_1_36' title='bbox 1223 655 1292 693; x_wconf 82' lang='lat' dir='ltr'><strong>est,</strong></span> <span class='ocrx_word' id='word_1_37' title='bbox 1314 651 1408 696; x_wconf 86' lang='lat' dir='ltr'><strong>quod</strong></span> <span class='ocrx_word' id='word_1_38' title='bbox 1430 651 1510 696; x_wconf 75' lang='lat' dir='ltr'><strong>ipse</strong></span> 
     </span>
     <span class='ocr_line' id='line_1_6' title="bbox 106 711 1505 761; baseline -0.005 -7"><span class='ocrx_word' id='word_1_39' title='bbox 106 723 267 761; x_wconf 85' lang='lat' dir='ltr'><strong>veretur,</strong></span> <span class='ocrx_word' id='word_1_40' title='bbox 296 717 357 753; x_wconf 81' lang='lat' dir='ltr'><strong>sed</strong></span> <span class='ocrx_word' id='word_1_41' title='bbox 387 716 494 760; x_wconf 86' lang='lat' dir='ltr'><strong>plane</strong></span> <span class='ocrx_word' id='word_1_42' title='bbox 525 723 694 759; x_wconf 83' lang='lat' dir='ltr'><strong>perversa</strong></span> <span class='ocrx_word' id='word_1_43' title='bbox 717 716 752 748; x_wconf 84' lang='lat' dir='ltr'><strong>et</strong></span> <span class='ocrx_word' id='word_1_44' title='bbox 775 723 798 747; x_wconf 86' lang='lat' dir='ltr'><strong>a</strong></span> <span class='ocrx_word' id='word_1_45' title='bbox 826 711 993 747; x_wconf 58' lang='lat' dir='ltr'><strong>Sallustii*</strong></span> <span class='ocrx_word' id='word_1_46' title='bbox 1019 711 1136 746; x_wconf 85' lang='lat' dir='ltr'><strong>verbis</strong></span> <span class='ocrx_word' id='word_1_47' title='bbox 1158 716 1194 747; x_wconf 85' lang='lat' dir='ltr'><strong>et</strong></span> <span class='ocrx_word' id='word_1_48' title='bbox 1220 713 1392 750; x_wconf 87' lang='lat' dir='ltr'><strong>sententia</strong></span> <span class='ocrx_word' id='word_1_49' title='bbox 1415 713 1505 748; x_wconf 86' lang='lat' dir='ltr'><strong>alie-</strong></span> 
     </span>
     <span class='ocr_line' id='line_1_7' title="bbox 105 771 1506 821; baseline -0.006 -4"><span class='ocrx_word' id='word_1_50' title='bbox 105 780 270 821; x_wconf 83' lang='lat' dir='ltr'><strong>nissima3</strong></span> <span class='ocrx_word' id='word_1_51' title='bbox 301 789 371 813; x_wconf 83' lang='lat' dir='ltr'><strong>non</strong></span> <span class='ocrx_word' id='word_1_52' title='bbox 403 776 493 811; x_wconf 83' lang='lat' dir='ltr'><strong>vidit</strong></span> <span class='ocrx_word' id='word_1_53' title='bbox 525 775 619 809; x_wconf 88' lang='lat' dir='ltr'><strong>enim</strong></span> <span class='ocrx_word' id='word_1_54' title='bbox 646 773 879 818; x_wconf 59' lang='lat' dir='ltr'><strong>Gerhuchius,</strong></span> <span class='ocrx_word' id='word_1_55' title='bbox 914 777 1097 808; x_wconf 83' lang='lat' dir='ltr'><strong>auctorem</strong></span> <span class='ocrx_word' id='word_1_56' title='bbox 1130 771 1260 808; x_wconf 77' lang='lat' dir='ltr'><strong>dixisse</strong></span> <span class='ocrx_word' id='word_1_57' title='bbox 1289 775 1345 809; x_wconf 83' lang='lat' dir='ltr'><strong>ad</strong></span> <span class='ocrx_word' id='word_1_58' title='bbox 1376 775 1506 809; x_wconf 81' lang='lat' dir='ltr'><strong>iner-</strong></span> 
     </span>
     <span class='ocr_line' id='line_1_8' title="bbox 104 835 1507 884; baseline -0.006 -7"><span class='ocrx_word' id='word_1_59' title='bbox 104 842 215 878; x_wconf 82' lang='lat' dir='ltr'><strong>tiam</strong></span> <span class='ocrx_word' id='word_1_60' title='bbox 247 845 290 875; x_wconf 80' lang='lat' dir='ltr'><strong>et</strong></span> <span class='ocrx_word' id='word_1_61' title='bbox 318 839 586 884; x_wconf 64' lang='lat' dir='ltr'><strong>voluptates</strong></span> <span class='ocrx_word' id='word_1_62' title='bbox 617 835 832 879; x_wconf 81' lang='lat' dir='ltr'><strong>corporis</strong></span> <span class='ocrx_word' id='word_1_63' title='bbox 853 835 1098 879; x_wconf 80' lang='lat' dir='ltr'><strong><em>pessumdatus</em></strong></span> <span class='ocrx_word' id='word_1_64' title='bbox 1122 839 1196 877; x_wconf 84' lang='lat' dir='ltr'><strong>est,</strong></span> <span class='ocrx_word' id='word_1_65' title='bbox 1231 838 1266 869; x_wconf 89' lang='lat' dir='ltr'><strong>et</strong></span> <span class='ocrx_word' id='word_1_66' title='bbox 1294 836 1507 880; x_wconf 82' lang='lat' dir='ltr'><strong>paullis-</strong></span> 
     </span>
     <span class='ocr_line' id='line_1_9' title="bbox 99 894 1511 948; baseline -0.006 -10"><span class='ocrx_word' id='word_1_67' title='bbox 99 913 179 948; x_wconf 79' lang='lat' dir='ltr'><strong>per</strong></span> <span class='ocrx_word' id='word_1_68' title='bbox 200 913 294 943; x_wconf 81' lang='lat' dir='ltr'><strong>usus,</strong></span> <span class='ocrx_word' id='word_1_69' title='bbox 317 900 412 945; x_wconf 74' lang='lat' dir='ltr'><strong>quod</strong></span> <span class='ocrx_word' id='word_1_70' title='bbox 433 899 585 934; x_wconf 88' lang='lat' dir='ltr'><strong>multum</strong></span> <span class='ocrx_word' id='word_1_71' title='bbox 605 896 728 930; x_wconf 83' lang='lat' dir='ltr'><strong>differt</strong></span> <span class='ocrx_word' id='word_1_72' title='bbox 750 906 774 930; x_wconf 86' lang='lat' dir='ltr'><strong>a</strong></span> <span class='ocrx_word' id='word_1_73' title='bbox 796 895 949 940; x_wconf 80' lang='lat' dir='ltr'><strong>simplici</strong></span> <span class='ocrx_word' id='word_1_74' title='bbox 969 895 1215 941; x_wconf 76' lang='lat' dir='ltr'><strong><em>pessumdatus</em></strong></span> <span class='ocrx_word' id='word_1_75' title='bbox 1237 898 1273 930; x_wconf 88' lang='lat' dir='ltr'><strong>et</strong></span> <span class='ocrx_word' id='word_1_76' title='bbox 1295 907 1389 930; x_wconf 86' lang='lat' dir='ltr'><strong>usus.</strong></span> <span class='ocrx_word' id='word_1_77' title='bbox 1437 894 1511 930; x_wconf 76' lang='lat' dir='ltr'><strong>Sed</strong></span> 
     </span>
     <span class='ocr_line' id='line_1_10' title="bbox 101 956 1508 1009; baseline -0.005 -11"><span class='ocrx_word' id='word_1_78' title='bbox 101 963 274 1009; x_wconf 84' lang='lat' dir='ltr'><strong>primaria</strong></span> <span class='ocrx_word' id='word_1_79' title='bbox 296 961 427 996; x_wconf 82' lang='lat' dir='ltr'><strong>erroris</strong></span> <span class='ocrx_word' id='word_1_80' title='bbox 450 970 574 994; x_wconf 77' lang='lat' dir='ltr'><strong>caussa</strong></span> <span class='ocrx_word' id='word_1_81' title='bbox 596 957 686 998; x_wconf 81' lang='lat' dir='ltr'><strong>fuit,</strong></span> <span class='ocrx_word' id='word_1_82' title='bbox 728 956 820 1000; x_wconf 84' lang='lat' dir='ltr'><strong>quod</strong></span> <span class='ocrx_word' id='word_1_83' title='bbox 843 956 1021 1000; x_wconf 83' lang='lat' dir='ltr'><strong>protasin,</strong></span> <span class='ocrx_word' id='word_1_84' title='bbox 1050 968 1141 1002; x_wconf 86' lang='lat' dir='ltr'><strong>quae</strong></span> <span class='ocrx_word' id='word_1_85' title='bbox 1163 960 1243 1001; x_wconf 86' lang='lat' dir='ltr'><strong>post</strong></span> <span class='ocrx_word' id='word_1_86' title='bbox 1260 957 1508 1002; x_wconf 78' lang='lat' dir='ltr'><strong><em>pessumdatus</em></strong></span> 
     </span>
     <span class='ocr_line' id='line_1_11' title="bbox 103 1017 1509 1068; baseline -0.005 -8"><span class='ocrx_word' id='word_1_87' title='bbox 103 1029 155 1061; x_wconf 83' lang='lat' dir='ltr'><strong>est</strong></span> <span class='ocrx_word' id='word_1_88' title='bbox 185 1023 331 1068; x_wconf 81' lang='lat' dir='ltr'><strong>desinit,</strong></span> <span class='ocrx_word' id='word_1_89' title='bbox 362 1033 475 1068; x_wconf 81' lang='lat' dir='ltr'><strong>usque</strong></span> <span class='ocrx_word' id='word_1_90' title='bbox 504 1020 550 1056; x_wconf 86' lang='lat' dir='ltr'><strong>ad</strong></span> <span class='ocrx_word' id='word_1_91' title='bbox 581 1031 664 1054; x_wconf 84' lang='lat' dir='ltr'><strong>usus</strong></span> <span class='ocrx_word' id='word_1_92' title='bbox 686 1017 862 1062; x_wconf 83' lang='lat' dir='ltr'><strong>pertinere</strong></span> <span class='ocrx_word' id='word_1_93' title='bbox 883 1017 952 1052; x_wconf 86' lang='lat' dir='ltr'><strong>rati</strong></span> <span class='ocrx_word' id='word_1_94' title='bbox 975 1023 1065 1064; x_wconf 77' lang='lat' dir='ltr'><strong>sunt.</strong></span> <span class='ocrx_word' id='word_1_95' title='bbox 1115 1018 1212 1052; x_wconf 80' lang='lat' dir='ltr'><strong>Tum</strong></span> <span class='ocrx_word' id='word_1_96' title='bbox 1235 1022 1276 1053; x_wconf 86' lang='lat' dir='ltr'><strong>ut</strong></span> <span class='ocrx_word' id='word_1_97' title='bbox 1298 1019 1368 1052; x_wconf 86' lang='lat' dir='ltr'><strong>hoc</strong></span> <span class='ocrx_word' id='word_1_98' title='bbox 1389 1018 1509 1063; x_wconf 88' lang='lat' dir='ltr'><strong>ipsum</strong></span> 
     </span>
     <span class='ocr_line' id='line_1_12' title="bbox 101 1076 1508 1124; baseline -0.006 -3"><span class='ocrx_word' id='word_1_99' title='bbox 101 1076 419 1122; x_wconf 73' lang='lat' dir='ltr'><strong>vocabulumcum</strong></span> <span class='ocrx_word' id='word_1_100' title='bbox 443 1086 627 1117; x_wconf 79' lang='lat' dir='ltr'><strong>accusatur</strong></span> <span class='ocrx_word' id='word_1_101' title='bbox 649 1079 758 1124; x_wconf 82' lang='lat' dir='ltr'><strong>possit</strong></span> <span class='ocrx_word' id='word_1_102' title='bbox 780 1078 983 1122; x_wconf 76' lang='lat' dir='ltr'><strong>conciliari,</strong></span> <span class='ocrx_word' id='word_1_103' title='bbox 1007 1080 1194 1114; x_wconf 89' lang='lat' dir='ltr'><strong>tenendum</strong></span> <span class='ocrx_word' id='word_1_104' title='bbox 1219 1083 1272 1114; x_wconf 87' lang='lat' dir='ltr'><strong>est</strong></span> <span class='ocrx_word' id='word_1_105' title='bbox 1294 1079 1508 1115; x_wconf 75' lang='lat' dir='ltr'><strong>Sallustium</strong></span> 
     </span>
     <span class='ocr_line' id='line_1_13' title="bbox 101 1140 1507 1184; baseline -0.006 -1"><span class='ocrx_word' id='word_1_106' title='bbox 101 1159 172 1183; x_wconf 83' lang='lat' dir='ltr'><strong>uon</strong></span> <span class='ocrx_word' id='word_1_107' title='bbox 197 1147 281 1182; x_wconf 82' lang='lat' dir='ltr'><strong>satis</strong></span> <span class='ocrx_word' id='word_1_108' title='bbox 303 1147 466 1180; x_wconf 87' lang='lat' dir='ltr'><strong>accurate</strong></span> <span class='ocrx_word' id='word_1_109' title='bbox 488 1144 582 1177; x_wconf 87' lang='lat' dir='ltr'><strong>hanc</strong></span> <span class='ocrx_word' id='word_1_110' title='bbox 607 1142 798 1176; x_wconf 84' lang='lat' dir='ltr'><strong>verborum</strong></span> <span class='ocrx_word' id='word_1_111' title='bbox 829 1140 1108 1184; x_wconf 86' lang='lat' dir='ltr'><strong>complexionem</strong></span> <span class='ocrx_word' id='word_1_112' title='bbox 1142 1141 1358 1183; x_wconf 80' lang='lat' dir='ltr'><strong>instituisse„</strong></span> <span class='ocrx_word' id='word_1_113' title='bbox 1389 1144 1424 1175; x_wconf 90' lang='lat' dir='ltr'><strong>et</strong></span> <span class='ocrx_word' id='word_1_114' title='bbox 1445 1151 1507 1175; x_wconf 89' lang='lat' dir='ltr'><strong>co-</strong></span> 
     </span>
    </p>
   </div>
   <div class='ocr_carea' id='block_1_5' title="bbox 27 1201 1509 1255">
    <p class='ocr_par' dir='ltr' id='par_1_5' title="bbox 27 1201 1509 1255">
     <span class='ocr_line' id='line_1_14' title="bbox 27 1201 1509 1255; baseline -0.005 -12"><span class='ocrx_word' id='word_1_115' title='bbox 27 1201 30 1203; x_wconf 28' lang='lat'><em>*</em></span> <span class='ocrx_word' id='word_1_116' title='bbox 101 1207 239 1255; x_wconf 81' lang='lat' dir='ltr'><strong>gitandi</strong></span> <span class='ocrx_word' id='word_1_117' title='bbox 271 1210 306 1241; x_wconf 84' lang='lat' dir='ltr'><strong>et</strong></span> <span class='ocrx_word' id='word_1_118' title='bbox 335 1203 512 1240; x_wconf 84' lang='lat' dir='ltr'><strong>scribendi</strong></span> <span class='ocrx_word' id='word_1_119' title='bbox 543 1203 682 1248; x_wconf 79' lang='lat' dir='ltr'><strong>legibus</strong></span> <span class='ocrx_word' id='word_1_120' title='bbox 711 1213 789 1236; x_wconf 80' lang='lat' dir='ltr'><strong>non·</strong></span> <span class='ocrx_word' id='word_1_121' title='bbox 811 1212 934 1235; x_wconf 82' lang='lat' dir='ltr'><strong>severe</strong></span> <span class='ocrx_word' id='word_1_122' title='bbox 964 1202 1173 1237; x_wconf 71' lang='lat' dir='ltr'><strong>observatis.</strong></span> <span class='ocrx_word' id='word_1_123' title='bbox 1219 1202 1310 1238; x_wconf 84' lang='lat' dir='ltr'><strong>Nam</strong></span> <span class='ocrx_word' id='word_1_124' title='bbox 1350 1201 1509 1246; x_wconf 88' lang='lat' dir='ltr'><strong>primum-</strong></span> 
     </span>
    </p>
   </div>
   <div class='ocr_carea' id='block_1_6' title="bbox 67 1263 1508 2845">
    <p class='ocr_par' dir='ltr' id='par_1_6' title="bbox 67 1263 1508 2845">
     <span class='ocr_line' id='line_1_15' title="bbox 102 1263 1508 1316; baseline -0.004 -12"><span class='ocrx_word' id='word_1_125' title='bbox 102 1270 183 1316; x_wconf 83' lang='lat' dir='ltr'><strong>quis</strong></span> <span class='ocrx_word' id='word_1_126' title='bbox 203 1280 276 1304; x_wconf 89' lang='lat' dir='ltr'><strong>non</strong></span> <span class='ocrx_word' id='word_1_127' title='bbox 298 1267 416 1308; x_wconf 84' lang='lat' dir='ltr'><strong>videt,</strong></span> <span class='ocrx_word' id='word_1_128' title='bbox 439 1276 549 1311; x_wconf 89' lang='lat' dir='ltr'><strong>quum</strong></span> <span class='ocrx_word' id='word_1_129' title='bbox 575 1263 696 1298; x_wconf 89' lang='lat' dir='ltr'><strong>omnia</strong></span> <span class='ocrx_word' id='word_1_130' title='bbox 719 1263 763 1298; x_wconf 88' lang='lat' dir='ltr'><strong>ad</strong></span> <span class='ocrx_word' id='word_1_131' title='bbox 788 1264 964 1307; x_wconf 83' lang='lat' dir='ltr'><strong>animum,</strong></span> <span class='ocrx_word' id='word_1_132' title='bbox 998 1264 1042 1298; x_wconf 88' lang='lat' dir='ltr'><strong>de</strong></span> <span class='ocrx_word' id='word_1_133' title='bbox 1074 1276 1143 1308; x_wconf 89' lang='lat' dir='ltr'><strong>quo</strong></span> <span class='ocrx_word' id='word_1_134' title='bbox 1175 1264 1293 1299; x_wconf 78' lang='lat' dir='ltr'><strong>dicere</strong></span> <span class='ocrx_word' id='word_1_135' title='bbox 1326 1263 1508 1310; x_wconf 84' lang='lat' dir='ltr'><strong>ingressus</strong></span> 
     </span>
     <span class='ocr_line' id='line_1_16' title="bbox 102 1323 1505 1374; baseline -0.005 -7"><span class='ocrx_word' id='word_1_136' title='bbox 102 1334 199 1374; x_wconf 79' lang='lat' dir='ltr'><strong>erat,</strong></span> <span class='ocrx_word' id='word_1_137' title='bbox 240 1330 375 1365; x_wconf 80' lang='lat' dir='ltr'><strong>referre</strong></span> <span class='ocrx_word' id='word_1_138' title='bbox 403 1326 598 1368; x_wconf 75' lang='lat' dir='ltr'><strong>debuisset,</strong></span> <span class='ocrx_word' id='word_1_139' title='bbox 643 1336 725 1359; x_wconf 88' lang='lat' dir='ltr'><strong>eum</strong></span> <span class='ocrx_word' id='word_1_140' title='bbox 756 1323 943 1359; x_wconf 85' lang='lat' dir='ltr'><strong>interiecta</strong></span> <span class='ocrx_word' id='word_1_141' title='bbox 973 1326 1145 1361; x_wconf 75' lang='lat' dir='ltr'><strong>sententia</strong></span> <span class='ocrx_word' id='word_1_142' title='bbox 1177 1327 1304 1372; x_wconf 79' lang='lat' dir='ltr'><strong>quippe</strong></span> <span class='ocrx_word' id='word_1_143' title='bbox 1334 1337 1427 1372; x_wconf 78' lang='lat' dir='ltr'><strong>quae</strong></span> <span class='ocrx_word' id='word_1_144' title='bbox 1460 1345 1505 1350; x_wconf 96' lang='lat'><strong>—</strong></span> 
     </span>
     <span class='ocr_line' id='line_1_17' title="bbox 103 1385 1504 1439; baseline -0.006 -10"><span class='ocrx_word' id='word_1_145' title='bbox 103 1393 305 1439; x_wconf 81' lang='lat' dir='ltr'><strong>cuiquam</strong></span> <span class='ocrx_word' id='word_1_146' title='bbox 326 1395 440 1436; x_wconf 82' lang='lat' dir='ltr'><strong>potest</strong></span> <span class='ocrx_word' id='word_1_147' title='bbox 462 1388 644 1423; x_wconf 85' lang='lat' dir='ltr'><strong>seductum</strong></span> <span class='ocrx_word' id='word_1_148' title='bbox 667 1386 802 1421; x_wconf 86' lang='lat' dir='ltr'><strong>relicua</strong></span> <span class='ocrx_word' id='word_1_149' title='bbox 824 1385 876 1421; x_wconf 85' lang='lat' dir='ltr'><strong>ita</strong></span> <span class='ocrx_word' id='word_1_150' title='bbox 899 1386 1112 1431; x_wconf 81' lang='lat' dir='ltr'><strong>disputasse,</strong></span> <span class='ocrx_word' id='word_1_151' title='bbox 1137 1387 1240 1431; x_wconf 82' lang='lat' dir='ltr'><strong>quasi</strong></span> <span class='ocrx_word' id='word_1_152' title='bbox 1261 1398 1331 1422; x_wconf 89' lang='lat' dir='ltr'><strong>non</strong></span> <span class='ocrx_word' id='word_1_153' title='bbox 1354 1387 1504 1428; x_wconf 81' lang='lat' dir='ltr'><strong>animus,</strong></span> 
     </span>
     <span class='ocr_line' id='line_1_18' title="bbox 67 1447 1508 1500; baseline -0.004 -11"><span class='ocrx_word' id='word_1_154' title='bbox 67 1497 69 1499; x_wconf 15' lang='lat' dir='ltr'>q</span> <span class='ocrx_word' id='word_1_155' title='bbox 102 1454 164 1490; x_wconf 82' lang='lat' dir='ltr'><strong>sed</strong></span> <span class='ocrx_word' id='word_1_156' title='bbox 186 1452 363 1500; x_wconf 81' lang='lat' dir='ltr'><strong>generalis</strong></span> <span class='ocrx_word' id='word_1_157' title='bbox 385 1451 483 1487; x_wconf 90' lang='lat' dir='ltr'><strong>notio</strong></span> <span class='ocrx_word' id='word_1_158' title='bbox 511 1449 679 1491; x_wconf 66' lang='lat' dir='ltr'><strong>hominis,</strong></span> <span class='ocrx_word' id='word_1_159' title='bbox 706 1447 886 1483; x_wconf 82' lang='lat' dir='ltr'><strong>indefinito</strong></span> <span class='ocrx_word' id='word_1_160' title='bbox 908 1449 1090 1494; x_wconf 73' lang='lat' dir='ltr'><strong>quisquam</strong></span> <span class='ocrx_word' id='word_1_161' title='bbox 1114 1449 1323 1493; x_wconf 84' lang='lat' dir='ltr'><strong>pronomine</strong></span> <span class='ocrx_word' id='word_1_162' title='bbox 1345 1459 1508 1494; x_wconf 86' lang='lat' dir='ltr'><strong>compre·</strong></span> 
     </span>
     <span class='ocr_line' id='line_1_19' title="bbox 102 1510 1507 1558; baseline -0.005 -7"><span class='ocrx_word' id='word_1_163' title='bbox 102 1516 235 1558; x_wconf 83' lang='lat' dir='ltr'><strong>hensa,</strong></span> <span class='ocrx_word' id='word_1_164' title='bbox 262 1514 459 1551; x_wconf 86' lang='lat' dir='ltr'><strong>subiectum</strong></span> <span class='ocrx_word' id='word_1_165' title='bbox 483 1510 597 1547; x_wconf 85' lang='lat' dir='ltr'><strong>esset?</strong></span> <span class='ocrx_word' id='word_1_166' title='bbox 640 1510 698 1545; x_wconf 83' lang='lat' dir='ltr'><strong>Ita</strong></span> <span class='ocrx_word' id='word_1_167' title='bbox 721 1513 815 1544; x_wconf 84' lang='lat' dir='ltr'><strong>certe</strong></span> <span class='ocrx_word' id='word_1_168' title='bbox 837 1512 875 1544; x_wconf 89' lang='lat' dir='ltr'><strong>et</strong></span> <span class='ocrx_word' id='word_1_169' title='bbox 895 1510 1094 1555; x_wconf 77' lang='lat' dir='ltr'><strong>voluptates</strong></span> <span class='ocrx_word' id='word_1_170' title='bbox 1117 1511 1289 1555; x_wconf 77' lang='lat' dir='ltr'><strong>corporis,</strong></span> <span class='ocrx_word' id='word_1_171' title='bbox 1321 1515 1356 1547; x_wconf 84' lang='lat' dir='ltr'><strong>et</strong></span> <span class='ocrx_word' id='word_1_172' title='bbox 1378 1511 1507 1545; x_wconf 77' lang='lat' dir='ltr'><strong>lubidi-</strong></span> 
     </span>
     <span class='ocr_line' id='line_1_20' title="bbox 103 1571 1507 1620; baseline -0.004 -8"><span class='ocrx_word' id='word_1_173' title='bbox 103 1578 160 1612; x_wconf 78' lang='lat' dir='ltr'><strong>nis</strong></span> <span class='ocrx_word' id='word_1_174' title='bbox 180 1588 284 1620; x_wconf 83' lang='lat' dir='ltr'><strong>usus,</strong></span> <span class='ocrx_word' id='word_1_175' title='bbox 308 1578 344 1611; x_wconf 86' lang='lat' dir='ltr'><strong>et</strong></span> <span class='ocrx_word' id='word_1_176' title='bbox 364 1575 512 1617; x_wconf 80' lang='lat' dir='ltr'><strong>virium,</strong></span> <span class='ocrx_word' id='word_1_177' title='bbox 545 1572 713 1618; x_wconf 76' lang='lat' dir='ltr'><strong>temporis</strong></span> <span class='ocrx_word' id='word_1_178' title='bbox 735 1572 938 1618; x_wconf 77' lang='lat' dir='ltr'><strong>ingeniique</strong></span> <span class='ocrx_word' id='word_1_179' title='bbox 960 1571 1127 1606; x_wconf 79' lang='lat' dir='ltr'><strong>damnum</strong></span> <span class='ocrx_word' id='word_1_180' title='bbox 1149 1575 1282 1613; x_wconf 84' lang='lat' dir='ltr'><strong>rectius</strong></span> <span class='ocrx_word' id='word_1_181' title='bbox 1305 1572 1507 1618; x_wconf 81' lang='lat' dir='ltr'><strong>intelligen-</strong></span> 
     </span>
     <span class='ocr_line' id='line_1_21' title="bbox 104 1633 1506 1679; baseline -0.003 -6"><span class='ocrx_word' id='word_1_182' title='bbox 104 1642 184 1679; x_wconf 80' lang='lat' dir='ltr'><strong>tur3</strong></span> <span class='ocrx_word' id='word_1_183' title='bbox 213 1638 262 1673; x_wconf 75' lang='lat' dir='ltr'><strong>cf.</strong></span> <span class='ocrx_word' id='word_1_184' title='bbox 286 1637 363 1672; x_wconf 82' lang='lat' dir='ltr'><strong>cat.</strong></span> <span class='ocrx_word' id='word_1_185' title='bbox 385 1636 446 1678; x_wconf 90' lang='lat' dir='ltr'><strong>IV,</strong></span> <span class='ocrx_word' id='word_1_186' title='bbox 471 1635 508 1671; x_wconf 79' lang='lat'><strong>6.</strong></span> <span class='ocrx_word' id='word_1_187' title='bbox 536 1634 600 1669; x_wconf 88' lang='lat' dir='ltr'><strong>ubi</strong></span> <span class='ocrx_word' id='word_1_188' title='bbox 623 1634 757 1679; x_wconf 83' lang='lat' dir='ltr'><strong>pariter</strong></span> <span class='ocrx_word' id='word_1_189' title='bbox 779 1633 939 1670; x_wconf 79' lang='lat' dir='ltr'><strong>subiecta</strong></span> <span class='ocrx_word' id='word_1_190' title='bbox 960 1636 1098 1669; x_wconf 78' lang='lat' dir='ltr'><strong>mutata</strong></span> <span class='ocrx_word' id='word_1_191' title='bbox 1119 1636 1219 1676; x_wconf 81' lang='lat' dir='ltr'><strong>sunt3</strong></span> <span class='ocrx_word' id='word_1_192' title='bbox 1253 1645 1367 1679; x_wconf 89' lang='lat' dir='ltr'><strong>neque</strong></span> <span class='ocrx_word' id='word_1_193' title='bbox 1400 1635 1506 1679; x_wconf 81' lang='lat' dir='ltr'><strong>plane</strong></span> 
     </span>
     <span class='ocr_line' id='line_1_22' title="bbox 106 1694 1506 1742; baseline -0.001 -11"><span class='ocrx_word' id='word_1_194' title='bbox 106 1696 285 1732; x_wconf 86' lang='lat' dir='ltr'><strong>dissimilis</strong></span> <span class='ocrx_word' id='word_1_195' title='bbox 308 1700 361 1731; x_wconf 84' lang='lat' dir='ltr'><strong>cst</strong></span> <span class='ocrx_word' id='word_1_196' title='bbox 381 1696 483 1731; x_wconf 85' lang='lat' dir='ltr'><strong>locus</strong></span> <span class='ocrx_word' id='word_1_197' title='bbox 505 1697 582 1742; x_wconf 79' lang='lat' dir='ltr'><strong>lug.</strong></span> <span class='ocrx_word' id='word_1_198' title='bbox 605 1696 750 1739; x_wconf 88' lang='lat' dir='ltr'>XXXV,</span> <span class='ocrx_word' id='word_1_199' title='bbox 771 1694 808 1730; x_wconf 83' lang='lat'><strong>9.</strong></span> <span class='ocrx_word' id='word_1_200' title='bbox 838 1695 901 1730; x_wconf 82' lang='lat' dir='ltr'><strong>ubi</strong></span> <span class='ocrx_word' id='word_1_201' title='bbox 933 1707 968 1730; x_wconf 86' lang='lat' dir='ltr'><strong>v.</strong></span> <span class='ocrx_word' id='word_1_202' title='bbox 1016 1694 1135 1736; x_wconf 84' lang='lat' dir='ltr'><strong>Tum,</strong></span> <span class='ocrx_word' id='word_1_203' title='bbox 1168 1696 1357 1739; x_wconf 80' lang='lat' dir='ltr'><strong>paullatim</strong></span> <span class='ocrx_word' id='word_1_204' title='bbox 1381 1695 1418 1730; x_wconf 90' lang='lat' dir='ltr'><strong>in</strong></span> <span class='ocrx_word' id='word_1_205' title='bbox 1442 1707 1506 1741; x_wconf 85' lang='lat' dir='ltr'><strong>ge-</strong></span> 
     </span>
     <span class='ocr_line' id='line_1_23' title="bbox 105 1756 1506 1802; baseline -0.001 -9"><span class='ocrx_word' id='word_1_206' title='bbox 105 1759 264 1793; x_wconf 83' lang='lat' dir='ltr'><strong>neralem</strong></span> <span class='ocrx_word' id='word_1_207' title='bbox 287 1758 494 1793; x_wconf 83' lang='lat' dir='ltr'><strong>sententiam</strong></span> <span class='ocrx_word' id='word_1_208' title='bbox 518 1758 698 1802; x_wconf 82' lang='lat' dir='ltr'><strong>delapsus,</strong></span> <span class='ocrx_word' id='word_1_209' title='bbox 728 1759 872 1801; x_wconf 84' lang='lat' dir='ltr'><strong>propter</strong></span> <span class='ocrx_word' id='word_1_210' title='bbox 894 1756 1122 1801; x_wconf 80' lang='lat' dir='ltr'><strong>interpositae</strong></span> <span class='ocrx_word' id='word_1_211' title='bbox 1141 1757 1334 1792; x_wconf 86' lang='lat' dir='ltr'><strong>sententiae</strong></span> <span class='ocrx_word' id='word_1_212' title='bbox 1358 1757 1506 1791; x_wconf 77' lang='lat' dir='ltr'><strong>verbum</strong></span> 
     </span>
     <span class='ocr_line' id='line_1_24' title="bbox 105 1816 1506 1864; baseline -0.003 -9"><span class='ocrx_word' id='word_1_213' title='bbox 105 1819 298 1864; x_wconf 72' lang='lat' dir='ltr'><strong>defluxere,</strong></span> <span class='ocrx_word' id='word_1_214' title='bbox 333 1819 378 1853; x_wconf 84' lang='lat' dir='ltr'><strong>ad</strong></span> <span class='ocrx_word' id='word_1_215' title='bbox 403 1831 476 1853; x_wconf 86' lang='lat' dir='ltr'><strong>rem</strong></span> <span class='ocrx_word' id='word_1_216' title='bbox 499 1830 569 1854; x_wconf 89' lang='lat' dir='ltr'><strong>non</strong></span> <span class='ocrx_word' id='word_1_217' title='bbox 592 1819 637 1854; x_wconf 89' lang='lat' dir='ltr'><strong>ad</strong></span> <span class='ocrx_word' id='word_1_218' title='bbox 656 1829 844 1863; x_wconf 80' lang='lat' dir='ltr'><strong>personam</strong></span> <span class='ocrx_word' id='word_1_219' title='bbox 865 1818 1037 1861; x_wconf 86' lang='lat' dir='ltr'><strong>relatum,</strong></span> <span class='ocrx_word' id='word_1_220' title='bbox 1072 1816 1198 1852; x_wconf 84' lang='lat' dir='ltr'><strong>ultimo</strong></span> <span class='ocrx_word' id='word_1_221' title='bbox 1220 1817 1300 1852; x_wconf 93' lang='lat' dir='ltr'><strong>loco</strong></span> <span class='ocrx_word' id='word_1_222' title='bbox 1323 1818 1428 1862; x_wconf 89' lang='lat' dir='ltr'><strong>plane</strong></span> <span class='ocrx_word' id='word_1_223' title='bbox 1450 1817 1506 1851; x_wconf 90' lang='lat' dir='ltr'><strong>in-</strong></span> 
     </span>
     <span class='ocr_line' id='line_1_25' title="bbox 105 1877 1505 1924; baseline -0.001 -9"><span class='ocrx_word' id='word_1_224' title='bbox 105 1880 287 1916; x_wconf 81' lang='lat' dir='ltr'><strong>definitum</strong></span> <span class='ocrx_word' id='word_1_225' title='bbox 312 1879 507 1915; x_wconf 80' lang='lat' dir='ltr'><strong>subiectum</strong></span> <span class='ocrx_word' id='word_1_226' title='bbox 538 1879 695 1924; x_wconf 83' lang='lat' dir='ltr'><strong>cogitat,</strong></span> <span class='ocrx_word' id='word_1_227' title='bbox 727 1879 828 1923; x_wconf 83' lang='lat' dir='ltr'><strong>quasi</strong></span> <span class='ocrx_word' id='word_1_228' title='bbox 852 1879 888 1913; x_wconf 90' lang='lat' dir='ltr'><strong>in</strong></span> <span class='ocrx_word' id='word_1_229' title='bbox 910 1878 1128 1924; x_wconf 81' lang='lat' dir='ltr'><strong>praegressis</strong></span> <span class='ocrx_word' id='word_1_230' title='bbox 1153 1877 1294 1914; x_wconf 84' lang='lat' dir='ltr'><strong>dixisset</strong></span> <span class='ocrx_word' id='word_1_231' title='bbox 1323 1883 1404 1924; x_wconf 83' lang='lat' dir='ltr'><strong>post</strong></span> <span class='ocrx_word' id='word_1_232' title='bbox 1424 1890 1505 1924; x_wconf 81' lang='lat' dir='ltr'><strong>per-</strong></span> 
     </span>
     <span class='ocr_line' id='line_1_26' title="bbox 104 1939 1508 1984; baseline -0.002 -8"><span class='ocrx_word' id='word_1_233' title='bbox 104 1942 254 1977; x_wconf 81' lang='lat' dir='ltr'><strong>niciosae</strong></span> <span class='ocrx_word' id='word_1_234' title='bbox 284 1940 449 1975; x_wconf 73' lang='lat' dir='ltr'><strong>lubidinis</strong></span> <span class='ocrx_word' id='word_1_235' title='bbox 480 1941 618 1975; x_wconf 76' lang='lat' dir='ltr'><strong>brevem</strong></span> <span class='ocrx_word' id='word_1_236' title='bbox 647 1950 768 1982; x_wconf 81' lang='lat' dir='ltr'><strong>nsum,</strong></span> <span class='ocrx_word' id='word_1_237' title='bbox 799 1939 840 1974; x_wconf 70' lang='lat' dir='ltr'><strong>id</strong></span> <span class='ocrx_word' id='word_1_238' title='bbox 868 1941 961 1984; x_wconf 87' lang='lat' dir='ltr'><strong>quod</strong></span> <span class='ocrx_word' id='word_1_239' title='bbox 996 1940 1104 1975; x_wconf 87' lang='lat' dir='ltr'><strong>etiam</strong></span> <span class='ocrx_word' id='word_1_240' title='bbox 1131 1939 1335 1974; x_wconf 82' lang='lat' dir='ltr'><strong>Perizonius</strong></span> <span class='ocrx_word' id='word_1_241' title='bbox 1362 1939 1508 1974; x_wconf 85' lang='lat' dir='ltr'><strong>sensisse</strong></span> 
     </span>
     <span class='ocr_line' id='line_1_27' title="bbox 103 2000 1506 2047; baseline -0.002 -10"><span class='ocrx_word' id='word_1_242' title='bbox 103 2002 265 2045; x_wconf 76' lang='lat' dir='ltr'><strong>videtur,</strong></span> <span class='ocrx_word' id='word_1_243' title='bbox 304 2001 366 2046; x_wconf 88' lang='lat' dir='ltr'><strong>qui</strong></span> <span class='ocrx_word' id='word_1_244' title='bbox 389 2002 435 2036; x_wconf 84' lang='lat' dir='ltr'><strong>ad</strong></span> <span class='ocrx_word' id='word_1_245' title='bbox 457 2001 574 2036; x_wconf 87' lang='lat' dir='ltr'><strong>Sanct.</strong></span> <span class='ocrx_word' id='word_1_246' title='bbox 598 2001 686 2036; x_wconf 82' lang='lat' dir='ltr'><strong>Min.</strong></span> <span class='ocrx_word' id='word_1_247' title='bbox 710 2002 769 2045; x_wconf 86' lang='lat' dir='ltr'><strong>lv,</strong></span> <span class='ocrx_word' id='word_1_248' title='bbox 798 2002 855 2037; x_wconf 75' lang='lat'><strong>11.</strong></span> <span class='ocrx_word' id='word_1_249' title='bbox 887 2001 933 2036; x_wconf 87' lang='grc' dir='ltr'><strong>Τ.</strong></span> <span class='ocrx_word' id='word_1_250' title='bbox 957 2002 1000 2036; x_wconf 85' lang='lat'><strong>11.</strong></span> <span class='ocrx_word' id='word_1_251' title='bbox 1027 2013 1062 2047; x_wconf 85' lang='lat' dir='ltr'><strong>p.</strong></span> <span class='ocrx_word' id='word_1_252' title='bbox 1081 2000 1165 2038; x_wconf 75' lang='lat'><strong>384.</strong></span> <span class='ocrx_word' id='word_1_253' title='bbox 1196 2001 1252 2036; x_wconf 78' lang='lat' dir='ltr'><strong>ed.</strong></span> <span class='ocrx_word' id='word_1_254' title='bbox 1275 2000 1405 2035; x_wconf 87' lang='lat' dir='ltr'><strong>Bauer.</strong></span> <span class='ocrx_word' id='word_1_255' title='bbox 1441 2011 1506 2035; x_wconf 91' lang='lat' dir='ltr'><strong>no-</strong></span> 
     </span>
     <span class='ocr_line' id='line_1_28' title="bbox 104 2061 1506 2107; baseline -0.002 -8"><span class='ocrx_word' id='word_1_256' title='bbox 104 2066 217 2099; x_wconf 82' lang='lat' dir='ltr'><strong>strum</strong></span> <span class='ocrx_word' id='word_1_257' title='bbox 239 2063 358 2098; x_wconf 89' lang='lat' dir='ltr'><strong>locum</strong></span> <span class='ocrx_word' id='word_1_258' title='bbox 388 2062 432 2097; x_wconf 86' lang='lat' dir='ltr'><strong>ad</strong></span> <span class='ocrx_word' id='word_1_259' title='bbox 457 2063 671 2097; x_wconf 86' lang='lat' dir='ltr'><strong>anacolutha</strong></span> <span class='ocrx_word' id='word_1_260' title='bbox 693 2063 824 2104; x_wconf 83' lang='lat' dir='ltr'><strong>refert;</strong></span> <span class='ocrx_word' id='word_1_261' title='bbox 857 2074 970 2107; x_wconf 87' lang='lat' dir='ltr'><strong>neque</strong></span> <span class='ocrx_word' id='word_1_262' title='bbox 993 2063 1152 2099; x_wconf 86' lang='lat' dir='ltr'><strong>dissentit</strong></span> <span class='ocrx_word' id='word_1_263' title='bbox 1176 2062 1222 2098; x_wconf 85' lang='lat' dir='ltr'><strong>ab</strong></span> <span class='ocrx_word' id='word_1_264' title='bbox 1244 2073 1287 2097; x_wconf 89' lang='lat' dir='ltr'><strong>eo</strong></span> <span class='ocrx_word' id='word_1_265' title='bbox 1311 2061 1506 2107; x_wconf 79' lang='lat' dir='ltr'><strong>Sellingius</strong></span> 
     </span>
     <span class='ocr_line' id='line_1_29' title="bbox 103 2123 1504 2169; baseline -0.002 -9"><span class='ocrx_word' id='word_1_266' title='bbox 103 2124 143 2160; x_wconf 87' lang='lat' dir='ltr'><strong>in</strong></span> <span class='ocrx_word' id='word_1_267' title='bbox 165 2125 275 2160; x_wconf 81' lang='lat' dir='ltr'><strong>Lectt.</strong></span> <span class='ocrx_word' id='word_1_268' title='bbox 297 2123 386 2158; x_wconf 86' lang='lat' dir='ltr'><strong>Sall.</strong></span> <span class='ocrx_word' id='word_1_269' title='bbox 410 2135 444 2169; x_wconf 88' lang='lat' dir='ltr'><strong>p.</strong></span> <span class='ocrx_word' id='word_1_270' title='bbox 468 2123 516 2158; x_wconf 73' lang='lat'><strong>17</strong></span> <span class='ocrx_word' id='word_1_271' title='bbox 538 2136 610 2169; x_wconf 85' lang='lat' dir='ltr'><strong>sq.‚</strong></span> <span class='ocrx_word' id='word_1_272' title='bbox 640 2124 775 2159; x_wconf 84' lang='lat' dir='ltr'><strong>acutius</strong></span> <span class='ocrx_word' id='word_1_273' title='bbox 805 2135 913 2169; x_wconf 78' lang='lat' dir='ltr'><strong>quam</strong></span> <span class='ocrx_word' id='word_1_274' title='bbox 944 2124 1052 2159; x_wconf 85' lang='lat' dir='ltr'><strong>ceteri</strong></span> <span class='ocrx_word' id='word_1_275' title='bbox 1085 2123 1254 2160; x_wconf 87' lang='lat' dir='ltr'><strong>iudicans.</strong></span> <span class='ocrx_word' id='word_1_276' title='bbox 1302 2124 1350 2158; x_wconf 86' lang='lat' dir='ltr'><strong>Ut</strong></span> <span class='ocrx_word' id='word_1_277' title='bbox 1382 2128 1504 2158; x_wconf 85' lang='lat' dir='ltr'><strong>autem</strong></span> 
     </span>
     <span class='ocr_line' id='line_1_30' title="bbox 104 2184 1504 2231; baseline -0.001 -11"><span class='ocrx_word' id='word_1_278' title='bbox 104 2186 176 2221; x_wconf 87' lang='lat' dir='ltr'><strong>loci</strong></span> <span class='ocrx_word' id='word_1_279' title='bbox 196 2185 248 2220; x_wconf 85' lang='lat' dir='ltr'><strong>ita</strong></span> <span class='ocrx_word' id='word_1_280' title='bbox 269 2185 422 2230; x_wconf 81' lang='lat' dir='ltr'><strong>expediti</strong></span> <span class='ocrx_word' id='word_1_281' title='bbox 442 2196 550 2220; x_wconf 84' lang='lat' dir='ltr'><strong>nexus</strong></span> <span class='ocrx_word' id='word_1_282' title='bbox 572 2185 702 2220; x_wconf 87' lang='lat' dir='ltr'><strong>melius</strong></span> <span class='ocrx_word' id='word_1_283' title='bbox 733 2189 871 2231; x_wconf 87' lang='lat' dir='ltr'><strong>pateat,</strong></span> <span class='ocrx_word' id='word_1_284' title='bbox 903 2185 1230 2231; x_wconf 80' lang='lat' dir='ltr'><strong>interpretationem</strong></span> <span class='ocrx_word' id='word_1_285' title='bbox 1261 2184 1504 2230; x_wconf 82' lang='lat' dir='ltr'><strong>germanicam</strong></span> 
     </span>
     <span class='ocr_line' id='line_1_31' title="bbox 104 2246 1505 2293; baseline -0.001 -11"><span class='ocrx_word' id='word_1_286' title='bbox 104 2246 349 2292; x_wconf 77' lang='lat' dir='ltr'><strong>subiiciemus:</strong></span> <span class='ocrx_word' id='word_1_287' title='bbox 372 2258 472 2282; x_wconf 83' lang='lat' dir='ltr'><strong>wenn</strong></span> <span class='ocrx_word' id='word_1_288' title='bbox 494 2258 532 2281; x_wconf 81' lang='lat' dir='ltr'><strong>er</strong></span> <span class='ocrx_word' id='word_1_289' title='bbox 559 2247 643 2281; x_wconf 82' lang='lat' dir='ltr'><strong>aber</strong></span> <span class='ocrx_word' id='word_1_290' title='bbox 664 2259 732 2282; x_wconf 83' lang='lat' dir='ltr'><strong>von</strong></span> <span class='ocrx_word' id='word_1_291' title='bbox 754 2249 905 2283; x_wconf 71' lang='lat' dir='ltr'><strong>unedlen</strong></span> <span class='ocrx_word' id='word_1_292' title='bbox 927 2247 1129 2293; x_wconf 74' lang='lat' dir='ltr'><strong>Regierden</strong></span> <span class='ocrx_word' id='word_1_293' title='bbox 1154 2248 1418 2293; x_wconf 83' lang='lat' dir='ltr'><strong>eingenommen</strong></span> <span class='ocrx_word' id='word_1_294' title='bbox 1441 2257 1505 2281; x_wconf 79' lang='lat' dir='ltr'><strong>zur</strong></span> 
     </span>
     <span class='ocr_line' id='line_1_32' title="bbox 106 2309 1504 2356; baseline 0 -13"><span class='ocrx_word' id='word_1_295' title='bbox 106 2309 315 2354; x_wconf 76' lang='lat' dir='ltr'><strong>Schlerffheit</strong></span> <span class='ocrx_word' id='word_1_296' title='bbox 337 2309 410 2342; x_wconf 78' lang='lat' dir='ltr'><strong>und</strong></span> <span class='ocrx_word' id='word_1_297' title='bbox 440 2321 485 2343; x_wconf 79' lang='lat' dir='ltr'><strong>zu</strong></span> <span class='ocrx_word' id='word_1_298' title='bbox 505 2309 697 2343; x_wconf 76' lang='lat' dir='ltr'><strong>sinulichen</strong></span> <span class='ocrx_word' id='word_1_299' title='bbox 727 2309 1019 2356; x_wconf 65' lang='lat' dir='ltr'><strong>P&#39;ergnilgungen</strong></span> <span class='ocrx_word' id='word_1_300' title='bbox 1041 2309 1332 2355; x_wconf 82' lang='lat' dir='ltr'><strong>herabgesunken</strong></span> <span class='ocrx_word' id='word_1_301' title='bbox 1365 2309 1435 2343; x_wconf 75' lang='lat' dir='ltr'><strong>ist.-</strong></span> <span class='ocrx_word' id='word_1_302' title='bbox 1466 2320 1504 2343; x_wconf 81' lang='lat' dir='ltr'><strong>so</strong></span> 
     </span>
     <span class='ocr_line' id='line_1_33' title="bbox 105 2369 1504 2412; baseline 0 -8"><span class='ocrx_word' id='word_1_303' title='bbox 105 2370 214 2412; x_wconf 84' lang='lat' dir='ltr'><strong>wird,</strong></span> <span class='ocrx_word' id='word_1_304' title='bbox 249 2375 374 2404; x_wconf 64' lang='lat' dir='ltr'><strong>werin</strong></span> <span class='ocrx_word' id='word_1_305' title='bbox 402 2369 519 2403; x_wconf 79' lang='lat' dir='ltr'><strong>nach</strong></span> <span class='ocrx_word' id='word_1_306' title='bbox 543 2370 638 2405; x_wconf 81' lang='lat' dir='ltr'><strong>dem</strong></span> <span class='ocrx_word' id='word_1_307' title='bbox 661 2371 840 2405; x_wconf 80' lang='lat' dir='ltr'><strong>kurzen</strong></span> <span class='ocrx_word' id='word_1_308' title='bbox 866 2372 1049 2406; x_wconf 80' lang='lat' dir='ltr'><strong>Genuss</strong></span> <span class='ocrx_word' id='word_1_309' title='bbox 1073 2371 1208 2406; x_wconf 86' lang='lat' dir='ltr'><strong>einer</strong></span> <span class='ocrx_word' id='word_1_310' title='bbox 1232 2370 1504 2405; x_wconf 80' lang='lat' dir='ltr'><strong>verderbli-</strong></span> 
     </span>
     <span class='ocr_line' id='line_1_34' title="bbox 107 2429 1504 2479; baseline 0 -13"><span class='ocrx_word' id='word_1_311' title='bbox 107 2431 214 2466; x_wconf 77' lang='lat' dir='ltr'><strong>chen</strong></span> <span class='ocrx_word' id='word_1_312' title='bbox 241 2430 350 2466; x_wconf 83' lang='lat' dir='ltr'><strong>Lust</strong></span> <span class='ocrx_word' id='word_1_313' title='bbox 372 2430 516 2464; x_wconf 81' lang='lat' dir='ltr'><strong>durch</strong></span> <span class='ocrx_word' id='word_1_314' title='bbox 541 2429 935 2479; x_wconf 71' lang='lat' dir='ltr'><strong>Nachldssigkeit</strong></span> <span class='ocrx_word' id='word_1_315' title='bbox 957 2432 1148 2476; x_wconf 80' lang='lat' dir='ltr'><strong>Kriifte,</strong></span> <span class='ocrx_word' id='word_1_316' title='bbox 1175 2432 1302 2475; x_wconf 79' lang='lat' dir='ltr'><strong>Zeit,</strong></span> <span class='ocrx_word' id='word_1_317' title='bbox 1328 2432 1504 2478; x_wconf 70' lang='lat' dir='ltr'><strong>Fdhig-</strong></span> 
     </span>
     <span class='ocr_line' id='line_1_35' title="bbox 107 2491 1502 2540; baseline 0.001 -13"><span class='ocrx_word' id='word_1_318' title='bbox 107 2491 263 2527; x_wconf 71' lang='lat' dir='ltr'><strong>ree-&#39;teu</strong></span> <span class='ocrx_word' id='word_1_319' title='bbox 289 2491 434 2526; x_wconf 79' lang='lat' dir='ltr'><strong>dahin</strong></span> <span class='ocrx_word' id='word_1_320' title='bbox 455 2492 577 2533; x_wconf 83' lang='lat' dir='ltr'><strong>sind,</strong></span> <span class='ocrx_word' id='word_1_321' title='bbox 604 2492 662 2527; x_wconf 83' lang='lat' dir='ltr'><strong>die</strong></span> <span class='ocrx_word' id='word_1_322' title='bbox 685 2493 924 2529; x_wconf 78' lang='lat' dir='ltr'><strong>schwachheit</strong></span> <span class='ocrx_word' id='word_1_323' title='bbox 947 2494 1010 2529; x_wconf 88' lang='lat' dir='ltr'><strong>der</strong></span> <span class='ocrx_word' id='word_1_324' title='bbox 1035 2493 1154 2528; x_wconf 82' lang='lat' dir='ltr'><strong>Natur</strong></span> <span class='ocrx_word' id='word_1_325' title='bbox 1176 2493 1387 2540; x_wconf 82' lang='lat' dir='ltr'><strong>angeklagt.</strong></span> <span class='ocrx_word' id='word_1_326' title='bbox 1432 2493 1502 2528; x_wconf 90' lang='lat' dir='ltr'><strong>Lo-</strong></span> 
     </span>
     <span class='ocr_line' id='line_1_36' title="bbox 107 2552 1505 2597; baseline 0.001 -11"><span class='ocrx_word' id='word_1_327' title='bbox 107 2562 190 2587; x_wconf 88' lang='lat' dir='ltr'><strong>cum</strong></span> <span class='ocrx_word' id='word_1_328' title='bbox 211 2552 335 2586; x_wconf 88' lang='lat' dir='ltr'><strong>eodem</strong></span> <span class='ocrx_word' id='word_1_329' title='bbox 357 2553 460 2597; x_wconf 88' lang='lat' dir='ltr'><strong>plane</strong></span> <span class='ocrx_word' id='word_1_330' title='bbox 485 2552 590 2587; x_wconf 88' lang='lat' dir='ltr'><strong>modo</strong></span> <span class='ocrx_word' id='word_1_331' title='bbox 623 2554 875 2597; x_wconf 86' lang='lat' dir='ltr'><strong>compositum,</strong></span> <span class='ocrx_word' id='word_1_332' title='bbox 907 2558 946 2588; x_wconf 87' lang='lat' dir='ltr'><strong>ut</strong></span> <span class='ocrx_word' id='word_1_333' title='bbox 976 2553 1203 2589; x_wconf 84' lang='lat' dir='ltr'><strong>secundariae</strong></span> <span class='ocrx_word' id='word_1_334' title='bbox 1235 2554 1505 2597; x_wconf 84' lang='lat' dir='ltr'><strong>enunciationes,</strong></span> 
     </span>
     <span class='ocr_line' id='line_1_37' title="bbox 105 2612 1504 2660; baseline 0.001 -12"><span class='ocrx_word' id='word_1_335' title='bbox 105 2612 251 2657; x_wconf 80' lang='lat' dir='ltr'><strong>apodosi</strong></span> <span class='ocrx_word' id='word_1_336' title='bbox 281 2614 557 2658; x_wconf 84' lang='lat' dir='ltr'><strong>postponendae,</strong></span> <span class='ocrx_word' id='word_1_337' title='bbox 591 2614 624 2648; x_wconf 89' lang='lat' dir='ltr'><strong>ei</strong></span> <span class='ocrx_word' id='word_1_338' title='bbox 647 2615 937 2660; x_wconf 85' lang='lat' dir='ltr'><strong>praemittantur,</strong></span> <span class='ocrx_word' id='word_1_339' title='bbox 968 2616 1080 2650; x_wconf 87' lang='lat' dir='ltr'><strong>habes</strong></span> <span class='ocrx_word' id='word_1_340' title='bbox 1103 2616 1198 2660; x_wconf 89' lang='lat' dir='ltr'><strong>apud</strong></span> <span class='ocrx_word' id='word_1_341' title='bbox 1221 2615 1338 2650; x_wconf 84' lang='lat' dir='ltr'><strong>Tacit.</strong></span> <span class='ocrx_word' id='word_1_342' title='bbox 1362 2615 1504 2651; x_wconf 77' lang='lat' dir='ltr'><strong>Annall.</strong></span> 
     </span>
     <span class='ocr_line' id='line_1_38' title="bbox 104 2673 1504 2722; baseline 0.001 -13"><span class='ocrx_word' id='word_1_343' title='bbox 104 2673 135 2715; x_wconf 88' lang='lat'><strong>1,</strong></span> <span class='ocrx_word' id='word_1_344' title='bbox 157 2673 193 2716; x_wconf 84' lang='lat'><strong>2,</strong></span> <span class='ocrx_word' id='word_1_345' title='bbox 215 2673 264 2710; x_wconf 89' lang='lat' dir='ltr'><strong>in.</strong></span> <span class='ocrx_word' id='word_1_346' title='bbox 288 2675 510 2719; x_wconf 83' lang='lat' dir='ltr'><strong>„Postquam</strong></span> <span class='ocrx_word' id='word_1_347' title='bbox 534 2676 647 2710; x_wconf 86' lang='lat' dir='ltr'><strong>Bruto</strong></span> <span class='ocrx_word' id='word_1_348' title='bbox 670 2679 705 2710; x_wconf 87' lang='lat' dir='ltr'><strong>et</strong></span> <span class='ocrx_word' id='word_1_349' title='bbox 729 2675 853 2711; x_wconf 86' lang='lat' dir='ltr'><strong>Cassio</strong></span> <span class='ocrx_word' id='word_1_350' title='bbox 875 2676 985 2711; x_wconf 80' lang='lat' dir='ltr'><strong>caesis</strong></span> <span class='ocrx_word' id='word_1_351' title='bbox 1007 2677 1105 2711; x_wconf 87' lang='lat' dir='ltr'><strong>nulla</strong></span> <span class='ocrx_word' id='word_1_352' title='bbox 1128 2675 1201 2711; x_wconf 90' lang='lat' dir='ltr'><strong>iam</strong></span> <span class='ocrx_word' id='word_1_353' title='bbox 1225 2677 1366 2722; x_wconf 85' lang='lat' dir='ltr'><strong>publica</strong></span> <span class='ocrx_word' id='word_1_354' title='bbox 1389 2687 1504 2719; x_wconf 85' lang='lat' dir='ltr'><strong>arma,</strong></span> 
     </span>
     <span class='ocr_line' id='line_1_39' title="bbox 106 2734 1503 2783; baseline 0 -13"><span class='ocrx_word' id='word_1_355' title='bbox 106 2734 296 2779; x_wconf 85' lang='lat' dir='ltr'><strong>Pompeius</strong></span> <span class='ocrx_word' id='word_1_356' title='bbox 318 2737 413 2780; x_wconf 87' lang='lat' dir='ltr'><strong>apud</strong></span> <span class='ocrx_word' id='word_1_357' title='bbox 437 2736 600 2772; x_wconf 90' lang='lat' dir='ltr'><strong>Siciliam</strong></span> <span class='ocrx_word' id='word_1_358' title='bbox 624 2748 831 2782; x_wconf 84' lang='lat' dir='ltr'><strong>oppressus,</strong></span> <span class='ocrx_word' id='word_1_359' title='bbox 853 2740 1026 2782; x_wconf 83' lang='lat' dir='ltr'><strong>exutoque</strong></span> <span class='ocrx_word' id='word_1_360' title='bbox 1048 2738 1204 2783; x_wconf 82' lang='lat' dir='ltr'><strong>Lepido,</strong></span> <span class='ocrx_word' id='word_1_361' title='bbox 1226 2738 1411 2773; x_wconf 77' lang='lat' dir='ltr'><strong>interfecto</strong></span> <span class='ocrx_word' id='word_1_362' title='bbox 1431 2738 1503 2771; x_wconf 81' lang='lat' dir='ltr'><strong>An-</strong></span> 
     </span>
     <span class='ocr_line' id='line_1_40' title="bbox 108 2795 1502 2845; baseline 0.001 -15"><span class='ocrx_word' id='word_1_363' title='bbox 108 2795 226 2841; x_wconf 78' lang='lat' dir='ltr'><strong>tonio,</strong></span> <span class='ocrx_word' id='word_1_364' title='bbox 258 2797 470 2833; x_wconf 81' lang='lat' dir='ltr'><strong>nelulianis</strong></span> <span class='ocrx_word' id='word_1_365' title='bbox 494 2797 635 2843; x_wconf 81' lang='lat' dir='ltr'><strong>quidem</strong></span> <span class='ocrx_word' id='word_1_366' title='bbox 658 2799 817 2845; x_wconf 86' lang='lat' dir='ltr'><strong>partibus</strong></span> <span class='ocrx_word' id='word_1_367' title='bbox 840 2799 908 2835; x_wconf 86' lang='lat' dir='ltr'><strong>nisi</strong></span> <span class='ocrx_word' id='word_1_368' title='bbox 928 2799 1059 2836; x_wconf 85' lang='lat' dir='ltr'><strong>Caesar</strong></span> <span class='ocrx_word' id='word_1_369' title='bbox 1089 2801 1158 2835; x_wconf 79' lang='lat' dir='ltr'><strong>dux</strong></span> <span class='ocrx_word' id='word_1_370' title='bbox 1187 2799 1359 2835; x_wconf 81' lang='lat' dir='ltr'><strong>relicuus:</strong></span> <span class='ocrx_word' id='word_1_371' title='bbox 1388 2799 1502 2845; x_wconf 83' lang='lat' dir='ltr'><strong>posito</strong></span> 
     </span>
    </p>
   </div>
  </div>
 </body>
</html>
