1826 3276
380 159 437 199 86
742 155 784 196 C.
815 151 1128 195 SALLUSTI
1158 151 1373 195 CRISPI

350 275 374 312 7
383 268 539 312 nabale
595 273 637 311 et
687 266 879 313 Gulussa
927 264 1130 308 fratribus
1174 265 1332 310 morbo
1375 266 1630 325 absumptis.
1698 264 1739 308 Is

379 361 682 407 Adherbalem
717 366 761 403 et
795 359 1099 417 Hiempsalem
1135 374 1188 402 ex
1232 375 1328 403 sese
1361 360 1534 419 genuit,
1580 359 1741 418 Iugur-

379 457 612 513 thamque,
657 453 969 497 Mastanabalis
1019 453 1162 497 fratris
1209 454 1366 508 filium,
1424 468 1558 511 quem
1601 452 1742 497 Masi—

378 553 516 603 nissa,
561 548 683 607 quod
717 554 838 591 ortus
873 563 927 591 ex
963 548 1206 591 concubina
1241 555 1358 606 erat,
1404 548 1624 606 privatum
1659 547 1742 591 de-

378 644 633 702 reliquerat,
663 642 841 686 eodem
885 643 1002 686 cultu
1038 657 1127 700 quo
1161 643 1323 687 liberos
1359 657 1458 686 suos
1495 642 1615 686 domi
1657 641 1742 685 ha-

377 740 482 783 buit.
1684 798 1687 800 ¹

512 832 586 876 vl.
657 831 745 886 Qui
780 831 854 874 ubi
880 831 1069 890 primum
1105 831 1318 886 adolevit,
1364 831 1537 890 pollens
1569 829 1743 886 viribus,

380 928 541 972 decora
583 926 720 979 facie,
783 925 860 969 sed
904 926 1040 969 multo
1086 941 1291 970 maxume
1336 925 1519 985 ingenio,
1559 924 1743 978 validus,

379 1037 466 1066 non
517 1036 565 1065 se
611 1021 714 1064 luxu
758 1035 901 1078 neque
951 1021 1129 1065 inertiae
1185 1019 1560 1079 corrumpendum
1606 1019 1742 1074 dedit,

381 1116 480 1172 sed,
515 1116 577 1159 uti
603 1130 697 1159 mos
723 1115 864 1174 gentis
891 1115 1000 1159 illius
1031 1122 1117 1172 est,
1149 1117 1368 1175 equitare,
1403 1114 1604 1170 iaculari,
1639 1128 1740 1157 cur-

470 1259 502 1299 §.
524 1257 558 1291 6.
606 1256 746 1299 deinde]
784 1256 836 1289 lta
859 1256 1001 1298 plurimi
1024 1256 1213 1299 optimique
1237 1256 1336 1298 libri;
1360 1256 1419 1290 sed
1442 1255 1544 1289 Rem.
1569 1254 1602 1288 1.
1627 1253 1744 1288 Guelf.

380 1317 435 1351 11.
458 1316 607 1350 Merseb.
632 1316 714 1350 Riv.
739 1316 856 1349 Berol.
871 1315 904 1349 2.
927 1316 1069 1356 dehinc3
1092 1316 1126 1350 in
1149 1316 1288 1350 Fabric.
1306 1319 1422 1350 autem
1444 1314 1477 1348 1.
1496 1318 1531 1347 et
1547 1313 1580 1348 2.
1603 1314 1698 1347 Vrat.
1711 1312 1744 1345 1.

380 1377 498 1412 Guelf.
523 1376 556 1410 1.
590 1377 692 1410 Rem.
716 1375 751 1409 2.
786 1379 820 1408 et
842 1374 878 1408 in
909 1376 1006 1410 codd.
1029 1375 1127 1410 Rivii
1150 1380 1200 1409 est
1222 1376 1322 1417 dein,
1346 1375 1436 1418 quod
1459 1372 1594 1408 Cottius
1614 1377 1648 1407 et
1670 1375 1748 1418 post

377 1448 456 1470 eum
489 1446 606 1469 omnes
638 1434 759 1468 relicui
791 1438 1001 1478 receperunt.
1057 1434 1162 1469 Nobis
1184 1435 1221 1469 in
1244 1434 1411 1468 eiusmodi
1434 1434 1536 1467 rebus
1557 1433 1657 1467 codd.
1681 1443 1744 1467 eu-

377 1496 568 1532 ctoritatem
587 1494 775 1538 plurimum
792 1494 908 1527 valere
924 1494 1175 1528 declaravimus
1193 1495 1239 1528 ad
1256 1495 1330 1528 Cat.
1344 1494 1489 1535 xxxn,
1512 1493 1546 1527 l.

467 1557 543 1599 §.1
567 1554 816 1598 Dereliquerat‚
839 1557 878 1586 ut
899 1553 1003 1596 primi
1018 1553 1199 1595 edidimus,
1215 1565 1284 1587 non
1299 1553 1410 1586 solum
1426 1553 1461 1586 in
1480 1553 1576 1587 codd.
1595 1551 1745 1596 optimae

377 1619 476 1651 notae
495 1616 574 1650 Bas.
586 1615 617 1650 1.
635 1614 739 1648 Fabr.
749 1613 782 1646 1.
804 1613 883 1647 Sen.
894 1613 925 1646 1.
946 1613 1060 1649 Guelf.
1070 1613 1103 1648 5.
1119 1617 1153 1646 et
1174 1613 1267 1648 Leid.
1279 1613 1332 1654 L„
1348 1612 1406 1645 sed
1423 1611 1530 1647 etium
1548 1612 1582 1646 in
1599 1611 1744 1646 Febr-2.

380 1678 480 1710 Rem.
491 1676 523 1710 1.
533 1675 567 1709 2.
592 1674 697 1708 Aoad.
715 1674 783 1706 Inc.
797 1672 830 1706 2.
855 1672 972 1706 Struv.
991 1672 1129 1708 Vratisl.
1148 1672 1181 1705 1.
1206 1672 1240 1706 3.
1265 1672 1384 1706 Guelf.
1403 1671 1436 1704 3.
1459 1672 1495 1705 6.
1511 1673 1547 1706 7.
1569 1671 1629 1706 10.
1650 1670 1744 1705 Leid.

375 1736 418 1768 1).
438 1735 476 1768 E.
499 1733 540 1767 G.
562 1733 589 1766 1.
605 1736 639 1766 et
655 1731 756 1764 Minu.
774 1730 915 1774 legitur,
938 1732 1189 1775 quodammodo
1206 1732 1445 1766 accedentibus
1462 1731 1576 1765 Guelf.
1586 1730 1620 1764 2.
1638 1729 1695 1763 12.
1709 1731 1744 1762 et

375 1793 537 1834 Leid.K.‚
554 1791 614 1835 qui
626 1791 756 1825 habent
773 1791 984 1835 deliquerat3
1007 1791 1042 1825 in
1060 1791 1200 1826 relicuis
1217 1791 1375 1825 omnibns
1392 1793 1443 1824 est
1457 1790 1653 1834 reliquerat.
1675 1787 1743 1822 Sed

374 1852 602 1896 compositum
629 1854 764 1894 praeter
782 1851 981 1894 graviorem
1007 1851 1102 1884 codd.
1130 1851 1367 1885 auctoritatem
1388 1847 1491 1882 etiam
1510 1850 1647 1891 propter
1666 1857 1743 1880 sen-

377 1924 453 1946 sum
472 1912 583 1945 multo
605 1909 874 1943 commodiorem
898 1909 1169 1952 praeferendum.
1218 1908 1307 1942 Nam
1330 1917 1435 1949 quum
1462 1908 1569 1941 verba
1601 1917 1679 1940 cum
1700 1906 1743 1939 de

375 1970 625 2015 praepositione
641 1968 821 2002 coniuncta
838 1968 908 2001 vim
924 1967 1135 2011 simplicibus
1148 1967 1315 2001 maiorem
1333 1965 1516 2009 accipiant,
1543 1969 1581 1998 ut
1595 1964 1744 1999 ostendi-

374 2043 453 2065 mus
470 2031 514 2065 ml
532 2029 632 2064 Catil.
651 2028 758 2069 XXV,
785 2028 819 2062 3.
850 2039 883 2071 p.
897 2027 996 2068 121„
1035 2027 1071 2061 in
1094 2031 1254 2070 promptu
1278 2031 1328 2060 est
1349 2029 1561 2069 contemptus
1581 2027 1615 2058 et
1631 2023 1744 2068 negli-

374 2090 511 2134 gentiae
527 2088 699 2124 notionem
710 2112 720 2129 ‚
744 2087 792 2121 ita
814 2087 919 2120 verbo
935 2086 1087 2120 additam
1098 2110 1107 2127 ,
1142 2086 1287 2120 mirifice
1303 2085 1368 2118 loci
1383 2084 1570 2119 sententiae
1586 2083 1743 2117 conveni-

375 2161 424 2186 re.
469 2149 514 2182 cf.
539 2147 609 2182 Cic.
634 2148 735 2181 Brut.
761 2147 795 2187 4,
819 2147 875 2180 16.
913 2147 1069 2179 Seremus
1098 2146 1230 2189 aliquid
1259 2149 1423 2189 tanquam
1441 2146 1476 2178 ἰη
1499 2145 1677 2178 inculto
1700 2147 1743 2177 et

375 2212 454 2244 der
469 2210 606 2244 elicto
630 2208 721 2245 solo‚·
743 2206 787 2239 ad
811 2216 914 2248 quem
936 2205 1050 2239 locum
1074 2205 1268 2239 Ellendtius
1290 2204 1445 2248 apposite
1467 2202 1680 2247 comparavit
1701 2202 1744 2237 de

375 2270 416 2305 N.
440 2270 482 2303 D.
505 2270 532 2310 1,
558 2268 593 2310 5,
617 2267 672 2301 11.
697 2266 765 2299 Res
788 2265 1002 2299 desertae
1027 2276 1067 2298 ac
1091 2265 1360 2299 derelictae.
1407 2265 1482 2300 biv,
1503 2263 1662 2304 xxxlx,
1684 2261 1741 2304 5⁰,

373 2329 407 2364 5.
446 2329 561 2363 Vacua
580 2331 720 2372 praeter
741 2336 834 2369 spem
862 2326 1009 2370 ingressi
1037 2330 1173 2366 castra,
1209 2337 1297 2369 quae
1321 2325 1548 2359 derelicta
1571 2324 1660 2359 iuter
1679 2334 1742 2356 πο·

375 2393 530 2423 cturnam
559 2387 822 2431 trepidationem
852 2390 970 2425 erant,
1006 2385 1231 2428 diripuerunt.
1278 2385 1376 2427 Quae
1398 2383 1574 2426 exempla,
1608 2381 1739 2424 opinor,

375 2449 553 2483 ostendunt
573 2451 725 2480 nostram
748 2445 1011 2489 explicationem
1036 2455 1139 2486 quam
1154 2444 1349 2477 Doederlini
1371 2454 1444 2477 esse
1466 2440 1655 2482 veriorem,
1681 2440 1741 2484 qni

375 2508 410 2541 iu
433 2506 657 2551 Synonymm.
688 2506 775 2540 Lati.
802 2505 943 2540 v01.111.
967 2503 1089 2548 9290.
1113 2505 1344 2548 derelinquere
1365 2513 1443 2536 cum
1469 2501 1584 2543 aliqua
1599 2501 1740 2543 ¹vitupe-

374 2567 518 2601 rationis
538 2565 789 2611 significatione
807 2564 874 2598 dici
892 2567 1015 2606 censet,
1039 2564 1137 2598 cuius
1160 2565 1231 2598 vim
1254 2563 1289 2596 in
1312 2561 1498 2596 vernacula
1518 2571 1584 2593 vox
1609 2559 1736 2593 leider!

375 2625 523 2661 orationi
552 2625 730 2660 interiecta
762 2624 954 2668 exprimere
986 2624 1110 2659 valeat.
1172 2623 1290 2658 Cultus
1311 2620 1392 2664 quid
1415 2619 1661 2663 complectatur
1683 2617 1736 2650 di-

377 2690 470 2720 ctum
494 2685 536 2719 ad
560 2684 661 2718 catil.
684 2684 839 2724 xnvm,
865 2683 895 2717 2.
924 2696 957 2727 p.
976 2682 1055 2716 220,
1081 2701 1124 2707 -—
1157 2682 1207 2714 De
1230 2681 1355 2715 habere
1377 2679 1484 2713 verbo
1509 2689 1541 2711 v.
1566 2677 1610 2711 ml
1634 2676 1735 2711 catil.
