1826 3276
385 215 439 255 14
746 209 790 252 G.
819 208 1138 252 SALLUSTI
1165 207 1386 254 GRISPI

383 326 527 370 virtuti
560 325 704 369 honos
729 323 877 378 datur,
922 323 1068 381 neque
1100 322 1184 377 illi,
1228 323 1386 381 quibus
1420 337 1503 385 per
1535 325 1742 371 fraudem

380 494 502 524 stremo
518 498 585 530 quo
602 497 701 520 sensu
718 485 847 519 dictum
863 483 925 525 sit,
948 483 1144 518 monuimus
1167 484 1212 518 ad
1235 485 1336 519 Catil.
1355 497 1384 520 c.
1395 487 1502 530 XVII,
1513 487 1548 523 6.
1566 487 1676 533 11:73.
1697 507 1741 515 —-

383 548 561 592 Cupiunda
578 546 601 579 i.
619 556 649 578 e.
666 543 772 588 digna
785 554 873 586 quae
890 546 1113 586 expetantur,
1135 543 1210 577 sive
1226 545 1412 588 optabilia,
1436 546 1479 579 de
1493 557 1563 589 qua
1581 547 1742 592 particip-

378 609 442 642 sut,
460 617 546 650 pass.
566 607 731 648 potestate
749 602 895 656 diximus
912 603 956 636 ad
975 603 1051 640 Cat.
1068 615 1098 636 c.
1119 604 1165 644 X,
1184 602 1218 639 2.
1237 614 1272 646 p.
1288 602 1344 636 52.
1391 603 1527 638 Tamen
1540 606 1618 640 leve
1636 617 1742 652 zeug-

378 678 436 700 ma
456 667 492 699 h.
514 666 535 698 I.
559 665 726 706 habetur,
751 673 858 706 quum
876 663 1046 706 cupiunda
1063 662 1299 697 tantummodo
1319 663 1363 696 ad
1382 662 1450 698 duo
1466 663 1586 707 priora
1602 665 1744 701 nomina

377 729 537 760 accurate
564 723 756 768 pertineat,
786 723 854 756 hoc
881 722 954 756 t'ere
981 733 1099 757 sensu:
1122 733 1231 765 neque
1251 733 1346 767 mag.
1371 726 1405 758 et
1430 723 1516 766 imp.
1541 724 1742 769 expetenda,

375 796 485 829 neque
510 783 650 818 omnino
681 793 765 816 cura
795 793 916 815 rerum
944 782 1040 825 publ.
1064 781 1289 825 suscipienda.
1335 781 1382 816 ci.
1400 783 1445 816 ad
1460 783 1562 819 Catil.
1579 795 1610 820 c.
1631 784 1688 825 LI,
1707 783 1742 820 8.

375 850 410 880 et
433 845 467 878 9.
500 863 547 869 —-
583 843 769 884 Quoniam,
799 842 890 885 quod
915 842 1105 875 Muellerus
1131 840 1291 884 imperite
1319 840 1412 876 idem
1440 853 1515 877 esse
1540 842 1624 877 dicit
1649 844 1743 887 quod

375 916 478 950 quum
502 904 722 948 praesertim,
757 901 1004 945 explicavimus
1029 901 1073 935 ad
1097 901 1174 935 Cat.
1202 913 1231 935 c.
1258 901 1432 941 xxxvn.
1451 903 1484 939 ὃ,
1515 914 1549 947 p.
1568 903 1648 938 171.
1693 904 1740 937 cf.

374 967 527 1008 Herzog.
549 963 594 996 ad
613 975 643 997 c.
661 963 692 1004 I,
712 962 746 998 3.
777 963 836 1006 qui
867 962 960 996 haud
980 962 1072 995 male
1092 963 1227 1002 monet,
1250 960 1316 994 ista
1333 961 1504 1004 particula
1519 972 1677 997 caussam
1693 962 1741 997 si-

374 1020 551 1069 gnificari,
582 1022 618 1056 in
634 1024 736 1056 rebus
755 1023 858 1056 factis
875 1024 1072 1064 certumque
1090 1024 1252 1054 eventum
1272 1021 1481 1057 habentibus
1499 1022 1660 1066 positam.
1704 1033 1740 1056 v.

373 1085 464 1119 infra
500 1095 531 1117 c.
565 1083 656 1124 XIV,
689 1081 724 1114 3.
769 1081 891 1124 XXIV,
928 1081 984 1114 10.
1014 1081 1144 1123 XXXI,
1175 1080 1234 1114 21.
1267 1081 1412 1123 XXXII,
1443 1081 1478 1116 5.
1511 1082 1671 1124 LXXIX,
1702 1082 1738 1117 1.

371 1143 545 1183 LXXXII,
565 1142 598 1175 1.
620 1159 666 1165 —-
689 1134 850 1174 ceterum
874 1140 961 1173 haec
986 1141 1079 1174 haud
1108 1140 1212 1173 dubie
1236 1140 1279 1172 de
1307 1151 1349 1174 eo
1369 1144 1526 1184 tempore
1540 1141 1738 1182 dictasunt,

371 1213 440 1246 quo
460 1202 658 1245 respublica
681 1203 756 1244 post
773 1199 932 1233 Caesaris
949 1200 1088 1233 caedem
1109 1210 1219 1243 paene
1241 1199 1406 1235 exstincta
1424 1201 1469 1234 ab
1486 1200 1645 1242 Antonio,
1670 1201 1738 1234 Lo-

370 1263 451 1307 pido
479 1266 514 1295 et
537 1261 729 1295 Octaviano
757 1260 996 1300 lacerabatur;
1019 1270 1100 1293 nam
1125 1262 1199 1293 tum
1221 1260 1321 1293 bonis
1347 1260 1506 1296 omnibus
1530 1256 1738 1305 gravissima

370 1332 524 1365 quaeque
550 1323 648 1354 erant
675 1320 845 1361 timenda,
877 1322 911 1353 et
936 1330 1005 1362 quo
1029 1319 1105 1362 quis
1133 1323 1208 1353 crat
1234 1321 1426 1364 promptior
1446 1320 1492 1356 ad
1519 1320 1677 1355 facinora
1703 1323 1738 1354 et

370 1383 407 1416 in
437 1381 539 1415 malis
564 1380 696 1415 artibus
718 1379 952 1420 exercitatior,
986 1389 1027 1411 eo
1062 1378 1197 1412 maiora
1228 1378 1400 1422 nequitiae
1431 1379 1590 1423 praemia
1617 1390 1735 1414 eonse-

367 1442 558 1486 quebatur,
592 1451 801 1483 quamquam
829 1439 865 1472 in
890 1442 963 1472 tam
986 1437 1132 1472 turbidis
1155 1438 1257 1472 rebus
1285 1449 1353 1472 non
1379 1439 1508 1474 licebat
1529 1439 1622 1484 male
1653 1450 1735 1484 par-

368 1502 413 1536 tis
446 1501 624 1534 commode
644 1494 687 1534 *ct
714 1510 832 1534 secure
860 1497 943 1532 frui.
997 1498 1045 1531 Ut
1069 1501 1185 1532 autem
1211 1501 1343 1532 certum
1373 1503 1426 1534 est
1449 1499 1539 1533 baec
1565 1501 1646 1533 ante
1669 1509 1734 1543 pu-

367 1572 473 1606 gnam
499 1560 675 1595 Actiacam
701 1570 775 1593 esse
801 1558 947 1601 scripta,
986 1567 1055 1600 qua
1087 1568 1224 1592 summa
1257 1569 1375 1592 rerum
1403 1558 1534 1603 potitus
1558 1558 1735 1603 Augustus

366 1622 542 1655 civitatem
578 1619 696 1654 multis
732 1617 990 1661 tempestatibus
1030 1616 1194 1652 iactatam
1235 1621 1270 1652 et
1305 1621 1567 1661 conquassatam
1605 1619 1732 1654 contir-

365 1692 463 1715 mare
485 1683 518 1714 ct
543 1679 587 1713 ad
613 1678 794 1712 meliorem
819 1680 948 1711 statum
971 1677 1136 1710 reducere
1165 1678 1316 1722 studuit,
1341 1678 1392 1712 ita
1414 1689 1483 1722 quo
1505 1681 1658 1722 spectent
1677 1689 1733 1714 so-

363 1740 522 1784 quentia‚
562 1749 645 1772 nam
676 1739 713 1770 vi
749 1737 885 1782 quidem
919 1754 966 1760 —
992 1737 1220 1780 portendant,
1263 1738 1352 1772 mihi
1382 1749 1451 1772 non
1480 1737 1583 1782 plane
1610 1737 1730 1782 liquet.

363 1802 545 1834 Caesarem
569 1798 706 1841 quidem
727 1796 843 1830 notari
864 1806 946 1829 cum
967 1795 1109 1830 Tellero
1130 1796 1298 1842 Langias,
1321 1797 1490 1834 Miillerus
1511 1801 1546 1832 et
1567 1798 1730 1832 leuman-

361 1871 424 1894 nus
447 1854 609 1899 statuunt,
633 1858 740 1891 verba
763 1857 890 1890 delicta
913 1857 1067 1901 corrigas
1087 1858 1131 1891 ad
1153 1858 1308 1891 salubres
1330 1857 1404 1891 eius
1424 1857 1531 1900 leges,
1554 1855 1640 1891 mite
1660 1855 1730 1890 im-

361 1918 496 1964 perium
524 1927 764 1958 summamque
792 1916 1011 1949 clementiam
1040 1917 1246 1957 referentes,
1283 1926 1352 1958 qua
1381 1915 1481 1960 regni
1502 1915 1539 1949 vi
1569 1916 1729 1960 occupati

361 1966 501 2021 culpam
532 1975 814 2018 compensaverit.
867 1974 936 2008 Sed
966 1986 1073 2019 quum
1104 1979 1224 2009 auctor
1246 1975 1282 2008 in
1317 1974 1523 2019 antegressis
1543 1978 1663 2018 aperte
1685 1973 1728 2010 de

358 2037 489 2072 seriore
520 2038 674 2078 tempore
695 2034 841 2074 dixerit,
874 2045 983 2077 neque
1002 2035 1074 2068 ullo
1108 2035 1211 2068 modo
1233 2045 1271 2069 se
1292 2035 1335 2068 ad
1358 2034 1515 2078 superius
1535 2037 1670 2077 tempus
1692 2037 1727 2068 et

360 2098 405 2132 ad
427 2097 611 2130 Caesarem
638 2094 753 2128 redire
776 2093 1046 2138 significaverit,
1081 2094 1145 2128 sub
1167 2094 1271 2127 finem
1294 2105 1376 2129 vero
1399 2094 1456 2138 (c.
1476 2094 1534 2137 IV,
1556 2093 1580 2128 7
1599 2111 1646 2119 -
1661 2093 1724 2137 9.)

359 2157 485 2192 iterum
515 2155 558 2188 de
588 2164 650 2188 sua
682 2156 794 2187 aetate
816 2154 995 2195 loquatur,
1025 2153 1114 2187 mihi
1145 2155 1351 2197 persuadere
1379 2164 1447 2188 non
1477 2163 1636 2197 possum,
1657 2153 1725 2187 ista

358 2217 465 2251 verba
486 2216 528 2248 de
552 2214 699 2248 Caesare
718 2212 942 2256 intelligenda
964 2223 1048 2248 esse.
1092 2213 1213 2256 Neque
1235 2217 1496 2248 consentaneum
1518 2215 1581 2254 est,
1607 2211 1725 2246 Sallu-

355 2276 462 2311 stium
484 2275 536 2309 ita
556 2274 599 2308 de
620 2284 662 2308 eo
685 2271 873 2313 iudicasse,
903 2271 934 2306 si
954 2272 1167 2316 reputaveris
1190 2276 1224 2306 et
1244 2272 1368 2315 quibus
1389 2272 1443 2306 illi
1464 2271 1640 2306 beneficiis
1660 2271 1721 2305 ob-

355 2337 492 2372 strictus
513 2334 628 2375 fuerit,
650 2335 685 2366 et
707 2331 842 2374 quantis
864 2331 1024 2366 laudibus
1046 2343 1126 2367 eum
1145 2332 1182 2366 in
1205 2333 1351 2367 Catilina
1372 2332 1560 2367 ornaverit.
1603 2332 1722 2375 Quare

354 2397 443 2431 haec
466 2397 572 2430 verba
592 2404 702 2436 neque
724 2392 769 2426 ad
792 2392 986 2436 Caesarem,
1019 2403 1130 2435 neque
1151 2393 1196 2427 ad
1219 2396 1328 2428 certos
1346 2393 1513 2437 quosdam
1536 2391 1623 2426 alios
1645 2402 1719 2435 spe-

354 2460 451 2491 ctare
471 2455 648 2494 videntur,
671 2452 728 2486 sed
753 2450 959 2485 Sallustium
981 2455 1076 2495 puto,
1099 2456 1138 2486 ut
1159 2455 1318 2498 generali
1338 2452 1507 2488 sententia
1528 2451 1720 2486 ostenderet

353 2513 487 2547 nullam
510 2523 552 2545 ex
573 2511 703 2554 tribus,
740 2511 864 2554 quibus
886 2515 959 2545 tum
989 2511 1035 2546 ad
1055 2513 1224 2555 rempubl.
1247 2513 1407 2547 accedere
1429 2510 1584 2552 licuerit,
1621 2510 1717 2544 viam

353 2570 660 2607 commendabilem
685 2572 801 2610 fuisse,
822 2571 872 2605 ita
895 2575 1175 2616 argumentatum
1197 2583 1289 2605 esse:
1314 2571 1467 2605 involare
1489 2570 1525 2604 in
1544 2571 1714 2613 rempubl.

353 2636 389 2668 et
410 2633 447 2666 vi
467 2632 569 2666 malis
583 2632 723 2666 modum
746 2634 907 2672 statuere,
930 2641 1140 2675 quamquam
1158 2632 1194 2664 in
1215 2631 1272 2665 his
1290 2630 1398 2665 turbis
1415 2634 1450 2664 et
1471 2629 1619 2664 miseriis
1636 2630 1714 2664 lau-

353 2692 470 2727 dabile
491 2692 663 2735 inceptum
685 2691 795 2725 videri
818 2691 935 2734 possit,
958 2694 1074 2725 tamen
1095 2691 1263 2725 invidiam
1284 2691 1403 2732 habet,
1427 2701 1537 2734 neque
1558 2689 1632 2723 eine
1651 2700 1714 2722 no-

354 2752 408 2788 vis
429 2751 538 2788 turbis
557 2750 633 2786 fieri
654 2754 788 2795 potest;
812 2749 854 2787 iis
877 2761 972 2794 vero,
996 2750 1055 2795 qui
1077 2751 1243 2795 rempubl.
1267 2760 1465 2794 oppressam
1486 2749 1615 2786 habent
1638 2749 1712 2783 fru-
