1826 3276
495 136 859 181 IUGURTHA.
920 136 1051 181 GAP.
1083 135 1210 180 XXI.
1459 140 1544 182 135

140 257 238 304 Sed
294 262 539 318 postquam
590 255 783 301 Senatus
841 255 900 300 de
951 253 1075 300 bello
1130 267 1288 298 eorum
1345 254 1575 314 accepit‚4

137 361 227 399 tres
266 354 580 399 adulescentes
627 354 673 397 iu
720 353 922 398 Africam
965 353 1202 413 legantur,
1258 351 1336 409 qui
1379 351 1539 396 ambos

135 466 270 512 reges
323 451 488 497 adeant
507 484 523 508 ‚
579 451 772 496 Senatus
825 450 1082 511 populique
1133 449 1335 494 Romani
1391 449 1539 494 verbis

134 549 346 594 nuncient
393 549 509 595 velle
556 553 602 593 et
651 563 838 592 censere
884 562 961 592 eos
1006 547 1065 592 ab
1111 547 1243 591 armis
1288 546 1538 604 discedere,

137 728 327 762 Tiberio
351 731 397 762 et
415 724 635 774 'Augusta
654 725 942 766 cohibitam·
964 735 1048 760 nam
1070 724 1150 769 quin
1182 735 1252 758 non
1283 724 1378 760 videt
1412 726 1537 772 Augu-

131 794 209 825 stae
231 800 308 823 eene
330 787 562 823 scabendum.
592 787 672 822 Alia
695 798 752 822 re·
774 790 838 828 eat,
856 786 918 821 ubi
939 785 978 821 in
1004 797 1175 831 personae
1198 787 1534 822 commemoratione

130 861 200 885 non
230 853 305 884 tam
337 848 414 884 oiu-
446 850 610 884 voluntae
643 852 677 883 et
705 847 915 891 consilium,
947 859 1055 892 quam
1079 858 1188 892 opera
1210 859 1273 882 eeu
1296 847 1532 884 ministerium

130 915 166 947 et
196 911 290 947 actio
324 910 534 956 respicitur,
564 911 680 954 eaque
712 909 839 944 effecta
869 909 921 944 rei
958 909 1139 950 condicio,
1164 908 1265 943 cuius
1286 910 1429 955 generis
1454 922 1535 944 sen-

129 973 259 1010 tentiae
289 974 365 1008 sine
397 971 655 1018 praepositione
686 971 931 1006 enunciantur.
989 970 1218 1015 Singularem
1249 969 1285 1004 in
1313 982 1353 1005 re
1383 970 1534 1006 militari

127 1045 231 1070 usum
253 1045 296 1069 ex
319 1034 442 1068 eodem
466 1035 563 1069 fonte
584 1033 812 1076 repetendum
836 1032 1095 1067 illustravimus
1117 1031 1162 1066 ad
1187 1031 1264 1067 cat.
1288 1032 1407 1074 nvn,
1439 1032 1474 1067 4.
1498 1043 1535 1076 p.

126 1095 209 1131 301.
232 1095 278 1132 ef.
301 1095 420 1131 Hand.
439 1096 483 1130 de
506 1094 657 1129 Particc.
688 1095 780 1129 Lau.
803 1094 881 1128 vol.
905 1094 932 1128 Ι.
957 1105 991 1138 p.
1015 1092 1063 1129 25
1085 1105 1137 1138 eq.
1163 1092 1282 1127 Tacit.
1312 1093 1402 1130 Anu.
1436 1094 1532 1137 xlv,

126 1155 173 1201 8,
195 1156 230 1192 4.
257 1157 460 1203 Agrippina
484 1157 625 1202 respicit
647 1143 841 1191 Anicetu‘m
865 1155 1149 1190 trierarcho
1174 1159 1220 1189 et
1253 1155 1532 1190 centurione

127 1219 419 1260 comitatum,
454 1218 499 1253 de
531 1229 601 1262 quo
624 1218 702 1251 loco
726 1216 869 1251 uberius
891 1215 965 1251 dixi
986 1217 1022 1252 iu
1046 1215 1193 1252 Diurnis
1214 1215 1343 1250 scholl.
1369 1226 1400 1250 a.
1425 1214 1531 1250 1831.

125 1280 220 1316 Soet.
243 1281 289 1316 11.
313 1280 357 1316 Ν.
381 1280 439 1318 13.
463 1292 498 1325 p.
519 1279 568 1315 99
590 1291 667 1323 sqq.
689 1279 736 1313 ct'.
759 1278 851 1323 Nep.
875 1278 978 1312 Dion.
1003 1290 1035 1313 c.
1059 1278 1088 1312 V
1103 1303 1114 1320 ‚
1137 1276 1171 1312 5.
1198 1277 1290 1310 Dion
1314 1277 1376 1311 iis
1398 1277 1531 1322 ipsis,

124 1342 186 1388 qm·
206 1342 270 1377 sub
294 1341 491 1377 adversarii
505 1343 657 1386 fuerant
676 1345 871 1385 potestate,
902 1339 1022 1386 regias
1044 1339 1187 1385 spiritus
1210 1338 1398 1383 expressit,
1429 1338 1531 1374 cuiue

122 1403 196 1438 loci
224 1402 398 1438 retionem
421 1413 502 1437 cum
525 1404 648 1436 nostra
670 1401 894 1436 coniunctam
917 1402 1006 1436 bene
1027 1400 1203 1446 perspexit
1224 1399 1420 1437 naehniue.
1467 1399 1529 1435 vi-

123 1464 276 1500 dendum
298 1465 413 1512 igitur
434 1475 481 1500 an
503 1475 573 1499 non
595 1463 691 1508 apud
713 1463 840 1508 Pomp.
862 1463 998 1498 Melam
1022 1463 1091 1507 Ill,
1114 1462 1159 1506 6,
1191 1461 1239 1496 in.
1271 1461 1315 1494 In
1341 1461 1529 1496 Lusitania

124 1526 295 1571 Erythia,
318 1537 426 1572 quam
452 1526 661 1571 Geryone
690 1524 969 1559 habitatam
992 1524 1208 1570 accepimus,
1241 1522 1382 1557 defendi
1405 1522 1530 1568 possit,

123 1586 297 1632 eiquidem
319 1587 438 1633 magis
459 1587 605 1621 effectus
626 1585 702 1627 rei,
725 1596 833 1629 quam
852 1586 1015 1621 voluntas
1038 1585 1113 1620 eius
1137 1583 1344 1620 efficiendae
1366 1585 1527 1620 declara—

124 1651 194 1683 tur.
239 1648 367 1684 Nostro
389 1650 510 1683 autem
532 1647 613 1681 loco
635 1647 835 1691 corruptela
859 1646 941 1681 inde
963 1650 1062 1690 orta,
1092 1646 1187 1691 quod
1209 1645 1421 1691 praepositio
1453 1645 1525 1691 pri-

124 1708 194 1744 mia
233 1709 363 1745 litteri-
393 1708 566 1744 adherbal
595 1706 749 1742 nominis
780 1708 949 1753 absorpta
978 1712 1042 1744 eet.
1075 1727 1122 1734 —
1155 1708 1272 1753 Quem
1307 1708 1449 1743 Cortius
1481 1719 1525 1742 ex

122 1770 345 1815 paucissimi·
376 1769 477 1805 codd.
509 1768 672 1804 exhibuit
703 1769 896 1804 verborum
927 1769 1086 1804 ordinem
1125 1769 1276 1804 Romam
1320 1765 1527 1803 Adherbale

121 1832 243 1867 missos
275 1831 488 1867 Gerlachius
519 1830 598 1865 iure
626 1830 781 1875 reliquit.
827 1830 1034 1866 Ridiculum
1057 1834 1109 1866 est
1129 1829 1246 1873 enim,
1270 1830 1365 1874 quod
1388 1830 1452 1865 ille
1477 1830 1524 1865 ad

119 1891 428 1938 trampoeifionom
458 1891 712 1926 defendendam
746 1892 833 1928 dicit
864 1891 1074 1928 Sallustium
1104 1892 1289 1938 eleganter
1334 1891 1525 1927 terminum

121 1953 168 1990 nd
191 1964 297 1999 quem
318 1953 436 1999 primo
458 1954 539 1988 loco
561 1964 693 1998 ponere
713 1954 838 1989 solere.

211 2015 245 2058 ς.
271 2012 307 2050 4.
353 2018 427 2050 tres
457 2013 709 2060 adulescentes]
738 2015 962 2051 Intoleranda
991 2011 1166 2056 audacia,
1190 2013 1248 2048 vel
1270 2013 1388 2058 potius
1411 2012 1522 2049 iucre—

119 2073 223 2110 dibili
252 2073 378 2110 iudicii
406 2076 637 2122 perversitate
666 2075 806 2111 fortius
839 2077 929 2111 haec
963 2077 1074 2112 verba
1105 2086 1170 2121 pro
1207 2075 1338 2121 spuriis
1378 2075 1520 2118 hahuit,

118 2136 206 2181 quia
234 2136 273 2172 in
304 2147 376 2172 uno
405 2137 484 2172 eod.
514 2137 662 2172 Eccard.
687 2137 778 2172 iuter
798 2149 922 2173 versus
943 2141 1158 2184 comparent.
1204 2137 1291 2173 Inde
1312 2136 1455 2172 coniicit
1478 2137 1522 2172 li-

119 2197 278 2241 brarios,
298 2209 409 2243 quum
431 2209 462 2233 c.
486 2199 605 2241 XXV,
628 2199 663 2234 4.
689 2198 726 2233 in
748 2199 863 2234 altera
899 2200 1080 2247 legatione
1110 2200 1261 2235 maiores
1291 2203 1381 2233 natu
1413 2197 1522 2233 fuisse

118 2258 298 2305 legissent,
319 2270 364 2294 ex
385 2259 450 2295 illo
470 2260 551 2295 loco
573 2264 757 2296 auctorem
779 2261 966 2297 emendare
988 2262 1156 2304 voluisse,
1178 2259 1386 2306 praesertim
1410 2270 1521 2304 quum

118 2321 212 2356 uude
251 2321 422 2366 legantur
463 2321 524 2366 qm·
555 2323 721 2357 nuncient
757 2322 831 2357 dici
858 2334 928 2358 non
958 2335 1062 2368 posse
1093 2324 1329 2359 autumarent.
1377 2321 1519 2364 Credat,

118 2381 182 2427 qm'
202 2381 309 2416 velit!
335 2401 380 2407 —
405 2381 533 2416 Ambo·
555 2392 676 2417 omnes
699 2384 786 2419 libri
808 2388 966 2429 tuentur,
996 2386 1064 2421 nisi
1087 2386 1182 2430 quod
1205 2382 1325 2419 Guelt’.
1351 2381 1386 2417 4.
1410 2394 1444 2418 a.
1469 2394 1518 2417 m.

116 2454 172 2488 pr.
194 2443 306 2478 habet
332 2443 456 2485 ambo,
480 2452 588 2487 quam
612 2444 766 2480 formam
788 2446 930 2481 Cortiua
955 2451 996 2482 ut
1016 2446 1251 2491 antiquiorem
1275 2444 1403 2490 cupide
1424 2444 1517 2480 arri-

117 2503 207 2549 puit.
251 2504 420 2539 Haribus
442 2504 614 2549 bonisque
635 2505 738 2541 libris
759 2506 939 2543 firmatam
971 2507 1050 2553 ipae
1081 2508 1292 2553 probarem,
1322 2509 1443 2541 motus
1473 2506 1520 2541 iis

116 2576 210 2610 quae
237 2565 334 2602 θοή.
365 2566 412 2601 ad
444 2566 518 2601 Cic.
549 2568 638 2612 Epp.
662 2567 708 2602 ad
730 2568 871 2603 Famm.
895 2569 967 2611 lx,
990 2568 1058 2613 13,
1081 2567 1116 2605 3.
1140 2568 1311 2603 Goerenz.
1335 2568 1380 2602 ad
1404 2568 1519 2613 Legg.

118 2626 192 2668 m,
215 2626 282 2671 13,
306 2626 365 2663 30.
389 2627 588 2663 Gemhard.
612 2628 658 2663 ad
684 2629 783 2664 Iaael.
807 2641 838 2664 e.
861 2628 907 2672 5,
928 2629 988 2666 2⁰.
1012 2633 1050 2664 et
1072 2629 1340 2665 Drakenborch.
1370 2630 1416 2665 ad
1439 2630 1516 2665 Liv.

119 2687 266 2731 XXXV,
290 2688 350 2731 21,
372 2687 408 2724 5.
433 2692 662 2732 monuerunt;
686 2689 748 2724 sed
769 2689 845 2725 eine
867 2690 965 2726 eodd.
989 2689 1080 2726 nihil
1106 2692 1326 2726 mutandum.
1344 2711 1390 2717 -
1413 2692 1446 2725 V
1450 2703 1519 2726 er-

123 2747 194 2783 bis
219 2749 428 2786 alieuius
451 2751 544 2787 idem
568 2751 765 2798 signifieat,
789 2752 883 2798 quod
905 2753 1114 2789 recentiores
1137 2753 1261 2791 dicunt
1282 2753 1432 2789 alicuius
1457 2764 1520 2787 no-
