1826 3276
457 165 826 210 IUGURTHA.
887 163 1019 209 CAP.
1046 164 1124 208 IV.
1286 167 1288 170 ’
1437 172 1494 212 21

92 300 325 347 quaerere.
396 284 488 340 Qui
521 284 559 328 si
592 282 901 344 reputaverint
930 288 976 327 et
1003 282 1164 342 quibus
1194 297 1286 344 ego
1313 289 1531 344 tempo-4

92 384 213 430 ribus
249 382 536 445 magistratus
572 380 767 441 adeptus
810 396 934 437 sum,
976 386 1022 425 et
1061 381 1216 440 quales
1252 381 1334 425 viri
1374 380 1498 425 idem

91 482 268 542 assequi
301 480 604 540 nequiverint,
643 485 689 524 et
721 484 881 540 postea
915 494 1032 538 quae
1063 494 1233 540 genera
1263 478 1499 524 hominum

90 638 190 684 plebi
212 637 403 683 praebitis5
438 635 485 672 cf.
511 634 584 671 Cic.
610 634 654 668 de
682 629 757 668 Off.
775 634 831 676 11,
849 633 915 678 16,
937 633 999 671 55.
1034 634 1129 671 Plin.
1149 634 1243 670 nist.
1262 634 1343 671 Nat.
1364 634 1419 678 X,
1437 635 1497 670 1⁰.

91 698 206 732 Coum.

182 760 216 802 §.
234 757 269 793 4.
316 758 466 802 adeptus
494 756 595 801 uum]
627 755 864 790 Indicativum
891 756 1036 801 plurimi
1065 757 1234 801 praebent
1257 757 1370 792 Curtii
1397 757 1496 804 libri,

90 821 229 864 praeter
250 818 368 853 Guelf.
387 819 420 852 1.
441 816 477 854 5.
503 818 592 852 Eec.
614 818 711 854 Vrat.
734 819 790 860 1.;
817 819 862 853 ad
890 819 960 852 hoc
980 817 1010 852 is
1028 819 1152 852 modus
1183 822 1236 853 est
1259 818 1295 852 in
1313 819 1385 853 Erl.
1403 819 1496 865 Teg.

88 879 173 915 Bas.
193 878 217 914 2
247 878 283 915 3.
299 879 407 914 Bern.
425 878 460 914 2.
480 879 518 914 4.
535 878 679 915 Turice.
695 885 730 915 et
749 880 785 914 in
802 881 882 926 Vat.
902 878 936 916 1.
960 878 996 914 2.
1015 878 1050 914 3.
1070 878 1104 915 4.
1121 878 1157 914 5.
1177 879 1213 914 6.
1238 880 1333 915 Med.
1353 880 1387 914 2.
1405 879 1440 916 5.
1461 881 1498 916 6.

88 940 124 976 7.
147 939 182 974 9.
206 941 265 975 11.
310 941 396 976 Ven.
419 940 455 976 3.
494 940 605 977 Barb.
629 939 664 975 5.
706 941 808 983 Flor.
831 942 867 977 4.
908 941 1028 976 Berol.
1055 941 1089 976 l.
1113 945 1149 975 et
1173 941 1296 976 Goerl.
1353 940 1499 976 Relicui

88 1013 209 1036 omnes
233 1001 354 1037 Loidd.
379 1002 483 1037 Grut.
513 1002 631 1037 Wass.
665 1006 701 1038 et
732 1002 849 1038 Italici
881 1002 966 1037 libri
998 1003 1064 1038 eim
1096 1006 1247 1037 tuentur.
1296 1002 1498 1037 Coniuncti-

89 1075 174 1097 vum
204 1063 415 1098 Gerlachius
448 1063 484 1097 in
517 1067 668 1108 utraque
697 1064 752 1100 ed.
785 1063 822 1098 in
855 1067 988 1106 textum
1018 1065 1172 1110 recepit,
1210 1074 1426 1108 quamquam
1461 1063 1498 1098 in

89 1125 301 1162 Commentt.
323 1137 358 1170 p.
383 1124 465 1162 219.
499 1124 753 1167 indicativum,
784 1137 883 1160 more
907 1126 1124 1161 Graecorum
1156 1124 1309 1159 orationi
1332 1124 1499 1169 obliquae

87 1186 354 1231 interpositum,
382 1187 600 1221 Sallustiana
631 1186 770 1221 dicendi
804 1186 927 1233 generi
956 1192 1229 1221 consentaneum
1255 1198 1329 1220 esse
1352 1186 1499 1230 profite-

24 1254 29 1259 ¹
89 1252 158 1284 tur.
205 1249 277 1283 Pro
307 1247 511 1294 graccismo
543 1247 651 1282 istam
681 1252 894 1283 structuram
918 1248 1027 1282 etiam
1051 1247 1296 1293 Heusingerus
1319 1247 1427 1281 habet
1451 1248 1496 1282 ad

89 1311 162 1345 Cic.
181 1310 254 1346 off.
274 1311 303 1354 1,
324 1311 360 1354 7,
372 1309 408 1346 6.
431 1322 545 1355 neque
567 1311 614 1345 ab
638 1321 680 1345 ea
704 1309 876 1345 sententia
900 1310 1036 1344 alienus
1059 1309 1201 1344 videtur
1223 1309 1427 1343 Frotscher.
1452 1309 1497 1343 ad

88 1372 259 1418 Quinctil.
269 1371 358 1415 X,l‚
370 1372 401 1406 1.
426 1371 503 1416 [ubi
519 1372 570 1407 sic
585 1371 775 1418 legendum
793 1371 971 1415 suspicor:
994 1371 1196 1405 accesserit:
1223 1383 1328 1416 quam
1346 1371 1497 1404 scribew

89 1435 134 1470 do
155 1434 322 1480 potius
345 1445 394 1468 aa
414 1453 463 1459 —
485 1446 614 1468 consec.
639 1432 725 1478 Flu]
757 1432 826 1467 Sed
847 1432 952 1467 istam
972 1433 1148 1468 rationem
1169 1444 1213 1467 ne
1232 1443 1357 1466 veram
1375 1436 1496 1476 putem

89 1507 132 1532 eo
150 1506 377 1541 permoveor,
403 1495 498 1539 quod
513 1495 728 1530 indicativus
745 1494 780 1529 in
801 1493 876 1529 istis
891 1494 1061 1539 exemplis
1084 1506 1187 1528 sensu
1210 1495 1316 1538 plane
1339 1494 1498 1528 diversus

90 1561 143 1592 est
164 1557 210 1592 ab
233 1555 477 1599 coniunctivo;
509 1556 728 1602 graecismus
757 1560 876 1591 autem
900 1567 945 1591 ea
968 1559 1107 1590 tantum
1129 1555 1344 1590 constructio
1375 1556 1497 1590 vocari

89 1606 224 1664 potest,
257 1629 366 1662 quae,
396 1630 507 1663 quum
539 1618 657 1654 Latini
687 1618 860 1653 sermonis
889 1618 1093 1663 analogiam
1124 1617 1223 1662 sequi
1246 1618 1416 1660 debebat,
1450 1618 1497 1652 ad

92 1679 250 1714 Graecae
271 1678 417 1723 linguae
441 1679 659 1726 singularem
682 1692 784 1714 usum
809 1680 1032 1714 conformata
1054 1682 1126 1721 eet,
1162 1690 1267 1713 seusu
1290 1684 1410 1713 tamen
1427 1690 1496 1712 non

91 1744 240 1775 mutato.
289 1739 422 1784 Igitur,
446 1744 485 1774 ut
507 1740 633 1784 paucis
650 1740 786 1783 dicam,
809 1740 1039 1775 indicativum
1063 1751 1274 1786 praegressa
1296 1739 1495 1784 interroga-

91 1802 167 1837 tiva
189 1800 434 1835 enunciatione
455 1806 530 1836 tum
553 1805 687 1846 ponunt
711 1801 847 1843 Latini,
871 1801 934 1835 ubi
957 1801 1187 1845 posteriorem
1213 1801 1496 1836 enunciationem

91 1863 142 1898 ita
172 1863 296 1897 volunt
329 1861 476 1904 efferre,
507 1867 546 1896 ut
580 1874 650 1896 non
681 1862 727 1896 ab
763 1861 839 1896 eius
870 1861 1042 1906 subiecti,
1073 1862 1167 1907 quod
1198 1863 1409 1907 primarium
1432 1867 1497 1905 est,

92 1924 308 1972 cogitatione
332 1926 415 1968 apta
438 1923 500 1964 sit,
523 1923 583 1957 sed
607 1927 646 1957 ut
669 1935 726 1957 res
749 1923 911 1957 absolute
934 1923 1050 1967 posita
1073 1936 1155 1958 vere
1179 1936 1252 1958 esse
1274 1925 1497 1970 intelligatur

90 1987 236 2031 eiusque
267 1984 398 2020 veritas
429 1983 576 2029 gravius
611 1987 803 2021 asseratur.
852 1985 894 2018 V.
931 1989 1053 2019 notata
1083 1986 1127 2020 ad
1161 1986 1266 2020 Catil.
1299 1999 1330 2021 c.
1356 1987 1435 2028 XX,
1459 1985 1495 2021 5.

92 2051 194 2085 caes.
218 2049 261 2083 B.
285 2047 324 2082 C.
349 2047 394 2088 11,
416 2045 476 2088 32,
500 2045 558 2080 11.
596 2046 829 2092 Diligentiam
861 2046 1002 2091 quidem
1031 2052 1207 2090 nostram,
1233 2054 1295 2083 aut
1323 2061 1424 2094 quem
1447 2050 1496 2083 aa

83 2113 195 2158 finem
223 2110 337 2144 adhuc
366 2120 423 2142 res
445 2109 664 2153 processi
673 2113 708 2150 t,
733 2120 795 2142 cur·
816 2107 1069 2153 praeteream?
1116 2109 1190 2143 Cic.
1217 2112 1346 2156 Agrar.
1373 2111 1435 2153 ΙΙΙ,
1459 2113 1494 2153 4,

93 2173 152 2208 17.
175 2173 224 2207 Et
251 2171 414 2217 quoniam
431 2181 503 2215 qua
522 2170 566 2204 de
585 2182 711 2204 caussa
733 2174 767 2204 et
788 2181 933 2215 quorum
958 2181 1084 2204 caussa
1112 2172 1172 2205 ille
1199 2171 1263 2206 hoc
1283 2174 1492 2217 promul-

91 2233 232 2279 gavit
254 2233 401 2267 ostendi.
449 2245 484 2278 p.
508 2234 616 2268 Rosc.
640 2233 760 2267 Amet.
784 2243 815 2266 c.
841 2231 900 2273 30,
924 2230 983 2266 83.
1020 2233 1239 2275 Quaeramus
1269 2234 1329 2267 ubi
1358 2235 1493 2278 malefi-

90 2294 184 2334 ‚cn'um
207 2298 241 2328 et
259 2299 346 2336 est,
369 2300 404 2330 et
426 2295 576 2330 inveniri
593 2299 754 2341 potest
762 2307 776 2336 ,-
799 2294 862 2328 ubi
886 2293 1061 2328 Matthias
1083 2295 1186 2338 plura
1208 2295 1390 2338 laudavit,
1415 2296 1493 2340 qui—

92 2355 160 2390 bus
183 2355 272 2390 adde
296 2354 464 2391 Goerenz.
487 2357 532 2391 ad
556 2357 659 2392 Finn.
683 2357 743 2399 lv,
767 2355 826 2398 24,
849 2355 907 2390 67.
948 2355 1099 2390 Ellendt.
1125 2357 1170 2390 ad
1197 2357 1298 2391 Brut.
1322 2369 1351 2390 c.
1377 2357 1412 2399 3,
1436 2357 1494 2393 13.

93 2417 308 2452 Ramshom.
331 2416 456 2453 Gram.
478 2418 554 2453 Lat.
579 2421 613 2461 §-
637 2417 718 2453 174.
742 2418 777 2453 2.
801 2420 872 2453 not.
895 2417 930 2451 2.
955 2429 991 2462 p.
1014 2417 1084 2452 497
1106 2429 1157 2462 sq.
1184 2417 1237 2451 ed.
1253 2417 1285 2452 l.
1331 2418 1495 2453 indicati-

95 2490 159 2513 vus
182 2477 294 2523 igitur
317 2489 426 2522 quum
450 2490 528 2513 eam
551 2479 626 2513 vim
650 2479 800 2523 habeat,
837 2483 876 2513 ut
897 2490 975 2513 rem
998 2479 1113 2523 qualis
1132 2491 1216 2524 per
1240 2491 1284 2514 se
1308 2483 1362 2514 est
1384 2492 1492 2514 enun-

30 2574 32 2577 .
94 2540 183 2582 ciet,
213 2539 251 2574 in
282 2542 446 2584 promptu
481 2544 559 2582 est,
591 2539 802 2575 Sallustium
831 2543 1019 2585 propterea
1046 2540 1117 2575 hoe
1146 2541 1253 2576 modo
1275 2553 1381 2576 usum
1403 2554 1490 2584 esse,

93 2602 185 2647 quod
210 2601 418 2636 memoriam
442 2601 671 2647 praeterlapsi
693 2601 860 2646 temporis
892 2605 1054 2646 repetens
1075 2602 1218 2646 adeptos
1238 2603 1390 2638 honores
1411 2616 1493 2638 suos

93 2662 194 2707 quasi
225 2666 422 2707 praesentes
455 2661 635 2704 intuetur,
671 2666 706 2696 et
740 2673 851 2706 paene
880 2661 1013 2698 invitus
1035 2662 1070 2697 in
1094 2664 1229 2699 medias
1261 2677 1319 2699 res
1340 2665 1490 2710 rapitur.

93 2723 244 2759 Belieua
265 2723 430 2767 quoniam
453 2735 523 2757 non
547 2723 591 2758 ad
614 2723 732 2768 ipsum
755 2723 949 2768 pertinent,
973 2724 1128 2759 aliorum
1153 2725 1361 2771 cogitationi
1382 2726 1492 2760 relin-

96 2783 195 2830 quit,
230 2794 343 2828 eoque
376 2783 598 2820 coniunctim
627 2784 762 2821 extulit.
807 2785 935 2820 Modos
961 2785 1070 2821 simili
1091 2798 1212 2823 sensus
1230 2786 1434 2822 discrimine
1452 2786 1488 2821 in
