1826 3276
266 528 292 535 2—

399 159 482 220 1'12
545 196 548 199 -
765 175 808 218 e.
839 175 1154 218 SALLus‘rl
1183 178 1399 223 CRISPI

362 291 531 349 ficopia
565 294 680 341 erat3
710 303 832 332 mare
863 303 1075 348 magnum
1110 297 1154 334 et
1187 292 1340 350 ignara
1365 293 1515 352 lingua
1543 308 1762 338 commer-

367 387 473 435 7cia
506 383 814 444 prohibebant.
873 383 935 427 Hi
967 385 1194 443 paullatim
1228 402 1312 445 per
1343 389 1559 432 connubia
1593 388 1763 432 Gaetu-

402 482 467 524 los
503 492 653 524 secum
696 479 934 534 miscuere,
975 484 1019 523 et
1062 479 1165 537 quia
1209 496 1343 542 saepe
1385 487 1606 527 tentantes
1621 497 1762 543 «agros

491 627 525 667 §-
556 624 591 659 6.
637 634 732 658 mare
763 624 957 669 maguum]
991 623 1177 658 Putschius
1207 637 1373 670 magnum
1406 637 1589 671 perperam
1617 627 1765 670 explieat

400 695 556 725 saevum,
591 684 853 728 importuosum,
885 685 1041 718 seductus
1072 685 1148 729 lug.
1178 685 1371 728 LXXVIII,
1404 686 1438 721 3.
1467 687 1525 720 aba·
1549 698 1645 720 mare
1672 697 1764 720 ma-

399 751 532 789 gnum
561 754 661 778 esse
685 748 719 778 et
752 744 886 778 saevire
911 745 1020 778 ventis
1048 745 1181 789 coepit3
1213 757 1280 778 non
1310 745 1399 780 vidit
1430 745 1522 780 enim
1554 747 1662 780 aliam
1690 757 1765 781 esse

400 803 560 848 epitheti,
593 803 700 838 aliam
733 803 922 847 praedicati
953 803 1038 837 vim.
1068 805 1188 847 Aeque
1218 806 1348 839 absona
1368 805 1494 850 Langii
1510 809 1562 840 est
1583 807 1764 847 sententia,

398 865 458 908 qui
481 875 648 910 magnum
669 864 776 898 maris
797 863 888 897 inter
907 862 1109 897 Numidiam
1123 863 1395 908 Hispaniamque
1416 866 1567 909 spatium
1589 865 1764 910 designari

396 928 508 968 putat.
543 924 637 967 Quin
677 922 791 967 potius
819 923 992 956 Oceanum
1023 923 1097 957 sive
1129 935 1227 958 mare
1261 924 1472 959 Atlanticum
1501 925 1762 970 intelligendum

397 995 492 1025 esso,
517 986 553 1018 et
574 982 738 1026 loquendi
760 993 842 1016 usus
865 982 1032 1024 ostendit,
1065 982 1156 1026 quod
1180 983 1250 1017 iam
1275 995 1297 1017 a
1321 984 1439 1018 Cottio
1462 985 1700 1027 observatum,
1729 989 1764 1020 et

396 1054 452 1077 res
483 1043 562 1087 ipsa
591 1043 795 1076 documento
827 1045 889 1075 est.
929 1041 1000 1075 Cic.
1025 1041 1143 1076 Somn.
1168 1042 1262 1086 scip.
1286 1055 1315 1076 c.
1340 1043 1397 1076 VI.
1420 1048 1514 1078 term
1527 1056 1643 1089 parva
1657 1056 1763 1090 quae-

397 1103 480 1136 dam
505 1103 619 1136 insula
642 1107 712 1141 est;
743 1101 950 1144 circumfusa
979 1101 1038 1135 illo
1064 1102 1196 1141 mari,
1220 1102 1310 1145 quod
1335 1103 1650 1146 Atlanticum,
1673 1105 1763 1149 quod

396 1173 635 1207 magnum,
673 1162 763 1206 quod
808 1172 1024 1195 occanum
1061 1162 1244 1206 appellatis
1283 1162 1320 1195 in
1361 1162 1473 1196 terris.
1505 1164 1636 1198 Seneca
1665 1165 1762 1199 Natt.

395 1222 552 1265 Quaestt.
581 1221 646 1264 1⁷1,
677 1221 710 1256 6.
746 1220 873 1254 Thales
905 1221 1060 1254 Milesius
1090 1226 1203 1256 totam
1225 1226 1353 1255 terram
1375 1222 1523 1257 subiecto
1545 1224 1677 1258 iudicat
1699 1224 1762 1258 hu—

395 1293 488 1316 more
507 1282 643 1326 portari
667 1286 701 1316 et
736 1282 918 1322 innatare,
949 1281 1020 1314 sive
1053 1281 1142 1314 illud
1172 1293 1384 1315 oceanum
1416 1293 1536 1324 vocas,
1565 1283 1638 1317 sive
1667 1294 1761 1316 ma-

394 1353 455 1387 gn
466 1354 531 1376 um
554 1353 588 1375 m
600 1352 686 1375 are.
711 1341 763 1374 De
787 1351 828 1374 eo
845 1344 961 1374 autem
978 1339 1075 1383 loqui
1092 1340 1298 1374 Sallustium
1313 1345 1407 1385 patet·
1425 1353 1467 1375 ex
1490 1341 1546 1383 iis,
1566 1352 1656 1385 quae
1677 1344 1709 1384 §.
1727 1339 1760 1376 5.

394 1401 439 1435 de
462 1413 566 1435 cursu
586 1402 773 1435 Persarum
797 1399 1005 1434 monuimus.
1027 1419 1073 1425 —
1095 1401 1184 1434 Ante
1215 1412 1311 1435 marc
1343 1401 1379 1435 in
1410 1402 1529 1436 Guelf.
1559 1401 1594 1436 1.
1624 1401 1762 1436 additur

394 1466 452 1503 et,
477 1460 593 1495 certio
615 1461 729 1494 iudice
749 1461 844 1495 haud
866 1461 979 1502 male,
1003 1459 1060 1493 cui
1082 1471 1150 1494 non
1173 1471 1350 1506 repugno,
1377 1473 1484 1505 quum
1507 1461 1575 1495 hac
1589 1460 1761 1504 particula

393 1531 497 1565 saepe
519 1520 774 1556 enunciationes
796 1519 1024 1565 explicativae
1045 1520 1320 1555 antecedentibus
1347 1521 1535 1562 addantur-3
1556 1531 1591 1554 V.
1613 1521 1659 1555 ad
1682 1521 1759 1555 Cat.

376 1581 490 1622 xlx,
512 1581 545 1615 2.
569 1580 638 1614 Sed
660 1591 727 1614 non
750 1579 865 1614 minus
888 1579 1017 1614 usitata
1039 1582 1089 1613 est
1111 1579 1236 1613 talium
1259 1580 1536 1614 enunciationum
1563 1576 1761 1620 ἀσύνδετος

392 1640 509 1685 ratio,
542 1641 586 1674 de
619 1651 688 1684 qua
710 1639 859 1674 diximus
881 1640 926 1673 ad
950 1639 1024 1673 Cat.
1048 1639 1218 1683 XXXIX,
1241 1639 1276 1674 4.
1301 1651 1334 1683 p.
1358 1638 1438 1673 184.
1461 1659 1507 1666 —
1524 1639 1658 1684 Ignara
1681 1650 1761 1683 pas-

393 1701 468 1736 sive
489 1711 551 1744 pro
573 1700 774 1745 incognita,·
797 1701 842 1734 cf.
867 1699 946 1744 Ing.
971 1699 1052 1741 LII,
1077 1699 1111 1734 4.
1135 1699 1233 1744 regio
1256 1700 1408 1734 hostibus
1430 1700 1613 1744 ignara.
1637 1699 1760 1742 XCIII,

391 1760 427 1795 3.
469 1760 591 1804 cupido
634 1760 801 1804 ignara
828 1759 987 1794 visundi.
1031 1759 1132 1799 cm,
1175 1759 1210 1794 6.
1253 1760 1432 1794 etiamtum
1465 1759 1608 1803 largitio
1642 1760 1760 1793 multis

391 1821 575 1865 ignara.
597 1819 769 1854 Nonnulla
787 1820 903 1854 Taciti
925 1819 1082 1863 exempla
1103 1819 1175 1853 iam
1198 1819 1415 1853 laudavimus
1437 1818 1482 1852 ad
1504 1819 1578 1853 Cat.
1602 1819 1646 1861 X,
1669 1818 1700 1853 5.
1725 1831 1758 1862 p.
1824 1816 1826 1819 ’

390 1880 449 1915 54.
481 1882 533 1914 Ex
563 1881 683 1914 eodem
718 1891 846 1925 genere
876 1884 950 1920 est,
979 1879 1074 1923 quod
1097 1878 1188 1912 idem
1213 1890 1347 1923 gnarus
1370 1878 1506 1922 passive
1526 1881 1691 1922 usurpat,
1715 1878 1758 1911 de

389 1952 459 1986 quo
482 1953 516 1977 v.
538 1940 694 1984 Lipsium
716 1939 762 1974 ad
784 1939 920 1973 Annall.
941 1940 980 1982 1,
1003 1939 1048 1980 5,
1072 1939 1109 1973 2.
1130 1939 1259 1974 Mureti
1282 1939 1351 1972 VV.
1375 1939 1443 1972 Lu.
1467 1938 1538 1980 xl,
1561 1937 1595 1972 2.

483 2003 516 2043 §.
538 2000 573 2035 7.
623 2001 786 2035 Gaetulos
810 2010 923 2033 secum
945 2000 1122 2043 miscuere]
1147 2001 1268 2033 Secum
1284 1999 1381 2033 abest
1396 2009 1418 2032 a
1438 1997 1554 2032 Guelf.
1578 1996 1612 2031 4.
1628 1997 1755 2031 Arond.

390 2063 425 2096 ot
454 2061 562 2104 Reg.;
592 2060 629 2094 in
660 2060 805 2094 Eceard.
836 2069 869 2093 a.
903 2070 950 2094 m.
981 2071 1050 2094 sec.
1073 2062 1125 2094 est
1149 2059 1306 2093 Gaetulis
1328 2059 1491 2092 miscuere
1513 2068 1574 2098 sef
1602 2056 1638 2090 in
1661 2057 1755 2091 Med.

389 2120 448 2154 11.
472 2131 510 2154 se
535 2120 690 2154 Gaetulis
713 2120 829 2159 misc.,·
851 2119 887 2152 in
911 2118 1029 2156 Struv.
1053 2122 1088 2154 et
1109 2120 1212 2153 Bern.
1235 2119 1268 2153 3.
1295 2119 1457 2152 Gaetulos
1480 2117 1544 2151 sibi
1567 2117 1756 2158 miscuere,-

388 2180 512 2214 relicui
535 2179 571 2213 in
595 2180 738 2224 vulgata
759 2179 975 2223 conspirant,
999 2191 1104 2224 quam
1126 2179 1215 2213 nihil
1238 2179 1339 2223 plane
1368 2181 1419 2212 est
1451 2188 1513 2211 cur
1545 2177 1755 2212 deseramus.

390 2239 527 2274 Curtius
560 2243 676 2274 tamen
706 2239 908 2284 pronomine
942 2239 1070 2274 omisso
1101 2239 1238 2283 scripsit
1271 2239 1435 2273 Gaetulos
1457 2237 1638 2281 miscuere,
1662 2236 1754 2280 quod

389 2299 599 2334 obscuritate
623 2289 909 2344 impeditum'vix
932 2310 1012 2334 eum
1035 2311 1172 2335 sensum
1196 2299 1255 2343 qui
1278 2299 1312 2333 in
1337 2299 1484 2342 vulgata
1505 2297 1610 2339 inest,
1633 2299 1672 2331 ut
1694 2295 1755 2330 ille

388 2360 486 2401 vult,
517 2360 648 2394 habere
677 2363 800 2403 potest.
831 2359 959 2394 Melius
986 2360 1030 2394 ad
1059 2371 1196 2394 sensum
1227 2359 1332 2402 Bipp.
1366 2358 1430 2391 sibi
1453 2359 1671 2400 receperunt,
1694 2355 1753 2389 sed

387 2419 463 2455 sive
487 2419 613 2454 idonea
635 2419 734 2454 codd.
761 2419 975 2454 auctoritate.
999 2437 1042 2446 —
1071 2420 1321 2454 'tentantes
1344 2429 1473 2462 agros,
1503 2428 1551 2450 sc.
1575 2426 1657 2449 num
1688 2415 1752 2449 ha—

387 2479 529 2513 bitando
556 2483 590 2513 et
612 2479 774 2524 frugibus
805 2479 954 2514 ferendis
987 2478 1102 2512 idonei
1134 2482 1255 2512 essent.
1287 2479 1403 2521 Inepte
1433 2476 1540 2521 igitur
1561 2475 1757 2510 Palmarius·

390 2538 535 2572 coniecit
557 2539 752 2582 tendentes,
777 2551 825 2573 sc.
851 2538 999 2573 tentoria
1026 2538 1083 2571 vel
1114 2539 1279 2583 mapalia.
1310 2557 1355 2562 —
1386 2537 1488 2578 Alia,
1525 2536 1648 2570 deinde
1678 2536 1752 2568 alia

390 2598 465 2631 locu
486 2597 571 2632 satis
597 2599 722 2640 multi,
744 2598 780 2631 in
804 2599 914 2642 iisque
937 2598 1059 2642 optimi
1082 2599 1181 2634 codd.
1206 2602 1341 2638 tenent,
1368 2601 1403 2630 ut
1427 2596 1507 2630 Bas.
1531 2595 1563 2629 1.
1588 2595 1693 2642 Fabr.
1717 2595 1750 2628 1.

388 2657 424 2691 2.
459 2658 548 2703 Teg.
572 2659 644 2692 Eri.
669 2659 816 2692 Goerlit.
844 2659 939 2693 [aeid.
971 2660 1010 2694 L.
1043 2660 1084 2693 B.
1109 2659 1147 2694 C.
1173 2660 1215 2692 D.
1239 2659 1280 2691 Ε.
1303 2657 1344 2690 F.
1369 2657 1412 2692 G.
1437 2656 1481 2689 Κ.
1498 2655 1621 2689 Strnv.
1645 2655 1749 2688 Aean.

391 2717 539 2753 Eccard.
570 2729 628 2752 sex
664 2717 926 2753 Guelff..Misn.
959 2718 1069 2752 Paris.
1103 2719 1137 2753 b.
1163 2730 1193 2754 c.
1216 2728 1249 2751 x.
1278 2728 1307 2750 z.
1343 2717 1379 2750 In
1403 2715 1483 2750 aliis
1506 2716 1653 2750 alterum
1677 2715 1749 2748 alia
