1826 3276
401 183 484 223 242
755 176 798 219 C·
827 175 1139 218 SALLUSTI
1167 139 1387 223 GR'ISRI

536 290 673 336 XLII.
715 289 832 334 Nam
859 294 1094 348 postquam
1118 289 1323 335 'liberius
1354 298 1399 336 et
1428 292 1480 337 C.
1506 284 1751 344 Gracchus,

404 401 592 446 quorum
643 385 830 429 maiores
877 383 1046 428 Punico
1068 389 1070 396 '
1091 389 1223 442 atque
1267 385 1358 430 aliis
1403 384 1530 432 bellis
1571 375 1754 432 multum

403 480 669 540 reipublicae
703 477 983 534 addiderant,
1029 478 1249 524 vindicare
1283 478 1462 539 plebem
1495 482 1543 524 in
1573 481 1752 525 liberta-

404 582 494 619 tem
527 580 570 618 et
603 586 848 633 paucorum
883 574 1049 618 scelera
1085 573 1338 632 patefacere
1372 585 1586 635 coepere,
1627 575 1755 618 nobi—

406 670 500 713 litas
543 669 672 712 noxia
714 674 846 726 atque
890 683 945 712 eo
986 668 1187 727 perculsa
1229 668 1364 718 modo
1405 685 1488 733 per
1532 669 1673 715 socios
1706 681 1757 711 ac

407 779 569 809 nomen
609 761 815 808 Latinum
831 795 844 818 ‚
902 763 1120 808 interdum
1173 778 1255 822 per
1306 764 1473 822 equites
1519 763 1759 816 Romnum,

406 937 488 963 nom
509 926 569 960 ubi
591 925 741 970 primum
766 937 806 960 ea·
826 924 1004 960 nobilitate
1024 925 1150 969 reperti
1170 929 1250 960 sunt
1280 930 1346 960 etc.
1390 926 1440 960 Ao
1470 926 1635 971 qnoniam
1663 925 1759 960 artis-

407 985 493 1020 sime
515 996 594 1019 cum
617 985 673 1019 his
690 985 875 1019 cohaerent
897 984 1086 1028 sequentia,
1108 996 1189 1018 nam
1199 991 1379 1030 postquam
1398 987 1473 1030 Til».
1490 991 1524 1022 et
1541 984 1763 1021 aaronem<

407 1049 491 1085 etc.‚
520 1045 597 1078 luce
628 1044 756 1079 clarius
785 1047 854 1084 est,
883 1043 926 1076 de
952 1044 1114 1078 Gracchis
1135 1045 1228 1078 hune
1255 1044 1370 1078 locum
1393 1055 1466 1078 esse
1487 1044 1759 1089 intelligendum.

407 1121 451 1130 —
474 1104 647 1138 infelicius
679 1103 784 1138 etiam
811 1103 948 1145 (lortius
977 1107 1133 1138 versatus
1165 1107 1217 1138 est
1250 1103 1287 1137 iu
1317 1103 1432 1138 verbis
1463 1105 1624 1139 dissemio
1654 1105 1763 1138 civilis

407 1164 507 1208 quasi
539 1149 720 1210 pay-mixtio
747 1167 862 1197 terrae
890 1162 973 1197 oriri
1000 1164 1109 1208 coepit
1141 1163 1385 1198 constituendis
1412 1167 1514 1208 atque
1545 1159 1764 1207 explicantis.

408 1223 504 1256 Adeo
528 1223 620 1256 enim
644 1223 789 1267 vulgatu
811 1221 960 1257 offensus
981 1226 1054 1263 est,
1083 1225 1143 1264 nt,
1173 1223 1256 1257 licet
1277 1223 1373 1258 codd.
1397 1222 1541 1258 minime
1561 1226 1763 1269 tautaesau·

409 1283 530 1317 daciae
552 1284 720 1324 faverent,
743 1292 785 1316 ex
808 1281 952 1316 libidine
975 1282 1138 1316 scriberet
1158 1283 1399 1326 permixtio
1421 1283 1530 1318 civilis
1553 1283 1654 1327 quaen·
1674 1281 1764 1315 dis-

398 1354 477 1377 ces
487 1344 552 1376 sio
567 1346 681 1377 terrae
696 1343 779 1376 oriri
793 1342 912 1385 coepit,
928 1353 1031 1384 quam
1047 1341 1276 1376 coniecturam
1289 1341 1496 1376 Gerlachius
1513 1341 1548 1376 in
1560 1340 1764 1374 Gom-aena.

410 1413 446 1446 p.
468 1401 537 1436 2⁴17
549 1413 598 1445 sq.
621 1412 688 1435 non
704 1401 883 1436 'dubitavit
905 1401 1140 1436 acutissimam
1162 1404 1198 1436 et
1218 1401 1510 1446 elegantissimam
1531 1410 1670 1435 vocare.
1696 1399 1763 1433 Sed

410 1462 490 1495 vide
511 1472 618 1505 quam
641 1464 742 1495 acute
764 1464 866 1505 atque
887 1461 1062 1505 eleganter
1079 1461 1317 1505 permixtio
1340 1462 1450 1496 civilis
1473 1460 1666 1506 comparari
1687 1471 1766 1504 pos-

410 1521 455 1555 sit
486 1531 564 1554 eum
593 1521 881 1555 discessione
916 1525 1052 1563 terrae,
1091 1521 1149 1554 vel
1171 1521 1342 1555 illustrari
1363 1522 1431 1555 hac
1452 1521 1624 1565 imagine,
1658 1530 1766 1563 quum

412 1581 622 1614 discessionis
644 1581 816 1614 vocabulo
837 1579 1051 1624 significetur
1072 1579 1215 1622 aliquid,
1239 1581 1331 1623 quod
1352 1583 1453 1620 antea
1475 1580 1692 1615 coniunctum
1713 1590 1766 1613 es-

413 1643 483 1681 set,
503 1639 624 1674 divelli
646 1644 682 1673 et
705 1638 875 1684 disiungi,
899 1639 1081 1683 permixtio
1102 1649 1188 1672 vero
1211 1638 1258 1674 sit
1277 1650 1395 1674 rerum
1416 1640 1631 1675 diversarum
1652 1644 1686 1674 et
1707 1650 1768 1683 per

414 1710 451 1733 se
472 1699 706 1734 seiunctarum
730 1698 898 1733 confusio.
945 1698 1062 1741 Quare
1084 1708 1152 1732 non
1169 1699 1311 1733 ferimus
1332 1700 1554 1747 elegantiam,
1575 1708 1665 1743 quae
1677 1703 1768 1732 recte

413 1758 591 1804 cogitandi
611 1759 747 1804 legibus
776 1760 966 1803 repugnet,
1000 1769 1111 1801 neque
1133 1769 1218 1801 opus
1239 1762 1291 1792 est
1311 1770 1451 1793 monere
1470 1758 1768 1794 insolentissimam

414 1819 599 1854 dictionem
613 1819 794 1864 permixtio
809 1819 918 1852 civilis
933 1828 999 1851 non
1015 1828 1059 1851 eo
1071 1817 1218 1859 defendi,
1242 1819 1333 1862 quod
1348 1819 1471 1853 Noster
1485 1819 1570 1854 dixit
1585 1819 1661 1854 Gat.
1678 1818 1709 1852 11
1733 1813 1767 1851 3.

416 1879 530 1913 omnia
553 1879 699 1920 misceri,
722 1882 757 1912 et
779 1877 853 1912 cic.
876 1878 918 1911 de
940 1878 964 1911 1.
989 1876 1112 1922 Agrar.
1130 1878 1174 1920 11,
1200 1877 1257 1919 33,
1281 1879 1337 1912 91.
1359 1879 1597 1923 rempublicam
1620 1880 1769 1918 miscere,
1807 1922 1809 1924 Ι

415 1943 476 1973 aut
498 1939 590 1982 quod
610 1939 701 1982 apud
725 1937 891 1982 pessimos
913 1937 1109 1972 Latinitatis
1130 1941 1287 1972 auctores
1309 1937 1425 1974 Aurcl.
1445 1938 1534 1974 Vict.
1558 1950 1587 1974 c.
1600 1939 1691 1981 xm,
1713 1938 1767 1971 14.

417 2002 451 2032 et
473 1998 654 2042 Angustia.
683 1999 726 2032 de
750 1999 787 2032 C.
811 1999 853 2031 D.
877 1998 959 2038 XV,
984 1996 1040 2030 22.
1072 1997 1220 2031 habetur
1242 1997 1447 2040 reipublicae
1465 1998 1654 2042 permixtio.
1699 1997 1768 2031 Sed

417 2069 460 2091 ne
481 2057 582 2092 multi
604 2057 733 2099 simus,
761 2057 938 2102 permixtio
961 2062 1075 2091 terrae
1098 2068 1177 2090 eum
1198 2050 1314 2090 retum
1337 2061 1466 2091 statum
1487 2057 1680 2103 siguificat,
1702 2069 1770 2102 quo

415 2117 555 2161 singula
577 2127 644 2157 non
668 2116 814 2151 discreta
837 2120 871 2151 ct
893 2116 928 2150 in
949 2116 1077 2150 iustum
1101 2116 1254 2150 ordinem
1278 2117 1465 2160 composita
1487 2118 1677 2159 habentur,
1710 2119 1777 2152 sed

418 2177 600 2220 dissoluta,
635 2175 796 2218 disiecta,
825 2177 965 2210 turbata
995 2178 1030 2210 et
1059 2176 1250 2210 aestuantia
1273 2174 1483 2211 inconditam
1511 2182 1545 2212 et
1565 2178 1770 2223 indigestam

418 2237 544 2270 molem
568 2235 744 2277 efficiunt,
773 2235 887 2280 qualis
909 2236 1015 2270 chaos
1036 2235 1142 2269 fuisse
1162 2234 1298 2270 dicitur.
1345 2235 1429 2271 Tali
1449 2239 1566 2271 antem
1587 2236 1770 2271 elemento-

419 2307 496 2329 rum
520 2295 712 2347 confusioni
734 2299 826 2333 recte
847 2294 1041 2339 comparari
1063 2298 1175 2338 potest
1197 2296 1352 2330 turbatus
1376 2297 1525 2332 civitatis
1546 2295 1771 2339 statueritis-

419 2356 632 2390 sensionibus
662 2355 824 2391 civilibus
852 2360 957 2390 ortus.
1003 2355 1222 2398 Quamquam
1248 2356 1370 2401 negari
1402 2355 1521 2400 nequit
1551 2353 1769 2389 audaciorem

419 2427 492 2449 esse
524 2415 834 2459 comparationem,
866 2426 968 2460 quam
1003 2415 1079 2459 ipse
1107 2414 1290 2450 Sallustius
1326 2415 1442 2450 addita
1471 2414 1572 2460 quasi
1599 2414 1772 2457 particula

420 2475 557 2509 mollire
579 2476 724 2516 studuit;
758 2476 799 2510 de
823 2487 890 2520 qua
913 2475 1007 2509 vocis
1027 2474 1064 2508 vi
1087 2476 1131 2511 cf.
1154 2475 1259 2510 Beier
1278 2475 1332 2508 'ad
1355 2474 1427 2508 Cic.
1457 2474 1527 2509 Off.
1551 2474 1603 2515 11,
1627 2473 1691 2515 la,
1710 2474 1767 2508 63.

421 2534 504 2568 otto
526 2535 570 2568 aa
593 2534 692 2568 Finn.
717 2536 769 2576 ιι,
792 2536 833 2577 τ,
855 2535 912 2570 zo.
942 2534 1116 2569 Καυῇ-ιον.
1149 2523 1194 2568 ad
1215 2535 1338 2570 ‘rum
1361 2535 1430 2578 111,
1453 2533 1519 2576 20,
1541 2532 1598 2570 47.
1627 2537 1662 2568 et
1683 2544 1770 2578 quae

421 2594 513 2629 infra
537 2595 774 2629 annotavimus
797 2594 840 2628 ad
865 2605 895 2627 c.
916 2593 1087 2636 Lxxxv,
1108 2593 1166 2629 23.

510 2655 615 2689 xm.
659 2657 691 2696 §.
716 2655 750 2687 l.
797 2665 937 2698 quorum
959 2655 1119 2698 maiores]
1142 2654 1348 2688 Habuerunt
1369 2652 1460 2686 enim
1484 2662 1588 2686 avum
1607 2651 1646 2686 P.
1670 2651 1768 2685 Corn.

420 2713 617 2759 Scipionem
647 2713 846 2748 Africanum
876 2713 1057 2747 Maiorem,
1091 2714 1135 2746 cf.
1167 2713 1258 2749 Plut.
1290 2712 1350 2746 vit.
1380 2711 1460 2746 Tib.
1491 2711 1640 2746 Graech.
1670 2723 1702 2745 c.
1734 2711 1764 2743 1.
