1826 3276
400 168 497 223 444,
757 163 802 206 G·
829 159 1156 206 SALLUSTI
1184 162 1405 208 GRISPI

401 279 598 323 militiam
634 290 736 333 eos,
784 290 895 335 quos
936 277 1047 322 nolis
1089 275 1344 336 offendere,
1397 278 1518 324 domi
1558 279 1754 340 forisque

401 373 546 419 omnia
578 385 754 429 curare,
801 376 844 416 et
885 385 948 415 ea·
980 386 1116 433 agere
1148 372 1260 417 inter
1293 373 1485 431 invidos,
1519 380 1753 421 occursari-

363 469 453 512 4tis
468 500 481 524 ,
514 466 746 522 factiosos,
787 453 1023 525 opinione,
1059 466 1277 524 Quirites,
1306 452 1502 528 asperius
1535 475 1616 515 est.
1679 471 1755 515 Ad

397 561 488 607 hoc
521 561 592 605 alii
624 561 660 604 si
688 559 932 620 deliquere,
965 567 1090 606 vetus
1125 562 1340 618 nobilitas,
1373 563 1586 608 maiorum
1625 563 1755 609 fortia

398 657 539 727 facta,
574 659 862 715 cognatorum
897 632 942 700 et
974 657 1172 702 affinium
1205 671 1339 716 opes,
1383 657 1546 702 multae
1573 658 1754 703 cliente—

362 766 364 768 ’
396 753 494 808 lae,
539 751 687 796 omnia
719 750 834 794 haee
866 751 1085 811 praesidio
1124 757 1293 806 assunt;
1327 751 1436 796 mihi
1465 767 1568 812 spes
1602 768 1762 800 omnes*

398 917 601 952 universum
623 915 749 950 dicitur
779 915 822 949 de
843 916 964 960 quovis
986 926 1146 959 munere,
1169 915 1282 951 favori
1305 918 1340 950 et
1363 916 1619 950 benevoientiae
1637 917 1756 961 populi

395 976 526 1011 debito.
550 987 583 1010 v.
619 976 699 1010 Car.
723 975 840 1009 Beier.
874 975 918 1010 ad
944 975 1014 1010 Cic.
1049 975 1119 1009 Off.
1151 975 1206 1017 ΙΙ,
1229 974 1295 1018 19,
1317 974 1375 1009 67.
1421 975 1474 1010 Ita
1496 976 1582 1012 Sall.
1600 977 1754 1020 loquitur
1823 979 1826 981 ’

392 1037 502 1072 etiam
532 1038 565 1078 §.
588 1035 622 1069 8.
656 1038 691 1069 et
721 1035 800 1076 26.;
831 1035 878 1069 ef.
909 1035 1016 1070 etiam
1047 1045 1154 1078 supra
1191 1034 1236 1068 ad
1269 1046 1298 1068 c.
1324 1035 1451 1076 xxm,
1475 1035 1533 1071 16.
1578 1036 1753 1080 Beneficia

392 1101 507 1131 vostra
525 1107 630 1140 penes
652 1100 824 1139 optumos,
855 1107 923 1129 non
953 1093 1207 1128 audacissumos
1222 1095 1364 1136 forent,
1394 1093 1458 1128 ubi
1477 1103 1511 1126 v.
1534 1093 1658 1137 Faber.
1681 1093 1753 1128 Cic.

393 1168 430 1201 p.
453 1156 547 1189 Mur.
569 1167 600 1191 c.
622 1155 650 1196 Ι,
681 1154 716 1189 2.
740 1154 775 1188 in
798 1155 895 1188 Verr.
918 1155 959 1196 V,
984 1153 1042 1195 7⁰,
1066 1153 1144 1190 18⁰.
1168 1154 1265 1187 Caes.
1286 1153 1333 1188 B.
1355 1153 1394 1188 C.
1409 1154 1437 1195 1,
1459 1152 1494 1187 9.
1519 1170 1564 1178 —
1586 1153 1654 1186 Eos
1676 1155 1754 1187 ante

390 1225 474 1260 quos
497 1225 566 1248 non
591 1213 720 1257 legitur
750 1213 785 1246 in
815 1214 884 1249 lnc.
907 1213 941 1248 1.
972 1213 1075 1247 Rem.
1098 1213 1133 1246 2.
1159 1212 1255 1247 Leid.
1277 1213 1315 1247 C.
1349 1216 1383 1247 et
1413 1213 1510 1247 Flor.
1534 1212 1569 1248 1.
1613 1211 1754 1246 Cottius

388 1274 533 1315 omisit,
557 1273 724 1316 probante
743 1273 930 1307 Gerlachio
952 1273 988 1307 in
1011 1274 1203 1308 Comment.
1227 1284 1261 1315 p.
1283 1271 1362 1306 316.
1407 1271 1475 1306 Sed
1497 1271 1586 1314 vide,
1609 1283 1652 1307 ne
1674 1283 1752 1307 eum

389 1334 507 1377 aliqua
529 1332 565 1366 vi
596 1331 724 1365 dictum
757 1331 927 1376 significet
955 1333 1066 1375 tales,
1099 1336 1171 1365 tam
1194 1342 1309 1373 caros,
1344 1332 1435 1374 quod
1465 1331 1548 1367 huie
1586 1332 1664 1366 loco
1693 1343 1753 1367 ac-

392 1390 748 1428 commodatissimum
777 1391 938 1433 videtur,
969 1401 1077 1434 quum
1099 1378 1233 1424 M'arius
1254 1389 1413 1424 subiiciat
1435 1402 1515 1434 quon
1536 1392 1622 1426 nolis
1645 1394 1751 1436 offen-

392 1454 485 1487 dere.
507 1469 553 1478 —
584 1450 681 1484 Foris
711 1461 779 1483 non
814 1460 883 1483 uno
913 1451 1016 1484 modo
1045 1449 1241 1494 oppositum
1271 1452 1323 1482 est
1353 1449 1443 1482 domi
1470 1451 1568 1494 voci,
1595 1454 1635 1486 ut
1665 1452 1751 1486 bene
1818 1498 1826 1500 ὴ

391 1512 538 1547 ostendit
560 1510 696 1544 Curtius
725 1509 770 1543 ad
801 1509 904 1542 Catii.
935 1510 1017 1552 Lu,
1049 1510 1106 1545 21.
1154 1507 1297 1551 Proprie
1327 1508 1419 1542 enim
1441 1509 1532 1544 domn·
1562 1510 1686 1544 dicitur
1707 1511 1751 1545 de

389 1572 454 1614 iis,
477 1582 566 1615 quae
588 1571 632 1604 ad
655 1568 796 1601 domum
819 1567 983 1611 cuiusque
1002 1570 1178 1614 privatam
1203 1579 1324 1612 resque
1346 1569 1548 1604 domesticas
1570 1570 1750 1614 pertinent,

389 1631 514 1675 quibus
535 1641 622 1674 quae
645 1628 823 1672 oppositae
850 1632 927 1662 suut
948 1640 1004 1663 res
1025 1632 1121 1663 extra
1152 1627 1293 1662 domum
1325 1628 1370 1662 ad
1393 1627 1524 1663 alienos
1548 1629 1750 1672 pertinentes

382 1691 474 1735 foris
503 1689 675 1723 vocabulo
703 1688 1056 1732 comprehenduntur3
1088 1689 1134 1723 οἱ.
1165 1688 1239 1722 Cat.
1271 1687 1361 1730 XX,
1392 1686 1448 1722 13.
1498 1687 1603 1722 Nobis
1632 1688 1749 1723 domi

386 1750 526 1794 inopia,
555 1749 682 1792 foris
714 1760 774 1783 aes
796 1748 959 1783 alienum.
989 1749 1104 1783 Plaut.
1129 1747 1263 1782 Cisteu.
1285 1746 1332 1788 11,
1355 1746 1389 1788 1,
1411 1747 1445 1781 2.
1493 1747 1594 1781 Hanc
1617 1758 1682 1792 ego
1705 1749 1748 1783 de

387 1821 442 1844 me
464 1808 691 1843 coniecturam
726 1809 844 1843 domi
878 1809 999 1852 facio,
1027 1819 1072 1842 ne
1095 1808 1223 1851 sorio
1253 1817 1428 1851 quaeram.
1450 1807 1588 1841 Sueten.
1611 1807 1692 1841 Ner.
1715 1819 1747 1842 e.

386 1868 444 1911 36,
468 1867 515 1902 in.
561 1868 636 1902 Nec
658 1868 788 1902 minore
821 1868 969 1902 saevitia
1006 1867 1124 1911 forie
1162 1872 1196 1901 et
1224 1866 1262 1900 in
1299 1871 1430 1901 exterae
1458 1872 1640 1912 grassatus
1675 1872 1746 1908 est,-

388 1928 425 1962 in
455 1927 688 1971 superioribus
710 1928 803 1962 enim
825 1929 945 1962 caedes
978 1927 1178 1961 domesticas
1207 1930 1417 1961 narraverat.
1462 1926 1554 1960 Tum
1578 1926 1670 1960 domi
1691 1925 1745 1959 di-

386 1988 477 2022 citur
499 1988 542 2020 de
562 1987 666 2021 rebus
687 1985 846 2030 urbanis,
876 1987 913 2021 iu
935 1987 1050 2021 Roma
1071 1987 1178 2027 urbe,
1201 1985 1340 2029 imperii
1354 1986 1464 2027 -sede,
1487 1995 1508 2020 a
1530 1985 1660 2019 Senatu
1683 1996 1745 2028 po-

386 2049 536 2093 puloque
558 2047 700 2092 agendis
715 2072 727 2088 ‚
750 2058 817 2090 quo
839 2057 939 2081 sensu
957 2047 1047 2090 forie
1069 2044 1187 2080 omnia
1208 2045 1272 2087 eh,
1303 2056 1391 2089 quae
1413 2045 1458 2079 ad
1479 2045 1646 2089 regendas
1665 2055 1744 2088 pro-

386 2109 520 2142 vincias
549 2111 584 2142 et
623 2107 775 2141 devictas
815 2111 934 2152 gentes
963 2105 1155 2150 pertinent,
1191 2105 1367 2150 designat,
1406 2105 1503 2139 cuiun
1531 2104 1666 2149 generis
1696 2108 1745 2139 est
1819 2104 1826 2141 Ῑ

386 2172 504 2203 noster
535 2168 654 2208 locus,
686 2170 721 2200 et
754 2167 829 2200 Cat.
853 2166 935 2208 Lu,
955 2165 1013 2200 21.
1060 2165 1210 2200 Maiores
1232 2175 1379 2209 magnos
1396 2166 1511 2208 fecere
1541 2164 1660 2198 doma·
1688 2164 1743 2198 in-

386 2228 538 2271 dustria,
565 2227 692 2271 foris
725 2226 851 2260 iustum
883 2226 1071 2270 imperium.
1115 2224 1271 2268 Denique
1293 2223 1374 2258 huie
1401 2223 1479 2259 usui
1502 2227 1669 2268 cognatu:
1691 2225 1742 2258 est

385 2288 435 2329 is,
466 2297 534 2331 quo
567 2286 658 2320 domi
683 2286 839 2329 forisque
863 2285 905 2319 de
928 2295 1012 2329 pace
1032 2284 1193 2327 belloque
1217 2283 1362 2325 dicitur,
1390 2287 1428 2318 ut
1447 2284 1538 2327 soris
1561 2283 1652 2318 idem
1669 2283 1742 2316 fero

385 2347 431 2381 sit
465 2350 570 2390 atque
601 2345 703 2386 belli3
735 2345 782 2378 cf.
805 2344 875 2378 Cic.
899 2345 941 2378 de
963 2344 1033 2380 off.
1055 2345 1083 2386 1,
1104 2343 1163 2386 22,
1184 2343 1242 2379 76.
1288 2343 1393 2377 Parvi
1415 2343 1503 2377 enim
1520 2342 1640 2386 forie
1661 2347 1741 2377 eunt

385 2416 508 2447 arma,
538 2405 606 2439 nisi
634 2405 682 2439 sit
711 2404 886 2438 consiiium
921 2404 1054 2445 domi,
1087 2414 1190 2446 quem
1222 2404 1338 2438 locum
1362 2414 1404 2437 ex
1425 2401 1604 2447 ingeniosa
1625 2401 1740 2437 Beieri

385 2465 622 2500 emendatione
655 2463 887 2498 exhibuimus.
940 2464 1036 2498 Idem
1072 2463 1214 2498 contulit
1247 2463 1361 2498 Valer.
1391 2462 1486 2496 Max.
1523 2461 1582 2502 11,
1612 2461 1655 2503 9,
1686 2473 1738 2506 pr.

388 2525 481 2568 Quid
503 2525 592 2559 enim
611 2525 749 2568 prodest
771 2524 893 2567 foria
923 2534 993 2558 esse
1015 2528 1208 2567 strenuum,
1241 2523 1272 2557 εἰ
1294 2522 1410 2556 domn·
1435 2522 1524 2556 male
1545 2521 1739 2556 vivitur.—

387 2585 435 2620 Et
457 2587 535 2619 ante
555 2595 599 2618 ea
622 2594 731 2628 agere
759 2594 828 2617 non
857 2582 1004 2617 tenuiter
1019 2583 1190 2628 ‚adiungit
1217 2581 1391 2626 sequentia
1423 2580 1648 2625 antegressis,
1678 2580 1738 2614 ned

387 2655 430 2679 ea.
451 2646 643 2689 exaggerat
665 2646 700 2678 et
721 2643 889 2688 adauget,
927 2642 978 2676 ita
1009 2644 1048 2676 ut
1078 2641 1171 2676 idem
1192 2642 1308 2680 valeat
1335 2644 1436 2685 atquo
1458 2645 1492 2676 et
1513 2640 1669 2684 quidm3
1690 2639 1737 2675 ef.

386 2703 430 2738 ad
461 2714 492 2740 c.
523 2702 675 2745 xxxa,
697 2702 732 2738 2.
763 2703 833 2746 GV,
854 2702 888 2740 4.
919 2703 1061 2749 Fragm.
1091 2702 1182 2738 nint.
1213 2703 1251 2747 1,
1275 2701 1332 2743 19,
1363 2700 1397 2736 1.
1447 2700 1571 2735 Omnia
1587 2699 1739 2737 *turbata
