1826 3276
389 198 471 240 124
753 195 799 238 c,
829 195 1150 238 SALLUSTI
1181 197 1395 242 clusrl

389 309 552 370 partim
597 309 642 352 in
694 309 907 369 tuguriis,
962 309 1068 353 alios
1121 311 1323 356 incultius
1374 328 1512 374 vagos
1565 314 1749 375 agitare,

356 408 496 465 6post
541 418 617 448 eos
656 403 904 463 Aethiopas
939 418 1065 460 esse,
1100 403 1203 448 dein
1229 406 1328 450 loca
1363 413 1512 453 exusta
1540 409 1641 455 solis
1676 425 1750 454 ar-

357 499 586 544 7d0ribus.
633 498 775 558 Igitur
805 498 925 543 bello
951 498 1216 559 Iugurthino
1245 501 1459 560 pleraque
1493 518 1547 559 ex
1576 504 1749 548 Punicis

387 591 558 652 oppida
601 598 645 636 et
687 594 785 637 finis
832 593 1281 654 Carthaginiensium,
1341 611 1453 654 quos
1504 597 1752 643 novissume

388 687 662 744 habuerant,
707 689 902 748 populus
947 689 1176 734 Romanus
1219 706 1304 751 per
1345 693 1626 753 magistratus
1668 693 1751 737 ad-

389 783 680 838 ministrabat,
725 782 1015 828 Gaetulorum
1059 800 1223 846 magna
1276 802 1379 846 pars
1433 794 1478 832 et
1530 787 1751 832 Numidae

386 947 466 984 49³.
490 948 659 982 Mannert.
685 948 710 982 l.
739 948 765 985 l.
789 959 821 992 p.
844 948 926 983 200.
951 967 994 973 —
1011 949 1200 995 Aethiopas
1222 950 1445 985 vetustissimi
1467 952 1586 996 codd.‚
1609 955 1647 987 ut
1668 952 1750 986 Bas.

386 1007 421 1041 1.
456 1008 559 1042 Fabr.
591 1007 624 1041 1.
658 1011 694 1042 et
724 1007 867 1052 plurimi
897 1008 970 1042 alii.
1003 1010 1050 1043 ct'.
1080 1010 1184 1044 Gonr.
1216 1010 1322 1054 Leop.
1355 1011 1557 1047 Schneider.
1589 1013 1749 1047 Gramm.

384 1068 461 1103 Lat.
486 1068 530 1102 T.
554 1069 610 1110 11,
635 1066 667 1100 1.
690 1080 726 1112 p.
751 1067 830 1101 313.
853 1071 888 1102 et
915 1068 1008 1102 Cort.
1033 1069 1077 1102 ad
1099 1070 1135 1102 h.
1158 1070 1183 1105 l.

475 1130 507 1171 §-
521 1128 557 1162 ⁷.
587 1127 712 1172 Igitur]
738 1127 836 1160 Haec
856 1127 1027 1171 particula
1040 1128 1078 1162 h.
1093 1129 1118 1162 l.
1135 1139 1212 1163 eam
1226 1129 1299 1163 vim
1314 1130 1431 1173 habet,
1454 1142 1524 1176 qua
1537 1130 1753 1176 significatur

383 1191 560 1224 auctorem
597 1190 675 1231 post
709 1186 863 1230 aliquam
895 1187 1147 1232 degressionem
1181 1189 1227 1223 ad
1259 1201 1333 1224 rem
1362 1190 1475 1234 ipsam
1508 1191 1681 1225 accedere.
1704 1190 1749 1224 cf.

383 1248 557 1290 aXCVI,
574 1247 608 1281 1.
638 1246 798 1291 Igitur
824 1247 940 1290 Sulla,
963 1253 1011 1282 ut
1033 1259 1167 1292 supra
1194 1249 1366 1284 dictum
1391 1255 1477 1295 est,
1511 1255 1692 1295 postquam
1714 1249 1751 1282 in

382 1309 539 1351 Africam
563 1307 665 1340 venit.
691 1306 856 1339 Goerenz.
880 1307 925 1340 ad
958 1307 1028 1342 Cic.
1054 1309 1096 1342 de
1118 1308 1220 1345 Finn.
1241 1309 1280 1351 1,
1304 1310 1370 1352 20,
1394 1309 1451 1345 65.
1474 1310 1562 1344 Sed
1580 1310 1671 1344 iam
1694 1309 1752 1343 ad

382 1379 474 1402 rem
496 1368 744 1402 redeamus.
803 1366 927 1399 Tribus
949 1368 1100 1413 igitur
1122 1369 1230 1402 modis
1265 1370 1365 1404 video
1395 1382 1466 1405 esse
1498 1381 1522 1403 a
1551 1370 1675 1403 nostris
1707 1369 1750 1403 de

380 1429 537 1463 amicitia
560 1414 782 1472 disputatum.
799 1437 833 1461 v.
862 1427 966 1462 etiam
991 1428 1139 1462 Ellendt.
1165 1429 1209 1462 ad
1234 1429 1334 1465 Brut.
1351 1441 1382 1464 c.
1397 1430 1454 1475 48,
1471 1430 1551 1464 177.
1567 1432 1602 1463 et
1617 1429 1748 1463 Bremi.

381 1490 427 1524 ad
449 1489 533 1535 Nep.
557 1486 719 1531 Epamin.
741 1487 794 1529 ΙΙ,
827 1486 860 1520 1.
893 1499 928 1531 p.
960 1487 1040 1521 212.
1074 1507 1119 1512 -
1154 1488 1250 1522 Finis
1279 1488 1634 1534 Carthaginiensium,
1667 1499 1749 1532 quos

380 1549 642 1583 novissume
667 1548 861 1581 habuerant
885 1547 1050 1581 Gerlach.
1073 1550 1192 1581 contra
1219 1548 1377 1593 linguam
1392 1552 1426 1582 et
1440 1548 1624 1582 historiam
1641 1547 1747 1591 expli-

381 1613 440 1644 cat
467 1612 576 1642 ante
600 1608 782 1642 secundum
806 1608 928 1640 bellum
953 1607 1039 1640 Pun.
1063 1607 1153 1642 Nam
1169 1609 1353 1641 secundum
1370 1609 1492 1642 bellum
1509 1619 1577 1642 non
1599 1607 1667 1641 fuit
1687 1619 1748 1641 no-

379 1670 585 1707 vissumum;
599 1671 673 1701 tum
686 1671 781 1711 patet
791 1666 997 1700 Sallustium
1015 1667 1183 1710 respicere
1198 1667 1242 1700 ad
1257 1667 1342 1701 illud
1359 1671 1504 1711 tempus,
1520 1679 1588 1714 quo
1601 1668 1748 1703 Cartha-

381 1728 594 1775 giniensium
616 1727 701 1760 fines
723 1726 759 1760 in
775 1725 892 1760 Africa
906 1725 978 1759 iam
993 1726 1169 1761 imminuti
1183 1730 1297 1769 erant,
1321 1727 1414 1770 quod
1438 1739 1506 1762 uon
1529 1733 1610 1763 ante
1633 1739 1748 1762 secun-

379 1790 463 1823 dum
478 1789 630 1830 bellum,
655 1787 714 1821 sed
730 1797 768 1820 eo
782 1786 878 1825 finito
891 1786 1042 1830 factum,
1067 1786 1252 1822 Masinissa
1275 1798 1343 1821 non
1367 1787 1560 1822 nolentibus
1581 1787 1749 1822 Romanis

379 1849 524 1884 illorum
555 1847 725 1882 dicionem
754 1845 949 1879 infestante.
984 1866 1028 1871 —-
1065 1847 1237 1880 Numidae
1265 1850 1376 1882 exstat
1405 1847 1442 1881 in
1463 1847 1568 1893 longe
1591 1846 1748 1891 plurimis

378 1908 503 1952 mvii,
534 1907 696 1948 Gruteri,
729 1905 878 1947 Wassii,
908 1905 1126 1949 aliorumque
1157 1906 1253 1940 codd.
1282 1906 1351 1940 Sed
1373 1906 1409 1940 in
1432 1907 1539 1941 Fabr.
1561 1907 1595 1940 1.
1617 1908 1687 1943 luc.
1712 1906 1746 1940 1.
1772 1904 1774 1907 ’

379 1970 416 2004 2.
439 1968 518 2003 Sen.
541 1967 575 2001 1.
599 1967 633 2002 2.
656 1967 781 1999 Heuss.
804 1965 910 1998 Acad.
934 1964 1051 1998 Struv.
1075 1965 1176 1998 Rem.
1199 1963 1233 1998 1.
1257 1965 1375 1999 multis
1399 1966 1515 2000 Guelf.
1549 1965 1669 2000 Leidd.
1702 1965 1746 2002 A.

378 2029 425 2064 B.
447 2028 489 2062 E.
513 2028 559 2060 H.
584 2026 610 2060 Ι.
633 2026 678 2059 K.
702 2026 752 2059 M.
777 2025 852 2058 Erl.
876 2024 980 2057 Misn.
1003 2024 1120 2057 Berol.
1143 2023 1177 2058 2.
1204 2025 1239 2057 et
1265 2024 1411 2059 Goerlit.
1434 2025 1584 2059 habetur
1620 2025 1746 2060 Numi-

380 2089 462 2123 diae
475 2112 486 2129 ‚
511 2086 547 2120 in
569 2097 638 2119 uno
653 2085 730 2119 Vin.
745 2085 779 2119 2.
798 2084 968 2118 Numidia
981 2109 990 2125 ,
1014 2083 1104 2125 quod
1121 2083 1257 2118 Cottius
1271 2095 1452 2128 perperam
1467 2085 1619 2128 recepit,
1639 2085 1746 2129 Bipp.

379 2147 598 2187 nanim-ato,
619 2145 764 2190 Langio,
784 2144 955 2178 Muellero
970 2143 1247 2186 obsequentibus.
1281 2145 1502 2188 Quamquam
1522 2146 1613 2179 enim
1629 2145 1664 2179 in
1680 2145 1747 2180 ista

379 2206 516 2242 dicendi
545 2205 679 2240 ratione
703 2204 794 2238 nihil
816 2202 967 2247 perversi
988 2202 1095 2245 inest,
1126 2206 1244 2238 tamen
1265 2204 1361 2238 codd.
1383 2204 1632 2249 discrepantiae
1650 2208 1747 2239 recte

379 2267 617 2302 consideratae
643 2265 739 2300 aliud
762 2274 881 2297 verum
904 2274 978 2296 esse
1000 2263 1191 2297 ostendunt.
1234 2264 1288 2297 Ex
1312 2264 1488 2300 Numidae
1510 2265 1623 2307 enim,
1654 2265 1745 2308 quod

379 2326 538 2363 Sallustii
561 2325 646 2367 fuit,
684 2324 870 2359 Numidiae
893 2323 1023 2356 factum
1050 2322 1312 2366 interpolatione
1341 2325 1553 2367 scribarum,
1584 2325 1644 2368 qui
1677 2325 1746 2359 hoc

379 2399 502 2422 nomen
523 2386 580 2419 vel
597 2386 641 2419 ob
663 2382 932 2429 grammaticae,
958 2383 1014 2416 vel
1034 2383 1078 2416 ob
1099 2383 1352 2428 geographicas
1366 2384 1514 2418 rationes
1533 2395 1554 2418 a
1572 2395 1657 2429 pars
1677 2394 1743 2417 vo-

380 2447 504 2490 cabulo
517 2446 663 2490 pendere
682 2444 808 2478 debere
823 2446 1060 2485 autumarent3
1098 2443 1285 2478 Numidiae
1304 2447 1419 2478 autem
1444 2443 1557 2477 scriba
1575 2443 1648 2477 cod.
1666 2442 1743 2476 Vin.

379 2509 416 2543 2.
439 2508 588 2542 secunda
610 2503 875 2548 interpolatione
897 2503 1047 2537 mutavit
1068 2503 1103 2536 in
1131 2503 1310 2544 Numidia,
1335 2503 1429 2537 haud
1451 2502 1554 2537 dubie
1576 2502 1659 2546 quia
1679 2513 1744 2546 pro

380 2566 526 2612 pluralis
553 2564 764 2599 nominativo
795 2562 938 2606 habuit,
972 2574 1074 2607 quem
1104 2566 1138 2597 et
1167 2574 1189 2597 a
1220 2563 1380 2607 loquendi
1411 2574 1475 2597 usu
1506 2566 1540 2597 et
1571 2563 1616 2596 ab
1639 2563 1744 2597 huius

381 2625 451 2661 loci
474 2637 573 2659 sensu
594 2624 745 2658 alienum
769 2635 842 2657 esse
863 2623 1013 2657 sentiret.
1043 2641 1088 2647 —
1120 2623 1284 2656 Mulucha
1314 2623 1459 2663 flumen,
1492 2622 1589 2656 cuius
1618 2622 1744 2656 iterum

384 2685 514 2720 mentio
548 2684 587 2718 fit
629 2694 658 2717 c.
688 2684 802 2725 xcn,
839 2683 894 2725 5.‚
926 2683 1016 2726 apud
1047 2682 1252 2716 Strabonem
1286 2683 1397 2723 xvn,
1429 2681 1464 2715 3.
1501 2693 1533 2725 p.
1568 2680 1647 2716 484.
1690 2682 1741 2714 cd.

386 2745 541 2780 Tauchn.
576 2755 609 2787 p.
643 2741 744 2777 1185.
772 2742 940 2777 AlmeloV.
965 2741 1147 2786 Μολοχάθ
1174 2743 1326 2775 vocatur.
1350 2751 1382 2773 ν.
1408 2740 1531 2775 cellar.
1556 2740 1632 2775 Not.
1658 2739 1741 2774 Orb-
