1826 3276
455 186 820 232 menarum.
881 186 1021 231 cAr.
1051 161 1182 231 u'x:
1408 189 1495 231 317

97 322 234 369 snper
260 296 450 351 'valluni
486 305 914 367 praecipitarentur,
947 305 1030 350 ¹alii
1065 305 1110 351 in
1152 303 1365 367 angustiis
1404 303 1492 366 ipsi

52 456 54 462 k
94 405 178 450 sibi
203 409 522 466 :properantes
576 404 838 457 officerent,
879 403 1039 448 .multis
1083 402 1254 448 amissis
1297 402 1342 450 in
1386 403 1491 447 loca

92 503 262 548 munita
285 518 386 548 sese
413 501 600 562 recepit.
670 500 884 549 Metellus
919 500 1088 546 infecto
1122 500 1322 562 negotio,
1344 506 1529 561 post-‘7

91 579 229 661 uuam
259 616 350 646 nox
383 599 564 655 aderat,
607 598 652 642 in
672 602 834 642 ‘castra
869 613 973 643 cum
1009 599 1206 642 exercitu
1235 599 1486 644 revortitur.

227 697 350 744 LIX.
421 697 566 757 Igitur
607 700 794 755 postero
841 693 938 751 die,
982 696 1246 755 priusquam
1294 697 1354 741 ad
1401 711 1488 758 op-

63 794 391 857 «pugnandum
433 792 727 854 egrederetur
747 825 761 848 ‚
819 791 1064 850 equitatum
1115 807 1297 838 omnem
1341 795 1387 839 in
1432 811 1487 840 ea

87 899 246 954 parte,
286 906 380 952 qua
411 891 535 951 regis
571 890 789 935 adventus
824 895 949 946 erat,
999 905 1087 950 pro
1123 891 1276 936 castris
1312 893 1488 954 agitare

88 991 238 1046 iubet,
292 995 461 1051 portas·
506 994 551 1033 et
603 1002 826 1050 proxuma
870 987 974 1031 loca
1020 982 1205 1034 tribunis
1253 989 1484 1052 dispertit,

85 1087 250 1133 deinde
279 1087 380 1148 ipse
415 1085 569 1147 pergit
605 1084 667 1129 ad
697 1085 941 1146 oppidum,
980 1091 1131 1147 atque,
1166 1093 1217 1132 ut
1251 1089 1486 1150 superiore

58 1184 184 1245 uie,
226 1199 407 1230 murum
447 1183 728 1246 aggreditur.
809 1183 993 1230 Interim
1036 1184 1258 1247 Iugurtha
1302 1201 1359 1232 ex
1402 1193 1522 1234 oc-2

82 1327 247 1370 promptu
269 1327 347 1366 θείς
381 1335 494 1370 neque
525 1329 644 1360 tamen
669 1326 860 1370 probamus
875 1352 886 1369 ,
920 1327 1014 1370 quod
1037 1325 1178 1362 Curtius
1199 1327 1322 1363 statim
1346 1327 1398 1361 sic
1421 1339 1484 1363 ex-

82 1385 207 1430 plieat:
239 1386 476 1432 „simulatque
509 1386 702 1431 equitatum
736 1388 900 1430 miserat,
931 1388 1041 1423 mittit
1070 1389 1177 1423 etiam
1210 1389 1248 1422 C.
1278 1389 1484 1424 Μητίιιιιιί,6

79 1446 237 1482 'rantum
269 1446 364 1481 enim
392 1448 514 1490 abest,
546 1452 586 1482 ut
618 1448 740 1482 missio
771 1449 946 1492 equitatus
976 1452 1012 1483 et
1035 1449 1146 1484 Marii
1171 1451 1291 1485 codem
1315 1451 1484 1497 temporis

78 1511 207 1553 puncto
229 1507 540 1551 facta.indicetur‚
574 1512 614 1544 ut
639 1509 775 1545 Marius
797 1512 897 1555 prius
921 1522 1027 1555 quam
1050 1511 1187 1556 equites
1217 1511 1382 1547 dimissus
1405 1524 1483 1548 esse

79 1569 256 1613 putandus
277 1568 344 1611 sit,
365 1581 478 1614 quum
502 1570 692 1607 Sallustius
714 1572 923 1618 gradatione
946 1573 983 1607 in
1006 1573 1183 1608 narrando
1204 1577 1347 1616 utatur,
1371 1575 1480 1608 verbo

76 1641 224 1676 propere
246 1629 435 1667 subiiciens
455 1643 499 1665 ac
520 1633 653 1676 statim,
679 1632 703 1666 i.
728 1644 759 1667 e.
784 1644 827 1667 ac
849 1634 1019 1677 protinus.
1064 1634 1179 1680 Igitur
1201 1634 1338 1679 equites
1361 1635 1483 1673 abiere

75 1701 252 1736 propere,
292 1690 318 1726 i.
336 1703 379 1733 ve.
417 1704 528 1737 quum
561 1692 716 1737 primum
755 1704 819 1738 per
854 1704 1013 1740 pugnam
1046 1696 1124 1730 fieri
1158 1696 1302 1741 potuit,
1342 1696 1484 1742 Marius

77 1754 197 1803 autem
229 1753 372 1794 stativa,
404 1753 428 1788 i.
463 1765 494 1788 e.
529 1765 573 1788 ue
604 1753 753 1788 minima
785 1755 928 1799 quidem
954 1767 1057 1791 mora
1085 1756 1310 1800 interposita,
1351 1757 1482 1803 quippe

10 1828 19 1837 ·
77 1813 114 1848 in
137 1824 207 1859 quo
229 1814 388 1850 maxima
411 1825 488 1859 spes
511 1814 638 1850 auxilii
670 1820 707 1850 et
737 1816 860 1851 salutis
884 1822 976 1852 esset
998 1818 1076 1853 sita.
1099 1837 1147 1844 --
1170 1818 1316 1863 Recepit
1339 1822 1482 1854 tuentur

76 1875 161 1910 Bas.
178 1875 211 1910 l.
235 1876 344 1913 Fabr.
362 1875 396 1910 1.
420 1875 455 1910 2.
479 1876 579 1911 Leid.
603 1876 643 1914 L.
675 1889 757 1912 cum
787 1889 916 1913 novem
945 1878 1046 1922 aliis,
1081 1877 1160 1913 vin.
1186 1879 1220 1913 1.
1255 1880 1360 1916 Rem.
1384 1879 1419 1914 l.
1442 1880 1480 1915 2.

43 1949 50 1952 ·
75 1937 148 1972 Ine.
171 1936 207 1971 2.
225 1937 378 1981 ‚Remi-d.
403 1937 523 1973 Guelf.
551 1938 585 1972 1.
609 1938 646 1973 2.
670 1938 705 1974 4.
731 1939 765 1974 9.
789 1939 937 1976 Goerlit.
963 1940 1069 1976 Misn.
1093 1941 1212 1976 Berol.
1238 1941 1272 1976 1.
1295 1941 1331 1976 2.
1379 1940 1479 1976 Reli·

75 1997 289 2035 enimbat
310 2000 454 2044 recipit,
481 2000 578 2035 haud
600 2000 707 2035 dubie
731 2004 876 2046 propter
899 2012 1044 2047 sequens
1067 2002 1270 2040 revortitur.

87 2093 90 2096 Α
166 2060 258 2095 mx.
281 2063 314 2104 ἓ.
338 2061 372 2096 1.
419 2073 491 2106 qua
513 2061 610 2106 regia
642 2063 814 2098 adventus
847 2064 948 2109 erat]
985 2064 1063 2098 Vin.
1090 2063 1123 2098 l.
1155 2075 1226 2109 qua
1257 2064 1364 2110 regi
1395 2065 1479 2100 adv.

77 2122 308 2166 mumius
329 2127 370 2158 ut
391 2122 469 2157 eat.
493 2123 599 2167 nvn,
622 2122 658 2158 3.
683 2135 754 2168 qua
787 2125 870 2159 ms·
896 2125 1077 2162 descensus
1101 2131 1200 2166 σαι,-
1232 2126 1291 2159 ssd
1315 2126 1406 2160 nihil
1428 2130 1482 2160 est
1545 2115 1554 2125 ”

75 2183 298 2218 mutandum.
324 2203 366 2210 —
390 2184 445 2218 De
467 2183 614 2228 propria
634 2185 770 2220 ratione
791 2189 990 2221 structurae
1010 2197 1097 2231 pro
1131 2187 1315 2221 castris
1337 2187 1481 2232 agitare

75 2242 199 2277 multis
229 2242 308 2288 agit
339 2244 578 2283 Hoffmannns
608 2245 647 2280 in
682 2247 796 2282 Iuhnii
830 2247 969 2282 Annali.
998 2247 1093 2283 Phil.
1125 2251 1160 2282 et
1189 2247 1347 2291 Paedag.
1374 2247 1480 2283 1828.

74 2304 153 2338 vol.
177 2303 222 2338 ΙΙ.
246 2304 348 2341 Faue.
370 2305 399 2342 Ῑ.
421 2317 456 2349 Ρ.
475 2305 549 2348 29.,
577 2317 642 2351 pro
673 2307 725 2343 ita
760 2308 892 2342 dictum
924 2321 1091 2351 censens,
1123 2312 1163 2344 ut
1192 2320 1262 2342 non
1297 2309 1394 2343 locus
1417 2310 1478 2344 de-

74 2365 252 2412 signetur,
285 2366 345 2400 ubi
377 2366 511 2412 aliquid
542 2365 608 2409 sit,
639 2368 700 2402 sed
724 2369 840 2412 potius
861 2369 1030 2412 directio,
1065 2380 1136 2413 qua
1156 2369 1241 2414 quid
1264 2370 1303 2404 in
1325 2371 1478 2415 aliquem

75 2428 188 2462 locum
210 2431 391 2471 vertatur,
423 2428 508 2463 coll.
532 2428 632 2464 Caes.
655 2430 700 2465 B.
727 2431 772 2465 G.
796 2431 838 2473 1,
868 2429 936 2472 48,
959 2430 994 2464 3.
1044 2431 1099 2464 Ea·
1123 2442 1162 2465 eo
1188 2431 1245 2465 die
1269 2431 1343 2466 dies
1366 2432 1478 2466 conti-

73 2499 161 2527 nuos
184 2489 336 2534 quinque
362 2489 496 2524 Caesar
514 2500 598 2534 pro
633 2492 811 2526 castris
843 2503 926 2526 suas
950 2492 1066 2536 copias
1087 2492 1270 2536 produxit,
1308 2497 1342 2528 et
1365 2494 1476 2528 aciem

73 2550 280 2585 instructum
302 2550 437 2586 habuit.
485 2550 555 2585 Sed
576 2550 607 2585 si
629 2562 721 2595 quae
743 2552 944 2586 directionis
968 2552 1063 2587 notio
1087 2552 1124 2587 in
1144 2553 1222 2588 istis
1235 2553 1352 2588 verbis
1373 2553 1475 2598 inest,

74 2621 118 2647 en
141 2610 179 2646 in
200 2612 377 2656 produxit,
401 2623 471 2647 non
494 2612 531 2646 in
554 2612 591 2647 vi
614 2613 881 2657 praepositionis
905 2613 1071 2648 cernitur.
1119 2615 1239 2659 Quare
1261 2626 1325 2660 pro
1349 2617 1476 2650 castris

74 2683 119 2707 ne
140 2673 290 2717 pendere
312 2673 454 2718 quidem
478 2678 577 2708 arcte
608 2685 650 2708 ex
682 2675 847 2719 produxit
881 2686 1083 2717 censemus,
1116 2676 1176 2710 sed
1208 2675 1260 2720 in,
1277 2675 1335 2711 his
1357 2677 1476 2711 verbis

74 2733 268 2769 coniunctis
288 2745 451 2779 mancam
475 2735 652 2780 quandam
673 2736 708 2770 et
730 2735 768 2770 in
791 2735 933 2771 brevius
957 2739 1172 2773 contractam
1195 2742 1392 2774 structurae
1415 2751 1475 2773 ra-

73 2793 207 2830 tionem
236 2781 488 2841 u'gnoscimus3
522 2807 604 2832 nam
634 2807 744 2841 quum
776 2807 842 2841 pro
875 2797 1034 2842 quietum
1065 2801 1219 2842 statum,
1251 2799 1288 2835 in
1319 2795 1389 2844 quo
1419 2811 1475 2834 res
