1826 3276
431 167 792 214 IUGURTHA.
829 167 993 213 ΒΑΓ.
1016 165 1108 213 CH.
1308 216 1318 219 χ
1377 173 1465 216 553

67 300 173 331 num
202 285 434 331 beneficiis
471 287 639 331 victum
677 302 801 342 esse3
849 302 954 332 nam
995 287 1117 333 bello
1143 288 1263 349 quid
1301 290 1462 346 valeat,

66 389 162 429 tute
198 384 294 429 scis.

204 480 282 528 Ad
335 496 409 538 ea·
438 481 652 527 Bocchus
708 480 892 542 placide
949 488 995 527 et
1055 483 1279 545 benigne;
1335 484 1528 529 simul12

65 637 128 679 XI,
150 636 187 672 7.
235 637 335 681 Quod
366 638 509 672 verbum
541 638 587 672 in
619 641 780 682 pectus
803 638 1003 683 Iugurthae
1026 640 1202 682 altius,
1237 651 1344 685 quam
1366 641 1460 686 qnis-

63 711 170 745 quam
192 705 294 734 ratus
322 703 422 742 erat,
460 699 721 740 descendit,
758 698 821 732 ubi
843 689 887 734 ἢ.
927 699 1027 733 Adde
1059 700 1389 736 Drakenborchinm
1416 702 1463 737 ad

61 759 142 796 biv,
164 761 332 802 XXXIV,
355 759 424 802 50,
452 759 488 793 2.
541 760 717 794 Fremitus
744 760 821 803 suit
851 762 1089 802 monentium,
1124 767 1164 797 ut
1195 774 1256 797 cas
1287 774 1386 797 voces
1418 764 1463 798 in

59 827 253 867 pectora
283 821 561 866 animosque
598 821 919 858 demitterent.
977 822 1217 858 Nihilominus
1252 824 1464 859 Gerlachius

61 881 100 917 in
122 882 176 917 ed.
201 883 286 918 mai.
312 882 452 918 dimitte
474 875 622 928 scripsit.
663 882 767 926 Quod
790 885 909 916 autem
933 882 970 917 in
995 884 1206 927 Gommentti
1229 897 1264 930 p.
1289 885 1370 920 329.
1396 887 1461 922 de-

61 944 162 980 mitte
193 955 232 979 se
262 943 414 989 probare
445 943 519 987 ait,
551 954 640 978 cave
672 948 773 988 putes
803 944 942 978 ratione
974 950 1172 989 permotum
1196 946 1329 983 fecisse.
1375 947 1463 982 Eius

60 1003 157 1039 enim
181 1015 250 1039 non
273 1015 384 1050 capax
407 1004 448 1038 V.
473 1006 545 1045 1).;
575 1005 708 1040 codices
732 1005 910 1050 sequitur,·
934 1006 1061 1050 quibus
1085 1007 1230 1042 ducibus
1253 1008 1289 1042 in
1314 1009 1367 1042 ed.
1393 1009 1462 1043 mi-

58 1076 147 1100 nore
167 1065 324 1111 ineptum
348 1066 486 1101 dimitte
510 1066 675 1102 restituit.
699 1085 743 1092 —
786 1067 871 1100 Esse
895 1071 973 1111 post
997 1069 1126 1102 victum
1157 1080 1227 1103 non
1251 1070 1403 1104 hahetur
1423 1071 1462 1105 in

60 1126 249 1163 Gnatae.
273 1114 391 1162 Febr.
423 1127 458 1163 1.
489 1128 574 1162 Ven.
606 1126 642 1161 4.
668 1130 703 1162 et
726 1127 875 1162 Taurin.
907 1128 1038 1164 Omisit
1060 1129 1219 1172 eortius3
1247 1132 1462 1167 Gerlachius

57 1187 203 1223 retinuit
224 1188 262 1223 in
284 1190 340 1223 ed.
363 1189 462 1231 mai„
493 1187 679 1224 delendum
702 1188 916 1234 pronunciat
940 1189 975 1223 in
1000 1189 1210 1226 Commentt.
1236 1205 1273 1237 p.
1299 1193 1397 1238 329„
1419 1205 1462 1229 ac

58 1258 202 1292 rursus,
223 1261 293 1295 quo
317 1250 586 1286 inconstantiam
610 1262 711 1286 suam
745 1254 953 1293 ostentaret,
988 1249 1024 1284 in
1049 1251 1102 1285 ed.
1129 1252 1214 1287 min.
1238 1253 1391 1298 repetiit.
1417 1274 1460 1281 -—

58 1307 162 1352 Quae
177 1321 242 1354 per
262 1319 346 1346 mm
370 1312 583 1357 particulam
605 1312 800 1347 annectitur
820 1311 1032 1353 enunciatio,
1055 1323 1124 1346 non
1147 1318 1280 1357 spectat
1305 1315 1349 1349 ad
1372 1315 1460 1360 ipsa,

58 1378 150 1413 qnae
171 1377 434 1415 praecesserunt
457 1374 579 1414 verba,
603 1374 663 1407 sed
687 1374 732 1407 ad
755 1372 999 1407 huiuscemodi
1019 1374 1228 1409 sententiam
1244 1376 1461 1420 cogitatione

57 1431 310 1475 supplendam:
341 1437 381 1468 nt
413 1433 525 1479 igitur
555 1434 724 1479 obsequio
756 1437 791 1468 et
815 1433 943 1468 officiis
975 1435 1193 1478 praestandis
1226 1436 1293 1470 tibi
1326 1438 1460 1482 optime

58 1493 236 1537 musuleo,
267 1495 322 1529 ita
354 1495 463 1530 armis
494 1499 529 1530 et
562 1500 685 1530 contra
710 1495 853 1530 nitendo
877 1495 966 1530 nihil
990 1496 1142 1539 efficie33
1175 1509 1259 1532 nam
1282 1499 1370 1534 bello
1393 1503 1458 1535 etc.

59 1551 102 1590 V.
125 1554 170 1588 ad
193 1566 227 1589 c.
249 1555 349 1598 XIX,
372 1556 407 1590 2.
432 1567 468 1600 p.
493 1556 574 1591 119.

153 1617 188 1657 §-
221 1616 279 1652 12.
325 1616 466 1662 placide
489 1620 535 1666 ¹et
568 1617 740 1662 benigne]
798 1617 1030 1662 lutum-etos,
1062 1628 1145 1661 pars
1174 1623 1350 1655 commate
1379 1625 1460 1666 post

60 1676 212 1723 benigne
233 1677 497 1723 distinguentes,
523 1677 587 1712 alii
610 1677 800 1712 semicolon
818 1681 996 1722 ponentes,
1021 1677 1065 1711 de
1080 1682 1258 1715 structura
1275 1686 1310 1716 et
1326 1682 1462 1718 ratione

7 1756 10 1759 Δ
58 1738 187 1774 horum
217 1739 408 1774 verborum
439 1751 478 1774 se
509 1739 696 1774 ostendunt
726 1739 928 1784 ambigere3
963 1737 1017 1772 illi
1040 1738 1135 1772 enim
1159 1741 1279 1776 omnia
1302 1743 1460 1780 referunt

59 1800 105 1835 ad
128 1801 237 1836 verbo
249 1802 364 1846 facit,
395 1799 436 1834 hi
459 1802 537 1844 post
565 1799 716 1846 benigne
748 1801 914 1845 supplent
935 1801 1136 1845 respondit,
1161 1803 1254 1845 quod
1277 1803 1313 1838 in
1338 1804 1458 1841 StruV.

63 1862 228 1897 Aeadem.
252 1862 398 1906 Vra-tisl.
422 1861 458 1897 3.
483 1865 518 1896 et
542 1862 664 1897 Guelt.
690 1862 748 1896 11.
770 1873 792 1897 a
816 1861 941 1896 scribis
971 1862 1128 1897 additum
1153 1866 1227 1905 est,
1262 1875 1374 1909 eaque
1398 1878 1458 1902 ex—

59 1923 205 1969 plicatio
228 1924 326 1969 hami
349 1923 456 1958 dubie
485 1934 583 1958 vera.
630 1924 720 1959 Nam
746 1925 851 1959 verba
867 1926 992 1967 facere
1015 1924 1075 1958 ad
1098 1924 1283 1968 aliquid
1306 1925 1365 1960 vix
1388 1927 1460 1962 La-

56 1984 175 2021 tinum
198 1986 326 2028 fnerit3
351 1990 546 2031 praeterea,
570 1985 737 2030 quoniam
755 1980 901 2020 Boccho
925 1997 994 2019 non
1015 1986 1130 2019 solum
1154 1985 1197 2019 de
1221 1986 1345 2021 Sullae
1367 1987 1459 2023 invi-

60 2046 252 2082 tationibus
269 2044 330 2082 'ad
360 2048 604 2082 Romanorum
639 2046 833 2082 amicitiam
867 2047 1169 2091 amplectendam,
1201 2058 1324 2083 verum
1349 2049 1459 2084 etiam

59 2107 133 2144 suis
155 2108 193 2143 in
214 2110 397 2144 Romanos
419 2109 555 2144 delictis
577 2109 761 2143 dicendum
786 2108 864 2150 ruit,
888 2110 979 2142 haec
1001 2120 1056 2143 res
1078 2120 1190 2153 paene
1226 2111 1397 2154 poposcit,
1420 2115 1459 2147 nt

60 2169 199 2205 diversa
220 2171 289 2205 ista
313 2182 336 2205 a
359 2170 528 2205 Sallustio
553 2175 716 2205 accurate
747 2170 1062 2215 distinguerentur,
1089 2170 1195 2215 idque
1225 2183 1264 2205 re
1296 2184 1382 2207 vera
1404 2173 1459 2208 fa-

60 2235 159 2266 ctum
188 2243 265 2266 esse
296 2232 424 2276 probat
457 2233 560 2266 simul
590 2231 776 2276 particula.
826 2231 1019 2276 Respondit
1051 2235 1170 2266 autem
1202 2233 1317 2267 omitti
1349 2245 1460 2278 posse,

62 2291 126 2327 nbi
157 2304 226 2326 non
259 2297 389 2339 agatur
422 2294 466 2327 de
503 2295 684 2339 proposita
724 2294 946 2339 quaestione,
989 2293 1061 2328 iam
1101 2293 1253 2328 diximus
1290 2294 1336 2329 ad
1379 2295 1458 2331 Cat.

61 2354 223 2396 XXXIV,
247 2354 281 2389 1.
305 2355 352 2390 cf.
377 2356 456 2401 Ing.
479 2355 568 2398 CXI,
589 2354 626 2390 1.
650 2356 708 2390 Ad
731 2366 774 2390 ea
801 2356 903 2389 Sulla
925 2366 988 2399 pro
1014 2367 1049 2389 se
1074 2355 1222 2389 breviter
1246 2360 1280 2390 et
1304 2356 1459 2397 modice,-

62 2415 106 2450 ἀὲ
126 2426 216 2460 pace
244 2421 279 2451 et
302 2417 346 2451 de
369 2417 526 2451 omnibus
547 2417 650 2451 rebus
674 2418 793 2452 multis
817 2417 991 2451 disseruit.
1025 2415 1104 2451 Liv.
1129 2417 1307 2460 XXXVII,
1331 2417 1399 2460 52,
1422 2417 1457 2453 7.

62 2477 121 2512 Aa
145 2489 188 2512 ea
214 2462 302 2512 «rex.-
334 2479 366 2512 si
398 2479 442 2512 ab
474 2479 555 2512 aliis
585 2478 651 2512 sibi
676 2479 911 2523 praemiorum
943 2478 1036 2522 optio
1069 2478 1278 2522 deferretur,
1313 2479 1459 2514 libenter

63 2539 205 2573 coneilio
230 2539 437 2584 amplissimi
462 2539 595 2574 ordinis
617 2551 758 2574 usurum
776 2540 899 2583 fuisse.
924 2550 959 2574 v.
984 2539 1114 2574 Duker.
1139 2540 1184 2574 ad
1207 2540 1320 2582 XXX,
1344 2540 1402 2584 31,
1423 2541 1457 2575 1.

62 2618 109 2628 --
133 2599 216 2635 Pro
240 2601 366 2636 delicto
390 2601 414 2635 i.
439 2612 470 2634 e.
491 2606 529 2635 ut
552 2601 778 2645 defenderet,
811 2604 873 2635 aut
896 2603 990 2635 certe
1013 2605 1054 2635 ut
1077 2606 1256 2636 excusaret
1282 2601 1456 2637 delictum.

62 2680 110 2687 —
133 2662 223 2705 Suo,
256 2662 351 2706 quod
374 2662 412 2696 in
436 2662 558 2698 Guelf.
581 2662 616 2696 3.
642 2666 679 2696 et
702 2662 815 2697 Paris.
839 2674 872 2696 x.
897 2662 1015 2704 deest,
1047 2662 1186 2697 Cottius
1208 2667 1341 2697 temere
1365 2662 1456 2697 omi-

62 2720 123 2756 sit.
147 2741 192 2747 —
226 2723 287 2757 ob
313 2734 462 2769 regnum
487 2724 673 2758 tutandum
696 2723 768 2758 iam
791 2722 1047 2758 illustravimus
1071 2723 1117 2758 ad
1141 2735 1171 2757 c.
1195 2723 1399 2767 LXXXIX,
1422 2723 1457 2757 2.

64 2781 203 2818 Cottius
225 2783 335 2819 verba
358 2783 514 2829 corrupit
537 2784 690 2819 scribens
712 2795 862 2831 regnum
885 2789 1060 2830 tutatum,
1090 2784 1148 2820 cui
1171 2783 1340 2821 audaciae
1364 2784 1458 2819 male
