1826 3276
406 180 490 221 476
769 175 814 218 G.
842 173 1163 218 SALLUSTI
1193 173 1410 218 CRISPI

370 293 526 337 5Nam
558 289 768 335 Bocchus
807 288 989 332 nuncios
1025 288 1083 331 ad
1119 303 1220 333 eum
1254 305 1388 350 saepe
1418 290 1614 346 miserat,
1648 292 1761 336 velle

409 386 564 446 populi
597 359 786 427 Romani
816 382 1072 435 amicitiam3
1107 397 1164 427 ne
1198 383 1305 442 quid
1341 383 1398 428 ab
1432 399 1480 428 se
1508 383 1665 430 hostile
1698 387 1762 430 ti-

367 484 559 526 6meret.
618 477 672 521 Id
701 477 1033 531 simulaveritne‚
1065 491 1156 536 quo
1185 478 1442 538 improvisus
1465 479 1654 540 'gravior
1685 495 1762 526 ac-

405 648 441 680 p.
465 633 542 669 149.
566 637 600 668 et
624 634 669 670 ad
690 634 768 678 lug.
787 633 828 674 L,
853 633 909 674 6.;
933 633 992 667 sed
1014 633 1121 668 etiam
1143 633 1180 668 in
1201 634 1304 668 rebus
1325 634 1458 670 bellicis
1478 635 1637 679 usurpari
1656 645 1764 679 appa-

406 699 460 729 ret
481 706 523 728 ex
546 706 577 728 c.
600 692 792 733 xxxvm,
815 691 849 726 4.
895 691 1068 737 Iugurtha
1090 694 1294 738 intempesta
1317 699 1414 728 nacte
1441 694 1494 729 de
1525 680 1763 739 impr-aeica

407 754 624 788 multitudine
659 753 888 786 Numidarum
915 753 996 786 Auli
1027 757 1188 787 castra
1219 754 1258 788 ci
1267 755 1499 789 rcumuem‘
1507 758 1535 788 t.
1558 773 1603 779 -—
1625 753 1679 787 Ad
1700 765 1762 786 mz-

407 815 528 848 datum
551 814 624 847 fere
644 823 760 846 omnes
784 811 932 846 editores
954 814 1033 855 fore
1057 812 1282 855 supplendum
1305 817 1462 857 censent,
1486 812 1604 848 Curtio
1625 803 1764 848 auctore

405 873 626 918 ineptissimis
649 871 816 916 exemplis
838 870 913 913 usi,
945 866 1069 914 quibus
1090 871 1158 905 hoc
1180 873 1430 915 demonstrent,
1458 873 1535 917 lug.
1557 872 1708 915 LXXVI,
1729 871 1763 904 1.

405 937 482 970 Cat.
505 934 653 976 XXVII,
678 933 710 966 1.
745 934 780 965 et
802 931 929 972 XLVI,
953 930 986 965 2.
1031 931 1149 974 Neque
1181 935 1381 976 reputarunt
1405 931 1483 973 isti,
1510 934 1550 966 ut
1574 931 1764 970 infinitivus

403 994 511 1030 futuri
541 993 670 1038 passivi
701 992 848 1034 evadat,
882 1002 951 1025 non
976 993 1056 1036 sore
1077 991 1261 1036 participio
1279 993 1372 1035 perf.
1394 1002 1484 1035 pass.
1506 990 1604 1032 addi,
1637 990 1698 1027 sed
1718 990 1763 1024 in·

404 1066 484 1089 cum
506 1055 625 1099 supino
649 1051 811 1097 coniungi
834 1051 978 1094 debere,
1005 1062 1048 1085 ac
1069 1051 1202 1085 nullum
1231 1051 1312 1085 talis
1333 1050 1514 1093 infinitivi,
1535 1051 1676 1095 qualem
1698 1061 1761 1084 vo-

403 1116 499 1157 lunt,
529 1114 725 1157 exemplum
755 1113 898 1145 exstare.
945 1111 985 1145 Id
1020 1111 1181 1155 quamvis
1210 1110 1356 1145 sentiens
1386 1110 1520 1153 Faber,
1550 1114 1665 1145 tamea
1694 1119 1762 1142 non

402 1174 485 1209 satis
515 1173 727 1208 considerate
755 1170 961 1205 Sallustium
993 1171 1076 1205 dicit
1106 1172 1197 1205 alias
1225 1170 1364 1214 quidem
1385 1171 1466 1213 sore
1494 1180 1562 1204 uon
1592 1168 1761 1208 omittere,

401 1236 460 1269 sed
489 1234 525 1267 h.
555 1233 579 1266 l.
611 1237 750 1276 propter
780 1242 923 1274 sequens
953 1231 1110 1265 futurum
1142 1234 1350 1264 certaturum
1381 1228 1486 1264 facile
1519 1227 1677 1263 omittere
1698 1237 1760 1271 po-

400 1294 517 1329 tuisse.
561 1292 630 1326 Sed
653 1291 744 1335 quod
766 1291 915 1334 positum
937 1291 1068 1325 falsum
1091 1291 1199 1334 foret,
1229 1289 1265 1323 id
1287 1300 1397 1334 neque
1418 1288 1532 1324 omitti
1553 1291 1682 1333 potest,
1703 1297 1759 1320 ne-

400 1365 468 1398 que
498 1352 707 1398 cogitatione
736 1351 892 1384 additum
921 1355 1054 1384 rectum
1082 1350 1133 1384 fit.
1185 1350 1304 1392 Quare
1339 1359 1516 1383 censemus
1551 1349 1667 1391 locum
1697 1349 1760 1381 aut

399 1417 600 1457 corruptum
632 1422 726 1453 esse,
750 1412 796 1445 iri
825 1421 927 1453 voce,
968 1421 1070 1453 quum
1103 1408 1261 1453 legitima
1289 1411 1463 1442 structura
1491 1386 1658 1452 postulat,
1686 1406 1760 1440 iam

391 1468 535 1508 'mature
557 1483 618 1515 per
647 1483 681 1506 m
711 1471 860 1505 'itteram
884 1470 1065 1512 absorpta,
1099 1473 1160 1502 aut
1182 1467 1392 1501 Sallustium
1414 1467 1451 1501 in
1473 1467 1646 1511 quoddam
1668 1463 1758 1501 ἀνα-

398 1532 599 1572 κολουθίας
629 1541 738 1576 genus
767 1529 942 1572 incidisse,
976 1527 1131 1570 nihilque
1169 1538 1242 1560 esse
1273 1527 1490 1562 mutandum.
1508 1539 1514 1550 ³
1541 1525 1637 1560 Fieri
1665 1525 1758 1559 euim

398 1593 530 1638 potuit,
558 1595 618 1634 ut,
652 1600 757 1634 quum
788 1587 901 1631 primo
919 1587 1048 1622 dnobus
1067 1586 1274 1630 participiis,
1306 1586 1483 1632 geminata
1504 1591 1566 1620 aut
1587 1585 1758 1630 particula

398 1651 594 1692 disiunctis,
616 1659 797 1684 commune
820 1648 966 1681 verbum
987 1647 1092 1680 vellet
1111 1646 1292 1689 subiicere,
1313 1648 1408 1682 velut
1427 1647 1463 1680 in
1485 1646 1577 1680 huuc
1598 1646 1756 1680 modum:

397 1712 448 1747 ita
481 1713 558 1755 lug.
589 1714 652 1744 aut
685 1719 797 1753 praes.
832 1707 1021 1748 nudatum,
1060 1710 1122 1740 aut
1153 1707 1288 1750 praelio
1325 1711 1511 1742 certamem
1551 1707 1755 1740 damnum

395 1781 657 1817 passurum,
675 1787 720 1794 -
741 1771 816 1802 tum
843 1766 1032 1802 interiectis
1061 1767 1177 1801 verbis
1210 1767 1241 1800 εἰ
1270 1778 1314 1801 ea
1334 1767 1480 1811 patah
1509 1765 1645 1809 incepta
1665 1768 1755 1798 stru-

397 1836 497 1866 ctura
519 1831 700 1865 deflectens
723 1829 870 1862 alterum
902 1826 1122 1871 participium
1143 1826 1261 1861 statim
1287 1827 1418 1861 faceret
1437 1825 1584 1860 verbum
1605 1824 1751 1862 linitum.

395 1893 520 1927 Utrum
551 1901 593 1926 ex
622 1889 679 1923 his
708 1899 829 1922 verum
863 1887 928 1930 sit,
961 1886 1023 1921 alii
1053 1886 1214 1927 videant;
1241 1897 1303 1920 nos
1331 1889 1424 1920 certe
1454 1885 1544 1921 nihil
1570 1885 1754 1931 vulgatam

394 1951 615 1986 mutavimus.
1320 1953 1322 1955 ·

485 2014 516 2054 ς.
543 2009 577 2044 5.
602 2012 637 2044 et
657 2008 693 2044 6.
743 2007 835 2043 Nam
859 2007 1031 2052 Bocchus]
1059 2006 1152 2041 Nam
1174 2005 1347 2049 particula
1367 2007 1497 2048 spectat
1519 2004 1564 2038 ad
1587 2003 1751 2038 omissam

394 2070 597 2106 sententium
619 2068 839 2103 huiusmodi.
835 2067 1049 2149 ⁸‚Bocchum
1070 2077 1153 2099 vero
1175 2076 1245 2099 non
1266 2065 1319 2099 ita
1339 2067 1455 2108 petere
1477 2064 1637 2104 volebat3
1670 2074 1752 2097 nam

395 2132 424 2166 is
447 2135 512 2166 etc.
535 2141 570 2164 v.
595 2130 639 2164 ad
663 2141 693 2162 c.
717 2129 812 2170 XIX,
859 2139 925 2171 ..p
948 2127 1027 2161 119.
1049 2145 1093 2151 —
1130 2125 1244 2166 Velle,
1273 2135 1320 2158 sc.
1352 2135 1408 2167 se,
1433 2124 1525 2167 quod
1556 2123 1752 2157 subiectum

394 2204 437 2225 ex
460 2190 574 2225 verbis
595 2188 750 2234 proxime
772 2187 982 2232 praegressis
1005 2185 1143 2226 elicias3
1169 2196 1204 2218 v.
1228 2184 1274 2218 ad
1295 2184 1370 2218 eat.
1392 2184 1528 2226 XXXI,
1549 2183 1585 2217 Ἰ.
1607 2183 1650 2217 ad
1673 2183 1750 2227 lug.

395 2251 485 2295 XIV,
508 2250 543 2284 3.
567 2269 613 2275 -—
634 2250 689 2283 De
710 2248 815 2283 totius
838 2245 1083 2280 enunciatiouis
1112 2247 1287 2279 structura
1307 2255 1342 2280 v.
1365 2245 1410 2279 ad
1431 2244 1505 2279 Cat.
1529 2226 1625 2285 XXI,
1645 2242 1680 2278 8.
1705 2243 1750 2277 ad

393 2312 471 2355 lug.
494 2311 583 2352 VIII,
607 2309 640 2343 1.
663 2328 710 2334 --
744 2308 891 2342 Gravior
922 2306 959 2340 in
986 2303 1105 2340 multis
1126 2303 1225 2338 codd.
1258 2304 1393 2339 scribae
1413 2306 1589 2339 mutarunt
1610 2303 1646 2338 in
1665 2314 1748 2348 gra-

394 2372 469 2404 vius
483 2397 493 2414 ,
526 2370 657 2405 scilicet
687 2367 789 2402 veriti
821 2370 859 2401 ut
889 2364 1097 2401 adiectivum
1128 2366 1221 2396 recte
1242 2375 1322 2397 cum
1343 2364 1449 2398 verbo
1469 2362 1594 2398 sociari
1615 2366 1747 2405 posset3

393 2430 452 2469 sed
484 2440 518 2463 v.
549 2429 594 2463 ad
626 2429 701 2463 Cat.
734 2427 865 2469 XXVI,
886 2425 919 2461 5.
952 2427 987 2460 et
1018 2424 1063 2458 ud
1094 2423 1171 2468 lug.
1204 2424 1398 2466 XXXVIII,
1429 2422 1464 2456 1.
1484 2441 1531 2448 —-
1560 2422 1748 2463 Accideret,

393 2490 485 2535 quod
505 2492 616 2523 exstat
638 2488 674 2522 in
695 2488 780 2522 Naz.
802 2486 912 2522 Paris.
935 2497 967 2520 z.
1001 2484 1140 2520 Fabric.
1164 2484 1198 2518 1.
1231 2484 1356 2518 Franc.
1389 2485 1424 2518 et
1443 2481 1560 2516 Berol.
1585 2481 1632 2522 1.,
1655 2484 1747 2515 recte

393 2561 415 2584 a
438 2548 556 2583 Cottio
591 2551 624 2582 et
647 2547 831 2582 Gerlachio
862 2547 1026 2591 vulgatae
1054 2545 1244 2588 scripturae
1267 2536 1442 2577 accederet
1461 2541 1654 2584 praelatum
1677 2544 1747 2575 est:

393 2609 428 2643 in
449 2611 609 2653 promptu
634 2611 686 2641 est
706 2608 798 2641 enim
829 2606 995 2651 repentini
1016 2605 1164 2649 impetus
1185 2604 1257 2638 vim
1287 2603 1396 2636 multo
1417 2600 1668 2646 significantius
1688 2601 1744 2634 de-

393 2669 527 2715 signari
550 2668 704 2703 accidere
726 2668 831 2701 verbo
845 2693 855 2711 ,
877 2667 913 2701 in
935 2678 1004 2711 quo
1025 2666 1121 2700 notio
1144 2666 1195 2699 rei
1215 2663 1356 2709 gravis,
1387 2672 1476 2705 quae
1503 2673 1584 2696 eum
1615 2661 1650 2695 vi
1666 2663 1745 2705 fer—

394 2735 451 2765 tur
472 2732 507 2764 et
529 2727 649 2770 irruit,
679 2727 785 2767 inest,
818 2738 922 2771 quam
955 2727 1084 2762 leviore
1105 2729 1139 2761 et
1171 2723 1336 2759 indefiniti
1357 2734 1474 2758 sensus
1494 2721 1664 2757 vocabulo
1686 2730 1743 2754 ac-
