1826 3276
469 709 878 759 c.SALLUST1
913 707 1120 755 cmsm

250 836 322 896 Ι
397 835 457 895 U
538 834 601 894 G
677 834 736 894 U
814 832 875 891 R
952 831 1009 890 Τ
1087 829 1156 891 Η
1235 829 1311 887 Α.

90 1119 260 1193 Falso
287 1146 489 1207 queritur
519 1145 578 1192 (le
607 1152 766 1193 natura
791 1162 872 1193 sua
891 1160 1036 1208 genus
1061 1143 1337 1201 humanum,
1376 1140 1501 1202 quod

91 1244 322 1291 imbecilla
350 1251 487 1306 atque
516 1245 616 1292 aevi
649 1246 798 1293 brevis
832 1245 952 1291 forte
986 1244 1138 1307 potius
1171 1257 1309 1303 quam
1339 1241 1502 1286 virtute

188 1389 219 1426 1.
265 1392 297 1434 S.
319 1389 355 1426 1.
403 1391 509 1427 Falso
532 1393 690 1438 queritur
718 1392 764 1427 de
786 1396 920 1428 natura
943 1403 1009 1427 sua
1032 1401 1148 1437 genus
1174 1388 1388 1432 humanum]
1422 1388 1502 1422 Ho-

95 1462 177 1486 rum
206 1452 400 1486 verborum
431 1453 539 1489 nimis
565 1455 704 1490 subtilis
729 1465 852 1489 censor
869 1453 1000 1489 exstitit
1023 1451 1284 1498 Quinctilianus
1306 1451 1420 1486 Instit.
1450 1461 1504 1485 or.

96 1513 171 1556 IX,
193 1513 235 1557 4,
261 1513 321 1550 77.
343 1524 387 1548 eu
407 1512 600 1560 ἔνρυθμα,
635 1513 661 1552 i}
688 1528 720 1551 e.
745 1516 869 1560 aliquo
890 1515 1054 1562 rhythmi
1081 1526 1213 1561 genere
1239 1513 1506 1558 comprehensa,

98 1574 216 1609 dicens
228 1600 239 1617 ,
262 1586 333 1618 quo
354 1576 469 1621 effici,
492 1582 532 1613 ut
550 1578 664 1614 oratio
682 1589 752 1613 non
766 1578 851 1613 satis
868 1579 1005 1621 soluta,
1029 1578 1090 1612 sed
1106 1580 1293 1622 poetarum
1312 1586 1412 1610 more
1431 1573 1506 1608 vin-

99 1638 160 1671 cta
186 1637 359 1672 videatur.
408 1637 480 1672 Sed
508 1651 618 1682 quum
642 1639 804 1675 Sallustii
830 1640 939 1674 verbu
967 1640 1210 1675 tantummodo
1237 1637 1369 1684 insigni
1388 1636 1509 1683 gratia

100 1698 314 1742 procedant,
348 1702 462 1733 certos
486 1711 572 1734 vcro
599 1704 634 1735 et
659 1712 682 1735 a
703 1700 816 1745 poetis
842 1704 1027 1745 usurpatos
1051 1711 1219 1736 numeros
1245 1711 1316 1735 non
1339 1700 1509 1742 habeant,

100 1759 361 1804 Quinctilianus
391 1759 548 1795 diversae
572 1773 629 1795 res
654 1761 855 1796 confudisse
882 1762 1071 1796 censendus
1097 1765 1161 1799 est.
1207 1761 1331 1805 Neque
1350 1772 1432 1809 eum
1451 1764 1508 1795 tu«-

99 1834 183 1857 men
210 1810 425 1856 Gerlaeh'ius
449 1824 544 1854 recte
570 1822 720 1865 refellit,
753 1822 799 1856 ad
826 1822 931 1857 Catil.
959 1823 1061 1863 XIX,
1086 1821 1123 1856 5.
1153 1822 1364 1857 Commentt.
1388 1834 1424 1866 p.
1448 1820 1507 1857 79.

99 1884 301 1926 remittens,
335 1882 398 1917 ubi
417 1883 595 1917 veteribus
620 1882 852 1927 scriptoribus
876 1883 1053 1917 interdum
1071 1895 1191 1917 versus
1208 1883 1377 1917 excidisse
1394 1886 1510 1918 osten-

101 1946 173 1988 dit3
214 1956 298 1980 nam
315 1944 368 1979 ibi
385 1942 479 1978 dictu
496 1943 568 1977 huc
585 1944 691 1988 plane
714 1954 785 1977 non
802 1943 996 1987 pertinent,
1030 1943 1099 1978 nisi
1117 1944 1209 1978 forte
1225 1945 1294 1979 hoc
1312 1945 1511 1990 Iugurthae

101 2007 284 2042 exordium
299 2017 364 2051 pro
379 2016 484 2039 versu
499 2005 622 2039 habet.
652 2006 795 2050 Quanto
811 2005 1015 2050 prudentius
1031 2005 1218 2041 Diomedes
1234 2005 1298 2043 lib.
1315 2006 1362 2040 Π.
1381 2019 1416 2051 p.
1426 2006 1510 2042 464.

100 2069 268 2105 Putsclm
301 2067 509 2104 Sallustium
537 2078 690 2112 quoque,
728 2067 863 2111 inquit,
902 2067 1023 2102 dicunt
1053 2069 1227 2113 principio
1256 2068 1456 2114 Iugurthae
1485 2081 1510 2104 a

102 2131 264 2175 rhythmo
289 2130 449 2174 coepisse.
501 2129 628 2163 Verum
656 2129 719 2163 hoc
746 2134 858 2164 totum
890 2140 1006 2176 genus
1033 2130 1309 2174 reprehensionis
1342 2130 1511 2166 eiusmodi

105 2198 177 2235 est,
201 2195 264 2234 ut,
285 2191 318 2226 si
342 2191 611 2226 calumniatores
635 2191 720 2226 istos
743 2192 952 2234 audiamus,
977 2191 1023 2225 sit
1041 2192 1360 2234 conticescendum,
1393 2192 1510 2237 quia

104 2253 238 2288 nulla
257 2263 343 2286 non
366 2262 478 2296 pars
502 2252 738 2288 orationis
771 2254 818 2287 in
844 2253 1051 2299 aliquam
1082 2252 1291 2297 rhythmi
1320 2258 1400 2290 aut
1425 2265 1511 2288 me-

105 2315 168 2350 tri
205 2313 402 2358 speciem
431 2317 591 2358 potest
612 2314 853 2360 figurari.
884 2332 932 2341 —-
967 2314 1061 2356 Sua,
1086 2315 1182 2358 quod
1209 2315 1246 2349 in
1274 2315 1386 2350 tribus
1409 2317 1511 2353 codd.

65 2407 68 2409 Α
105 2375 219 2417 deest,
241 2373 280 2408 in
294 2372 376 2408 aliis
391 2374 512 2419 ‘locum
527 2378 660 2417 mutat,
682 2375 726 2410 in.
740 2375 918 2410 nonnullis
938 2376 1047 2411 etiam
1062 2376 1100 2410 in
1117 2378 1173 2411 sm·
1202 2377 1432 2422 depravatum
1447 2382 1513 2422 est,
1567 2376 1571 2381 ¹

106 2435 319 2471 Gerlachius
335 2445 519 2478 perperam
535 2440 651 2471 censet
667 2437 782 2472 omitti
798 2449 919 2482 posse,
942 2449 1012 2472 non
1036 2438 1186 2474 sentiens
1206 2443 1241 2474 et
1262 2439 1432 2475 orationis
1450 2452 1512 2474 ve-

104 2499 281 2532 nustatem
302 2506 346 2530 oo
369 2495 506 2539 perire,
530 2500 566 2531 et
590 2498 777 2533 obscuram
800 2499 879 2534 fieri
907 2500 1136 2543 sententiam,
1168 2505 1301 2535 natura
1316 2513 1404 2537 voce
1422 2504 1515 2538 nude

106 2557 241 2602 posita3
274 2567 358 2592 num
375 2568 419 2591 ex
431 2557 548 2592 verbis
566 2569 679 2603 genus
696 2560 888 2596 humanum
908 2561 1056 2596 minime
1080 2561 1310 2608 intelligitur,
1334 2564 1429 2608 quod
1450 2565 1515 2599 ille

106 2619 205 2661 vult,
227 2619 404 2653 hominum
428 2622 594 2653 naturam
621 2619 830 2665 vituperari.

200 2680 399 2724 imbecilla]
431 2680 484 2714 lta
506 2690 626 2714 omnes
645 2683 763 2716 tenent
785 2682 884 2718 codd.
903 2684 1036 2728 pariter
1048 2689 1088 2721 ut
1103 2698 1135 2721 c.
1156 2686 1212 2730 X,
1235 2685 1272 2721 6.
1299 2689 1335 2721 et
1358 2687 1436 2725 eat.
1452 2688 1514 2732 111,

108 2738 167 2782 4.,
196 2741 262 2775 ubi
273 2740 421 2775 curtius
438 2741 530 2775 falso
548 2742 731 2778 annotavit
748 2755 814 2788 pro
832 2745 1012 2782 imbecillis
1034 2747 1167 2782 dictum
1184 2760 1271 2783 esse.
1318 2749 1518 2784 Ernestium

63 2823 67 2827 -
109 2800 272 2837 similiter
295 2803 504 2840 statuentem
530 2803 746 2843 Goerenzius
774 2806 819 2842 ad
841 2807 915 2846 Cic.
940 2808 983 2843 de
1009 2808 1112 2876 Finn.
1131 2811 1183 2852 V,
1205 2810 1276 2857 24,
1300 2811 1358 2847 77.
1381 2824 1418 2857 p.
1435 2811 1518 2848 621.

186 2874 1237 2928 11.1
