1826 3276
350 185 434 226 420
529 151 533 157 ’
713 178 757 220 0.
786 177 1100 221 SALLus'rl
1128 178 1345 223 culsm

353 300 429 339 aut
473 294 510 338 si
550 292 778 344 Romanus
820 290 978 334 auxilio
1023 292 1110 338 suis
1151 293 1362 349 venisset,
1399 298 1572 354 ‚proelio
1606 314 1702 344 sese

316 393 343 436 4
357 394 607 434 certaturos.
659 386 776 428 Nam
804 385 984 430 callidus
1012 386 1060 430 id
1083 387 1222 437 modo
1245 388 1504 447 festinabat,
1534 392 1706 438 Bocchi

350 497 509 544 pacem
549 460 829 535 imminuere,
872 496 930 526 ne
969 496 1115 527 moras
1159 483 1367 543 agitando
1410 481 1530 527 aliud
1572 497 1705 540 quam

349 576 515 621 bellum
548 574 709 619 mallet.
1391 558 1397 573 x

472 665 709 714 LXXXII.
777 669 1021 730 Imperator
1062 677 1299 731 postquam
1340 671 1398 716 de
1439 654 1597 731 regum
1630 683 1704 714 so-

351 767 507 810 cietate
542 764 774 824 cognovit,
809 779 897 808 non
929 770 1118 821 temere,
1153 781 1324 825 neque,
1355 767 1416 811 uti
1450 779 1584 824 saepe
1617 765 1704 808 iam

348 932 392 965 atl
416 929 549 970 Sanctii
581 929 729 963 Minerv.
753 929 822 972 IV,
844 930 877 966 4.
907 942 941 975 p.
965 930 1034 966 165
1058 943 1109 975 sq.
1139 932 1194 967 ed.
1217 932 1306 966 Bau.
1326 935 1362 966 et
1382 942 1406 966 a
1425 930 1646 966 Boettiehero
1667 929 1705 963 111

348 992 431 1025 Lex.
463 990 579 1026 Tacit.
613 990 811 1034 I'rolegom.
844 1002 879 1035 p.
913 985 1102 1026 LXXXIII.
1123 1011 1168 1017 —-
1198 993 1268 1026 Pro
1297 991 1472 1025 Romanae
1491 989 1642 1024 Weisius
1663 999 1704 1022 ex

345 1049 509 1084 obsoletis
532 1049 610 1083 edd.
633 1051 773 1093 repetiit
795 1051 879 1084 dua·
913 1051 1032 1091 Rom.‚·
1063 1052 1121 1085 sed
1144 1052 1213 1085 dus:
1235 1052 1387 1096 glossam
1409 1061 1482 1085 esso
1501 1061 1569 1084 11011
1589 1049 1704 1083 solum

346 1121 386 1143 ex
409 1121 452 1143 eo
475 1111 569 1152 patet
583 1136 591 1152 ,
617 1110 706 1152 quod
729 1110 833 1155 longo
856 1109 997 1154 plurimi
1017 1110 1113 1144 codd.
1133 1110 1228 1144 hanc
1250 1121 1372 1145 vocem
1393 1121 1462 1144 non
1481 1109 1622 1150 habent,
1644 1107 1705 1142 sed

344 1168 450 1201 etiam
472 1179 514 1201 ex
535 1179 577 1202 eo
593 1191 604 1208 ,
627 1169 716 1212 quod
739 1169 775 1202 in
798 1169 876 1203 aliis
902 1171 971 1204 dua·
994 1170 1186 1211 Romanus,
1209 1169 1245 1203 in
1267 1167 1544 1205 1111101101ηοοω
1563 1167 1633 1202 dux
1654 1166 1704 1200 10-

344 1227 458 1272 gitur,
481 1227 517 1260 in
540 1227 650 1262 Paris.
673 1240 703 1262 z.
727 1233 842 1263 autem
865 1230 934 1263 dux
956 1230 1072 1263 versui
1098 1229 1367 1274 superscriptum
1389 1230 1451 1262 est.
1496 1226 1705 1272 Ignes-abant

345 1288 437 1321 enim
459 1287 592 1321 scribae
614 1288 817 1331 saepissime
837 1289 957 1332 populi
986 1289 1125 1323 nomine
1146 1288 1315 1334 singulari
1337 1298 1479 1322 numero
1501 1285 1615 1331 posito
1634 1295 1702 1319 non

343 1347 532 1391 significari
557 1347 731 1382 indefinite
761 1359 865 1382 unum
895 1359 937 1382 ex
960 1349 1106 1392 populo,
1135 1349 1194 1382 sed
1217 1359 1296 1381 011111
1319 1347 1380 1391 qui
1401 1357 1572 1381 summum
1595 1345 1702 1388 impe-

342 1405 434 1440 rium
457 1410 586 1448 teneat,
610 1407 677 1448 ita,
699 1411 739 1441 ut
761 1408 859 1451 quasi
883 1408 988 1442 totius
1008 1408 1117 1442 instar
1139 1408 1255 1452 populi
1278 1408 1338 1442 sit:
1373 1418 1474 1450 quem
1497 1417 1596 1440 11111111
1617 1406 1702 1439 Cor-

344 1465 414 1499 tius
436 1465 603 1508 exemplis
625 1466 710 1500 scite
731 1467 937 1508 illustravit,
972 1468 1051 1501 coll.
1074 1467 1148 1501 Liv.
1171 1469 1208 1510 I,
1227 1467 1292 1508 23,
1314 1466 1349 1501 7.
1402 1467 1455 1500 1122·
1476 1467 1554 1510 infit
1577 1466 1701 1500 Alba-

342 1536 446 1567 nus,
468 1537 514 1559 sc.
539 1525 696 1561 dictator.
719 1527 873 1570 XXXII,
898 1526 954 1568 11,
978 1526 1033 1560 10.
1081 1528 1133 1560 Εο
1151 1527 1314 1561 intentius
1334 1525 1557 1559 Romanus
1579 1525 1700 1567 instat,

341 1595 389 1618 sc.
413 1585 540 1618 consul.
564 1584 650 1620 ibid.
676 1596 706 1619 e.
729 1585 786 1626 32,
809 1586 866 1619 12.
886 1589 920 1620 et
942 1597 974 1622 e.
994 1586 1052 1627 33,
1076 1585 1109 1618 1.
1155 1586 1262 1619 Plura
1282 1596 1482 1630 congessere
1505 1583 1702 1619 Gronovius

341 1646 376 1677 et
397 1630 700 1678 Drakenborchius
730 1645 774 1678 ad
798 1646 850 1686 X,
874 1645 918 1687 4,
939 1645 974 1681 6.
1018 1646 1072 1680 Ita
1101 1646 1194 1689 apud
1216 1645 1361 1678 eundem
1391 1644 1427 1678 in
1449 1643 1594 1679 historia
1617 1643 1702 1677 110111

340 1704 464 1738 Punici
482 1703 571 1737 nihil
595 1704 804 1747 frequentius
826 1708 900 1747 est,
935 1716 1038 1748 quam
1066 1705 1172 1740 Poeni
1193 1704 1332 1738 nomino
1357 1702 1544 1748 significari
1566 1702 1700 1738 Hanni-

341 1764 455 1798 balem
478 1767 538 1797 ant
563 1763 671 1798 alium
702 1764 1040 1810 Carthaginiensium
1064 1765 1196 1800 ducem.
1241 1764 1342 1808 Apud
1363 1763 1567 1799 Sallustium
1587 1763 1700 1807 ipsum

342 1823 497 1857 Numida
526 1834 630 1867 saepe
661 1824 787 1858 dicitur
808 1836 872 1869 pro
893 1836 977 1869 rege
998 1825 1225 1859 Numidarum
1245 1824 1434 1869 Iugurtha,
1470 1827 1510 1859 ut
1532 1835 1562 1858 0.
1586 1823 1642 1865 CI,
1664 1822 1700 1857 6.

341 1884 427 1924 CVI,
449 1882 485 1916 3.
507 1883 640 1925 CVIII,
663 1883 698 1918 3.
725 1885 826 1926 CXI,
847 1883 882 1918 4.
906 1885 1036 1927 CXIII,
1062 1884 1108 1926 6.,
1137 1885 1282 1917 Maurus
1302 1894 1366 1927 pro
1391 1893 1475 1928 rege
1496 1883 1699 1917 Maurorum

339 1943 500 1986 Boccho,
522 1943 568 1977 cf.
593 1954 622 1977 c.
646 1944 781 1986 XCVII,
805 1945 838 1978 2.
861 1943 978 1985 CVIII,
1000 1944 1034 1979 L
1059 1944 1182 1986 CXIII,
1203 1942 1238 1977 3.
1263 1943 1343 1987 [cf.
1367 1943 1532 1978 Herodot.
1552 1943 1582 1986 1,
1607 1942 1641 1990 3.
1663 1946 1699 1977 et

340 2002 397 2037 80.
417 2003 598 2037 Demosth.
620 2003 663 2036 de
684 2015 770 2047 pace
792 2005 824 2046 §.
847 2002 904 2039 25.
930 2003 1018 2047 Fa]

432 2065 464 2105 §.
495 2062 528 2098 4.
575 2063 613 2096 id
643 2064 741 2096 modo
767 2065 983 2108 festinabat]
1020 2065 1062 2098 ld
1083 2074 1152 2107 non
1177 2063 1364 2104 redundat,
1389 2065 1428 2096 ut
1449 2061 1558 2095 videri
1579 2060 1699 2104 possit,

340 2122 400 2156 sed
422 2121 494 2156 vim
512 2121 681 2156 orationis
704 2127 821 2167 auget,
843 2123 874 2158 si
897 2124 1034 2168 quidem
1054 2124 1246 2167 sequentia,
1269 2123 1392 2166 quibus
1415 2121 1599 2156 festinandi
1619 2120 1698 2154 finis

339 2183 559 2226 declaratur,
593 2180 667 2215 iam
699 2183 917 2226 aliquatenus
949 2183 1151 2228 pronomine
1173 2182 1323 2216 indicata
1344 2185 1441 2224 sunt,
1470 2184 1510 2216 ut
1530 2181 1696 2225 quodam-

339 2243 440 2276 modo
473 2241 507 2276 ei
540 2241 740 2285 explicando
773 2242 971 2291 inseryiant.
1028 2242 1113 2276 Vide
1150 2245 1269 2276 notata
1301 2242 1346 2276 ad
1376 2241 1476 2278 Catil.
1507 2239 1637 2287 Ial,p7.
1659 2251 1695 2284 p.

343 2302 423 2336 239.
445 2323 492 2330 —
515 2302 643 2336 Bocchi
669 2313 820 2346 pacem
850 2303 1108 2336 imminuere
1139 2306 1178 2336 ut
1209 2301 1356 2346 explicet
1378 2300 1548 2345 langius,
1574 2310 1695 2343 pacem

340 2362 456 2406 inepte
478 2363 725 2407 interpretatur
744 2362 841 2405 pacis
862 2363 1033 2402 animam3
1056 2362 1115 2396 sed
1134 2374 1242 2405 quum
1264 2361 1411 2396 alicuius
1433 2361 1484 2395 rei
1507 2360 1695 2394 imminutio

339 2425 469 2466 spectet
501 2422 546 2455 ad
577 2433 653 2456 eam
676 2421 960 2465 corrumpendam
991 2431 1033 2455 ac
1055 2421 1327 2464 dissolvendam,
1353 2431 1488 2456 sensum
1510 2419 1695 2454 verborum

340 2482 428 2515 bene
449 2481 616 2525 expressit
641 2482 865 2516 Gerlachius=
891 2492 1023 2525 pacem,
1048 2492 1153 2524 quam
1174 2482 1334 2515 Bocchus
1359 2481 1533 2526 agitabat,
1554 2479 1694 2513 turbare

342 2545 443 2584 atque
465 2540 650 2584 impedire3
681 2543 726 2576 ef.
750 2541 822 2577 Cic.
853 2553 888 2586 p.
911 2543 1016 2577 Rosc.
1042 2542 1157 2576 Amet.
1194 2554 1224 2575 c.
1246 2541 1312 2585 38,
1344 2540 1424 2575 1⁰9.
1474 2539 1612 2574 Nullam
1643 2544 1694 2574 est

342 2602 512 2645 officium,
541 2601 672 2635 nullum
706 2602 760 2636 ius
789 2607 863 2636 tam
891 2606 1045 2636 sanetum
1076 2606 1177 2645 atque
1199 2602 1391 2646 integrum,
1420 2599 1510 2644 quod
1532 2611 1599 2632 non
1621 2599 1694 2633 eius

342 2662 448 2702 scelus
467 2661 610 2695 violarit
633 2665 666 2695 et
688 2661 978 2696 imminuerit.
1001 2671 1034 2696 v,
1055 2660 1161 2695 etiam
1185 2661 1229 2694 ad
1252 2672 1282 2696 c.
1299 2660 1372 2701 CX,
1387 2659 1423 2695 3.
1468 2659 1627 2694 Ceterum
1649 2659 1694 2693 ad
1728 2652 1733 2654 ⁸

340 2720 530 2766 Iugurthae
560 2719 705 2756 consilia
734 2720 941 2757 illustranda
963 2721 1099 2756 Cottius
1123 2720 1278 2765 apposite
1307 2719 1415 2756 utitur
1436 2718 1591 2754 Cae-ari·
1615 2728 1691 2753 ver-
