1826 3276
455 163 822 208 IUGURTHA.
883 164 1009 208 CAP.
1040 163 1216 206 XXXI.
1461 167 1544 208 189

159 289 292 344 atque
327 281 555 327 dedecora
580 282 889 344 pervenerint3
924 281 1005 326 nisi
1033 281 1150 326 forte
1180 279 1380 325 nondum
1409 281 1541 325 etiam
1553 288 1610 328 20

158 395 239 426 vos
275 380 583 426 dominationis
620 394 776 424 eorum
811 379 986 424 satietas
1021 383 1165 435 tenet,
1218 383 1264 444 et
1298 377 1373 422 illa
1407 394 1544 437 quam

156 477 272 556 haec
315 483 523 538 tempora
577 478 722 538 magis
770 477 975 537 placent,
1023 490 1164 535 quum
1208 490 1375 536 regna,
1430 491 1543 536 pro-

155 576 349 633 vinciae,
403 576 552 635 leges,
614 575 732 631 iura,
786 573 974 630 iudicia,
1030 573 1151 618 bella
1201 578 1338 632 atque
1389 589 1539 634 pacm,

156 679 385 735 postremo
438 671 586 717 divina
639 677 683 715 et
738 670 934 715 humana
987 669 1135 714 omnia
1186 684 1326 730 penes
1373 687 1544 732 paucos

155 830 271 865 omnia
287 830 324 863 in
338 831 490 873 ventrem
506 827 673 862 dicionem
692 826 871 866 dedimus,
894 826 1056 871 quicquid
1077 826 1203 861 deinde
1223 827 1420 871 patiemur,
1443 828 1544 863 dedi-

156 890 231 926 ticin·
248 890 356 924 vestri
370 889 524 934 passuri,
546 887 608 923 ubi
631 898 666 921 v.
682 887 946 921 Drakenborch.
961 906 1006 912 -
1025 888 1165 922 Scilicet
1181 888 1320 924 Cottius
1343 890 1544 925 affirmandi

154 951 192 986 vi
213 943 528 996 positumcenset,
556 952 596 984 ut
618 948 664 983 sit
689 947 712 982 i.
738 959 772 991 q.
796 947 974 991 profecto,
998 952 1112 991 certo,
1143 948 1289 993 liquido.
1335 950 1413 985 Non
1436 963 1546 997 nega-

156 1010 269 1046 verim
301 1010 510 1045 Memmium
542 1009 748 1045 sententiam
778 1018 880 1042 suam
913 1009 982 1044 ista
1013 1009 1190 1054 particula
1221 1011 1450 1054 confirmare3
1483 1014 1545 1047 sed

58 1081 62 1087 ⁴
81 1100 83 1103 .
154 1073 310 1108 affirmat
332 1083 413 1106 cum
436 1072 563 1107 acerba
589 1070 721 1111 ironia,
759 1079 849 1112 quae
879 1070 1021 1113 propria
1044 1074 1097 1106 est
1119 1070 1226 1106 huius
1253 1072 1348 1108 vocis
1371 1078 1545 1118 potestas;

108 1139 125 1155 s
155 1145 190 1171 v.
212 1133 257 1169 nd
281 1144 313 1167 c.
331 1133 430 1172 xm,
453 1132 488 1168 3.
513 1151 560 1160 —
582 1125 652 1168 1¹ro
677 1131 929 1167 existumabitis
953 1132 1052 1167 Rivii
1076 1133 1178 1176 libri,
1207 1133 1375 1168 Commel.
1399 1134 1544 1170 etheid.

156 1194 199 1230 G.
221 1193 272 1228 Μ.
294 1193 339 1228 Ν.
363 1193 496 1230 habent
518 1193 778 1236 aestumnbitls,
811 1193 904 1237 quod
929 1193 1102 1229 Gruterus
1134 1197 1169 1228 et
1191 1194 1298 1239 Bipp.
1329 1195 1426 1230 male
1447 1207 1546 1231 rece-

155 1259 292 1302 petunt.
337 1253 425 1290 Vide
453 1255 499 1291 ad
522 1256 598 1290 Cat.
623 1255 726 1296 vm,
749 1252 785 1289 2.
808 1273 854 1279 -—
887 1253 943 1289 Sit
975 1258 1053 1299 post
1086 1255 1219 1290 deditio
1251 1255 1390 1291 Gortius
1425 1255 1547 1293 invitia

156 1316 261 1353 codd.
276 1315 439 1352 omnibus
461 1313 604 1349 delevit.
615 1332 664 1340 -
686 1315 730 1349 Ιπ
743 1315 988 1359 rempublicam
1004 1326 1073 1350 non
1089 1327 1158 1350 uno
1173 1316 1279 1351 modo
1295 1316 1420 1352 scribis
1434 1317 1547 1353 offen-

154 1377 245 1413 sioni
267 1376 356 1419 l'uit3
388 1374 493 1412 multi
516 1373 631 1418 enim,
654 1374 865 1420 particulam
887 1375 1008 1411 deesse
1030 1376 1119 1419 rati,
1143 1376 1270 1412 dedere
1292 1383 1343 1414 at
1365 1379 1403 1414 in
1423 1390 1547 1425 remp„

154 1425 449 1484 quemadmodum
471 1435 641 1471 Weinius
663 1436 820 1482 scripsit3
842 1447 933 1472 unus
954 1449 1002 1472 uc
1025 1437 1063 1472 in
1085 1448 1193 1483 remp.
1241 1438 1404 1483 Plurimi,
1434 1444 1548 1475 muta-

154 1505 229 1536 mn
251 1497 548 1545 praepositionem
571 1508 640 1532 non
665 1497 828 1540 ferentes,
853 1501 1044 1533 exararunt
1065 1498 1122 1533 ad
1144 1500 1312 1544 rempubl.
1347 1500 1547 1537 Genuinam

154 1560 365 1605 scripturam
389 1562 572 1595 servarunt
594 1559 725 1594 Palatt.
749 1570 888 1600 omnes,
913 1559 1021 1596 Fabr.
1037 1559 1072 1594 1.
1098 1560 1220 1595 Guelf.
1238 1560 1273 1595 2.
1297 1560 1370 1594 Inc.
1388 1560 1422 1596 1.
1447 1562 1546 1597 Leid.

156 1622 200 1657 A.
215 1621 260 1657 B.
276 1621 320 1655 D.
337 1620 379 1655 E.
397 1620 442 1655 G.
457 1620 506 1654 Η.
523 1619 574 1654 Μ.
596 1619 670 1655 Eri.
692 1620 785 1665 Teg.
810 1623 846 1654 et
868 1619 1018 1655 Goerlit.
1051 1638 1096 1647 —
1128 1623 1244 1666 Atque
1275 1627 1356 1658 ante
1380 1623 1548 1659 dedecora

156 1682 255 1718 eolus
275 1681 385 1716 Fabr.
402 1682 436 1716 1.
457 1691 527 1714 non
548 1679 668 1721 habet,
698 1682 852 1715 multum
877 1681 1048 1725 probante
1070 1681 1203 1717 Cortio.
1250 1682 1291 1716 Si
1314 1683 1432 1727 plures
1452 1683 1548 1728 iique

158 1742 240 1778 boni
258 1741 344 1777 libri
367 1742 585 1784 assentirent,
609 1743 798 1787 asyndeton
821 1742 906 1776 ferri
928 1752 1030 1787 posse
1051 1742 1233 1777 docuimus
1248 1743 1293 1778 ad
1305 1755 1335 1777 c.
1355 1744 1435 1786 XX,
1450 1743 1484 1779 8.
1501 1764 1547 1771 —

157 1804 228 1839 Pro
247 1804 472 1849 pervenerint
495 1803 591 1841 Mod.
613 1803 648 1841 ⁷.
671 1803 782 1838 habet
802 1807 1056 1849 pervenerant,
1077 1814 1185 1847 quam
1208 1803 1393 1838 lectionem
1418 1805 1548 1840 Gerla-

155 1864 258 1899 ehiun
291 1875 356 1908 pro
386 1863 517 1910 insigni
552 1876 615 1899 sua
646 1864 777 1900 latinae
807 1863 954 1909 linguae
975 1864 1119 1899 scientia
1144 1865 1239 1899 haud
1262 1866 1549 1901 contemnendam

156 1923 264 1968 dicit,
295 1924 426 1970 pariter
456 1928 496 1960 ut
530 1925 575 1959 ad
599 1925 674 1960 Cat.
701 1925 781 1966 vn,
805 1924 838 1961 3.
875 1926 911 1959 in
936 1926 1147 1962 Commentt.
1171 1939 1204 1971 p.
1228 1926 1286 1962 51.
1316 1938 1380 1971 pro
1405 1929 1550 1964 creverit

157 1987 266 2022 etiam
295 1992 454 2022 creverat
486 1987 556 2021 dici
587 1997 688 2032 posse
719 1985 906 2029 iudicavit,
939 1987 1032 2030 quod
1063 1989 1170 2032 quale
1201 1988 1247 2023 sit
1277 1988 1490 2024 ostendimus
1512 1989 1551 2025 in

157 2046 273 2084 lahnii
297 2047 436 2082 Annall.
461 2047 593 2082 Philol.
619 2050 654 2083 et
677 2047 830 2093 Paedag·
856 2057 889 2082 a.
919 2046 1023 2084 1829.
1044 2049 1127 2084 vol.
1151 2050 1195 2085 11.
1221 2051 1320 2085 Fuso.
1344 2050 1374 2084 1.
1400 2062 1436 2094 p.
1458 2051 1517 2086 61.

250 2110 283 2152 5,
305 2107 364 2145 20.
408 2108 478 2142 nisi
490 2108 603 2153 forte]
632 2109 686 2142 De
715 2107 754 2142 vi
784 2108 914 2142 harum
945 2108 1199 2152 particularum
1231 2121 1268 2145 v.
1293 2114 1416 2146 notata
1447 2112 1492 2147 ad
1515 2124 1547 2150 c.

160 2168 234 2212 111,
259 2169 294 2204 4.
318 2171 356 2203 et
376 2169 422 2205 ad
446 2168 551 2206 catil.
574 2170 662 2212 XX,
686 2167 744 2204 17.
779 2167 840 2212 qui
861 2169 960 2203 locus
983 2169 1090 2204 etiam
1113 2175 1274 2215 respectu
1296 2178 1333 2207 et
1356 2173 1550 2217 particulae

160 2229 276 2266 nostri*
290 2229 492 2264 simillimus
514 2233 634 2265 est.—-
654 2230 725 2265 Pro
746 2231 894 2266 satietas
915 2230 1067 2265 Bothius
1088 2230 1125 2264 in
1148 2231 1266 2266 Praei.
1290 2245 1325 2277 p.
1344 2234 1407 2268 XI.
1429 2245 1452 2268 a
1468 2234 1550 2270 Sal-

161 2291 267 2326 lustio
286 2290 455 2335 scriptum
481 2290 591 2325 fuisse
612 2290 754 2326 coniicit
775 2293 899 2335 satias,
923 2292 1015 2336 quod
1038 2291 1112 2326 iam
1129 2292 1333 2328 ciacconius
1355 2295 1553 2339 suspicatu-

160 2356 255 2395 erat,
288 2351 454 2395 quoniam
485 2351 619 2387 Nonius
640 2353 696 2395 11,
729 2352 812 2388 791.
845 2354 955 2388 refert
985 2352 1194 2388 Sallustium
1227 2353 1262 2388 in
1296 2355 1462 2391 Historiis
1496 2357 1550 2403 (v.

161 2414 310 2459 Fragm.
334 2412 404 2456 111,
427 2412 484 2447 13.
509 2413 627 2458 Gerl.)
656 2414 725 2448 hac
755 2414 874 2450 forma
906 2426 1008 2449 usum
1033 2426 1119 2449 esse.
1167 2414 1285 2449 Possis
1307 2415 1391 2450 huic
1415 2422 1551 2453 senten-

161 2474 234 2509 tiae
253 2485 296 2508 eo
318 2474 424 2509 fidem
446 2477 622 2516 astruere,
655 2477 748 2519 quod
778 2475 815 2510 in
839 2476 916 2510 eod.
941 2475 1089 2510 Goerlit.
1112 2475 1245 2521 legitur
1267 2478 1459 2520 satur-itan
1490 2480 1550 2514 sed

161 2547 253 2570 unua
271 2536 347 2570 cod.
371 2535 584 2571 relicuorum
608 2535 764 2570 omnium
787 2536 1030 2571 auctoritatem
1052 2548 1120 2571 non
1136 2540 1248 2581 potest
1261 2538 1412 2582 elevare,
1436 2551 1550 2585 neque

161 2596 422 2632 Grammaticus
453 2597 541 2631 dixit
568 2595 776 2631 Sallustium
809 2597 940 2640 ubique
970 2598 1062 2632 hanc
1094 2598 1249 2633 formam
1282 2610 1478 2644 usurpasse.
1507 2621 1546 2627 —

164 2657 261 2692 Illa
283 2662 441 2703 tempora
457 2661 578 2692 auctor
596 2657 671 2702 ipse
693 2656 878 2699 describit3
901 2658 988 2692 haec
1005 2659 1144 2694 Cortius
1165 2660 1252 2695 bene
1273 2661 1424 2706 explicat
1446 2663 1549 2707 „qni-

116 2721 120 2726 “
162 2718 227 2752 bus
249 2717 425 2753 vindicare
447 2729 632 2764 possumus
654 2718 691 2753 iu
715 2718 873 2754 obnoxios
890 2719 1083 2763 proditores
1097 2720 1351 2766 reipublicae.“
1368 2743 1412 2748 —
1438 2724 1547 2759 Paces

164 2778 292 2823 plurali
313 2790 458 2815 numero
482 2779 573 2816 Non.
588 2780 696 2815 Marc.
712 2780 765 2823 11,
788 2778 869 2815 621.
907 2791 999 2816 nove
1021 2780 1152 2818 dictum
1175 2788 1288 2818 censet
1311 2795 1334 2818 a
1355 2783 1486 2819 Catone
1509 2785 1545 2819 in
