1826 3276
412 195 413 199 ’
446 181 814 231 IUGURTHA.
871 184 999 232 GAP.
1028 184 1178 230 cvm.
1418 188 1504 232 588
1532 207 1538 211 ·

112 318 242 362 cum,
296 307 474 366 tempus
518 305 618 367 ipse
667 303 928 366 delegeret3
972 304 1176 351 consulta
1217 317 1316 351 sese
1353 304 1502 350 omnia

110 417 215 448 cnm
260 401 340 448 illo
391 402 570 464 integra
613 400 798 451 habere.
888 403 962 449 Ne
1003 401 1252 464 Iugurthae
1301 402 1502 464 legatum

104 529 195 572 dns,
224 539 295 564 non
326 526 444 574 potuit
476 526 595 572 alind,
624 538 732 573 qnam
762 527 832 563 hoc
862 527 1054 564 subiicere:
1088 539 1233 574 „quum
1255 538 1298 564 eo
1319 529 1504 573 praesente

104 590 341 636 impediantur
371 589 484 625 libere
513 590 557 624 de
589 590 695 624 rebus
724 589 974 624 communibus
999 600 1128 635 agere,
1157 590 1246 625 celle
1276 601 1351 626 sese
1379 596 1503 636 postea

72 690 75 691 ⁷
102 653 225 687 clam
253 652 434 696 Aspare
465 649 611 685 consilia
640 651 684 686 de
714 651 786 685 suis
816 651 917 686 rebus
939 651 1052 693 inire3
1073 651 1213 696 quando
1236 650 1330 686 enim
1351 650 1500 687 necessi-

103 711 172 748 mi
194 713 265 748 hoc
289 712 443 747 dandum
466 715 579 755 esset,
611 715 650 747 ut
672 712 787 756 Aspar
808 711 846 746 in
868 712 1085 758 colloquium
1107 713 1368 754 admitteretur.
1394 713 1500 749 aliter

100 772 179 808 cius
208 773 358 808 iusidias
387 772 415 808 i.
446 784 479 807 e.
504 772 733 809 consiliorum
756 774 961 818 speculandi
983 774 1139 810 studium
1162 773 1280 809 caveri
1315 773 1340 809 i.
1363 785 1396 809 e.
1419 773 1498 810 irri-

100 837 179 870 tnm
209 833 311 869 reddi
341 836 413 878 „et
442 833 539 868 eludi
569 845 640 870 non
668 835 838 880 potuisse.
846 837 871 856 “
917 835 1047 871 Talem
1069 838 1188 871 autem
1210 835 1419 871 sententiam
1441 846 1499 871 re-

99 906 186 932 vera
215 896 265 931 ab
295 898 440 937 auctore
466 895 642 940 proditam
666 897 775 931 fuisse
796 908 906 942 quum
928 897 1108 942 sequentia
1130 897 1210 931 luce
1231 896 1361 932 clarius
1383 899 1499 932 osten-

98 957 196 1000 dant,
216 958 352 992 frustra
374 968 455 993 eam
479 969 633 1002 quaeras
659 956 698 992 in
723 957 841 993 verbis
863 970 950 1004 quo
973 969 1030 993 res
1059 958 1247 993 communis
1270 958 1499 994 licentius

97 1022 376 1064 geren-etun
407 1029 500 1063 quae
521 1030 631 1063 quum
655 1022 691 1054 et
711 1031 776 1064 per
798 1031 857 1063 se,
888 1022 924 1055 et
943 1022 1106 1064 respectu
1129 1019 1409 1055 antecedentium
1431 1020 1497 1056 ol)-

95 1078 298 1115 sontissima
327 1078 414 1123 sint,
447 1083 524 1115 tum
556 1091 677 1115 rursus
705 1081 804 1116 nullo
834 1081 942 1117 modo
977 1080 1168 1115 cohaerent
1200 1091 1282 1115 cum
1314 1080 1382 1123 iis,
1405 1091 1499 1125 quae

95 1139 329 1176 subiiciuutm·
350 1152 449 1175 nam
473 1140 518 1175 ab
543 1141 680 1176 insidiis
704 1142 778 1176 eius
810 1142 918 1178 aliter
949 1142 1066 1176 caveri
1088 1141 1294 1186 nequivisse.
1340 1142 1422 1178 Hae
1444 1145 1496 1177 te-

94 1202 243 1244 nebrae,
275 1213 365 1246 quas
395 1202 504 1247 longe
527 1202 763 1246 plurimorum
794 1214 839 1238 ac
860 1202 1191 1247 probatissimorum
1214 1202 1389 1237 librorum
1412 1214 1495 1239 con-

94 1263 247 1299 sentiens
268 1262 443 1307 scriptura
464 1262 567 1297 nobis
590 1262 724 1308 obiicit,
748 1276 818 1299 non
839 1265 1082 1310 dispellnnfflr,
1105 1265 1167 1299 sed
1189 1268 1364 1310 augentur
1386 1264 1494 1300 etiam

93 1324 343 1359 nonnullorum
373 1323 586 1369 discrepanti
615 1325 787 1368 lectione;
823 1336 907 1360 nam
930 1326 969 1360 in
990 1325 1088 1359 Leid.
1114 1326 1156 1361 1).
1180 1325 1224 1361 F.
1248 1326 1292 1360 G.
1316 1326 1369 1361 Μ.
1390 1326 1436 1362 Ν.
1458 1329 1494 1361 et

95 1384 229 1421 Wassii
262 1385 359 1420 Ball.
390 1386 485 1422 Bibl.
520 1385 561 1419 P.
593 1386 696 1420 Bodl.
728 1386 840 1420 Laud.
872 1386 908 1421 1.
940 1385 974 1422 2.
1005 1386 1138 1431 legitur
1168 1387 1268 1421 acci
1277 1391 1371 1422 tum
1392 1398 1492 1422 esse

93 1458 161 1492 quo
194 1457 251 1481 res
282 1449 363 1489 ete,
394 1445 433 1481 in
464 1446 582 1483 Palat.
613 1445 650 1482 ⁷.
680 1447 816 1481 illum
850 1448 1055 1481 accitum
1089 1459 1156 1492 quo
1187 1458 1254 1492 res,
1286 1447 1324 1481 in
1346 1447 1491 1483 Martin,

92 1519 222 1554 quem
244 1518 343 1542 csse
366 1509 570 1544 accitum
593 1520 659 1553 quo
682 1519 758 1550 res,
790 1506 828 1542 in
850 1507 994 1544 Fabric.
1017 1507 1053 1542 2.
1078 1507 1351 1543 adhibitum
1376 1521 1489 1551 esse,

92 1580 174 1621 qap,
196 1567 368 1603 inPalat.
392 1568 427 1603 8.
451 1569 576 1614 quod
601 1580 648 1603 eo
671 1569 938 1603 advocatus
960 1572 1101 1612 esset,
1126 1580 1193 1614 quo
1218 1580 1276 1604 res
1297 1573 1378 1613 etc„
1400 1581 1492 1615 quae

92 1629 213 1664 omnia
242 1628 378 1674 primus
409 1633 573 1674 aspectus
606 1629 707 1663 docet
738 1629 785 1664 ab
815 1628 1130 1672 interpolatoribns
1160 1633 1281 1665 assuta
1310 1642 1398 1674 esse,
1430 1631 1492 1676 qui

90 1702 205 1735 neque
238 1690 431 1733 haberent,
466 1690 552 1734 quid
584 1700 673 1725 voce
703 1701 770 1735 quo
801 1689 978 1733 facerent,
1002 1701 1116 1734 neque
1137 1689 1298 1726 viderent
1319 1691 1491 1736 ineptissi-

90 1763 187 1788 mam
209 1751 262 1787 ita
283 1751 363 1786 fieri
386 1752 594 1787 sententiam
608 1777 618 1796 ,
650 1761 722 1796 qua
752 1751 948 1796 Iugurthae
981 1751 1121 1796 legatus
1155 1751 1282 1786 dicitur
1301 1758 1491 1798 propterea

89 1813 224 1850 accitus
255 1824 344 1854 esse,
377 1816 417 1849 ut
449 1814 609 1849 licentius
632 1813 675 1847 de
698 1810 943 1848 communibus
964 1813 1069 1847 rebus
1095 1811 1158 1857 agi
1180 1816 1317 1857 posset,
1342 1813 1368 1848 i.
1392 1825 1424 1849 e.
1445 1826 1490 1849 ne

90 1864 195 1911 Sulla
218 1873 418 1919 dubitaret,
449 1876 574 1920 palam
602 1874 792 1915 Bocchum
825 1872 869 1907 de
903 1873 1071 1908 tradendo
1092 1874 1266 1919 Iugurtha
1289 1875 1491 1920 appellare!

89 1937 170 1973 Non
193 1935 343 1977 melius,
365 1946 474 1980 quam
497 1935 554 1970 illi
587 1934 875 1979 interpolatores,
904 1934 1114 1969 recentiores
1137 1934 1289 1970 editores
1311 1935 1347 1970 in
1370 1936 1491 1981 despe-

90 2001 170 2034 rato
207 1998 288 2032 loco
320 1996 452 2031 versati
484 1986 592 2039 sunt,
623 2007 774 2040 quorum
805 1995 1053 2040 explicationes
1083 1996 1250 2041 vulgatae
1283 1996 1490 2046 scripturae,

89 2062 131 2095 ut
153 2046 302 2093 lectores
325 2056 394 2102 ipsi
415 2056 573 2091 iudicare
596 2057 740 2101 possint,
769 2058 842 2092 huc
865 2056 1148 2092 transcribemns.
1196 2057 1336 2093 Cottius
1359 2058 1489 2104 igitur:

90 2119 330 2166 „Sallustius,
353 2118 478 2163 inquit,
502 2129 626 2153 vocem
649 2121 826 2165 legatum,
850 2123 891 2154 ut
913 2118 1002 2153 alibi
1025 2117 1097 2152 alia
1119 2118 1282 2161 nomina,
1304 2122 1488 2163 tamquam

88 2193 154 2227 pro
187 2184 263 2216 tota
295 2179 453 2216 oratione
483 2179 623 2224 posuit;
658 2181 696 2216 id
727 2182 821 2226 quod
853 2180 965 2215 etiam
997 2178 1158 2224 proxima
1186 2191 1268 2214 aum
1293 2180 1398 2215 aliter
1420 2185 1488 2215 eto.

87 2241 272 2288 perspicue
302 2241 470 2277 indicant.
517 2241 612 2286 Cape
644 2253 730 2288 ergo
760 2240 1015 2287 praecedentia,
1050 2240 1152 2285 quasi
1183 2240 1352 2285 scriptum
1375 2244 1486 2275 esset=

87 2316 158 2339 neu
181 2304 339 2349 legatum
361 2302 577 2348 Iugurthae,
602 2303 664 2346 qui
688 2303 837 2346 adesset,
864 2306 927 2338 aut
950 2303 1142 2337 advocatus
1156 2329 1166 2346 ,
1189 2302 1302 2337 etiam·
1320 2302 1356 2336 in
1380 2302 1486 2337 fami-

87 2363 215 2399 liarem
246 2375 350 2398 usum
382 2367 581 2407 assumptus
611 2367 722 2406 esset,
753 2364 1034 2409 pertimescere23
1065 2375 1147 2398 cum
1180 2362 1232 2398 ita
1261 2366 1404 2398 cautum
1427 2359 1493 2406 sic

88 2437 155 2472 quo
178 2429 236 2460 res
259 2425 447 2459 communis
471 2424 630 2461 licentius
651 2430 837 2469 gereretur
850 2437 862 2468 ς
895 2435 978 2459 nam
1011 2425 1116 2460 aliter
1140 2425 1186 2459 ab
1210 2424 1274 2460 ins.
1298 2425 1343 2459 ei.
1366 2425 1484 2459 caveri

87 2487 328 2532 nequivisse.“
375 2484 465 2528 His,
489 2495 581 2530 quae
603 2485 766 2530 equidem
789 2496 860 2520 non
883 2495 1070 2530 assequor,
1093 2486 1250 2531 probatis
1272 2485 1484 2521 Gerlachius

86 2546 126 2582 in
151 2548 346 2582 Comment.
370 2559 406 2592 p.
429 2546 511 2582 332.
543 2546 617 2582 alia
647 2547 822 2592 quaedam
845 2547 959 2582 multo
981 2547 1202 2582 mirabiliora
1225 2546 1371 2589 addidit,
1393 2557 1481 2591 qua-

86 2618 170 2642 rum
192 2618 333 2643 summa
353 2609 444 2643 haec
467 2611 540 2644 est:
576 2633 600 2651 „
611 2609 704 2649 Hoc,
727 2607 864 2652 inquit,
887 2608 980 2652 apud
1004 2609 1160 2642 Graecos
1183 2607 1368 2652 scriptores
1390 2606 1482 2641 nihil

87 2669 304 2715 frequentius
313 2667 330 2712 ‚‘
356 2674 396 2705 ut
428 2669 583 2715 primum
614 2669 839 2704 accusativus
870 2669 989 2703 verbis
1015 2669 1160 2704 timendi
1182 2669 1377 2711 adiicietur,
1405 2671 1480 2702 tum

86 2742 150 2776 per
183 2732 391 2777 epexegesin
421 2731 619 2766 accuratius
651 2720 856 2775 explicetur,
891 2741 983 2774 quae
1015 2730 1052 2764 in
1085 2730 1150 2765 tali
1181 2741 1220 2764 re
1254 2729 1310 2763 vel
1333 2738 1481 2773 persona

87 2792 275 2828 metuenda
297 2788 378 2828 sintss
434 2793 510 2828 lam
532 2792 603 2827 hoc
625 2791 732 2827 ctiam
753 2792 839 2828 satis
860 2794 1009 2835 certum,
1030 2790 1140 2826 verba
1166 2788 1312 2826 timendi
1333 2800 1403 2825 non
1424 2799 1481 2824 so-
