1826 3276
403 194 432 220 χ
811 167 1336 214 PRAEFATIO.

536 286 661 332 Haec
685 283 816 344 igitur
847 282 1089 343 praesidia,
1123 297 1237 341 quae
1262 283 1368 328 mihi
1393 284 1452 329 ad
1481 289 1633 331 notum
1658 301 1740 348 tp-

402 394 602 451 paratum
636 384 833 428 criticum
863 382 1151 440 omnibusque
1183 388 1408 441 patentem
1448 393 1738 446 accesserunt,

403 493 436 537 si
470 487 578 547 quid
610 485 838 529 valuerunt
867 481 1093 527 ad-verba
1126 482 1316 527 Sallustii
1347 486 1500 543 paullo
1532 486 1737 532 emenda-

397 591 479 634 tius
513 585 758 631 exhibenda
771 617 784 642 ,
819 598 994 640 omnes,
1025 583 1100 641 qui
1132 581 1218 627 hac
1252 583 1443 629 editione
1476 587 1595 631 usuri
1625 593 1737 645 sunt,

396 693 524 750 grato
559 686 703 730 animo
743 692 919 729 mecum
961 689 1198 743 agnoscent
1239 686 1520 744 egregiorum
1547 686 1737 732 virorum

394 788 726 841 humanitatem,
770 785 846 843 qui
878 785 1006 828 unice
1047 784 1283 828 litterarum
1317 785 1578 843 antiquitatis
1610 801 1736 831 com-

393 889 573 934 modum
609 891 852 946 spectantes
886 885 970 929 suis
1005 884 1162 943 opibus
1192 899 1357 942 suaque
1392 889 1532 944 opera
1562 901 1636 930 me
1665 886 1735 931 iu-

393 1004 495 1034 vare
531 987 696 1047 dignati
730 990 837 1030 sunt.
904 983 980 1029 Ad
1013 984 1316 1043 explicandum
1347 985 1736 1044 illustrandumqne

392 1089 649 1147 scriptorem
681 1086 764 1129 alia
790 1084 898 1128 mihi
924 1085 1083 1128 auxilia
1114 1098 1201 1127 non
1232 1085 1420 1141 fuerunt,
1453 1101 1587 1143 quam
1619 1101 1734 1144 quae

393 1187 530 1232 Cortii
571 1186 724 1243 editio,
768 1154 890 1229 haud
932 1184 1276 1228 contemnendae
1310 1186 1555 1231 eruditionis
1588 1194 1731 1233 mate-

387 1287 453 1331 rie
493 1286 738 1342 abundans,
781 1286 1155 1344 antiquiorumque
1195 1285 1477 1345 interpretum
1506 1301 1732 1332 commen-

388 1387 516 1442 taria,
560 1401 588 1429 a
626 1385 893 1430 Frotschero
936 1400 1053 1430 novo
1095 1385 1329 1445 splendore
1363 1387 1589 1447 evulgata,
1623 1389 1731 1435 mihi

387 1486 733 1546 suppeditarent,
794 1487 911 1529 Nam
931 1486 1203 1530 ‘recentiores
1238 1486 1457 1541 editiones,
1492 1503 1604 1546 quae
1630 1491 1729 1548 qui-

386 1586 488 1630 dem
517 1587 662 1630 omnia
696 1585 888 1630 Sallustii
920 1557 1058 1645 opera
1091 1587 1461 1646 complectuntur,
1493 1603 1626 1646 quam
1658 1596 1728 1635 te-

381 1700 487 1730 nues
513 1686 596 1730 sint
628 1686 897 1744 exiguaeque
924 1686 1138 1741 utilitatis,
1172 1692 1238 1744 ut,
1277 1686 1313 1729 si
1344 1686 1521 1744 quando
1554 1703 1627 1734 eas
1657 1690 1730 1735 in·-

382 1785 539 1843 spicias
559 1815 573 1839 ‚
636 1784 899 1843 plerumque
959 1785 1215 1844 indignandi
1264 1801 1459 1831 caussam
1511 1788 1724 1848 invenias,

379 1899 530 1928 omnes
566 1883 728 1939 sciunt,
773 1885 870 1942 qui,
913 1890 1074 1942 quanta
1107 1886 1307 1930 socordia
1337 1888 1566 1932 inveterati
1599 1905 1723 1934 erro-

376 1999 446 2027 res
481 1984 542 2027 ibi
561 1988 823 2044 repetantur,
853 1983 1094 2028 difficillimi
1119 1986 1206 2030 loci
1233 1988 1322 2031 alto
1355 1988 1522 2033 silentio
1555 1995 1723 2035 transe-

377 2089 527 2139 antur,
561 2084 813 2143 planissima
847 2099 979 2144 saepe
1012 2091 1336 2146 pervertantur,
1378 2088 1463 2147 ipsi
1496 2104 1720 2149 cognove-

375 2189 490 2228 runt.
554 2183 798 2230 Eximenda
838 2191 983 2230 tamen
1029 2186 1130 2231 huic
1163 2188 1248 2232 levi
1283 2189 1435 2247 generi
1476 2195 1522 2233 et
1554 2205 1724 2234 summa

377 2282 508 2327 laude
537 2286 919 2330 commemoranda
952 2292 1017 2333 est
1050 2287 1206 2345 editio,
1241 2303 1372 2346 quam
1405 2289 1576 2346 Faber,
1608 2305 1720 2349 pro-

377 2382 517 2426 fessor
549 2385 926 2445 Norimbergensis
947 2419 961 2443 ,
996 2388 1154 2432 abhinc
1189 2388 1360 2432 duobus
1395 2390 1515 2434 annis
1540 2391 1715 2434 curavit.

379 2482 469 2536 Qui
503 2482 566 2526 vir
593 2498 728 2541 quum
761 2493 963 2531 accurata
995 2488 1170 2547 linguae
1201 2488 1384 2533 Latinae
1411 2476 1612 2546 scientia,
1645 2489 1715 2533 in—

377 2582 495 2640 genii
544 2584 740 2629 acumine
791 2590 836 2630 et
882 2587 1136 2647 incorrupto
1177 2589 1270 2633 veri
1321 2604 1447 2635 sensu
1461 2596 1473 2603 '
1493 2590 1714 2649 proximos

377 2680 566 2726 Sallustii
596 2683 783 2730 editores
815 2685 950 2746 longe
991 2694 1187 2748 superet,
1230 2693 1363 2748 atque
1401 2705 1431 2733 a
1473 2703 1610 2734 coeca
1640 2703 1716 2733 su-
