1826 3276
394 145 478 186 142
755 143 802 187 G.
831 143 1160 194 SALLUSTI.
1185 147 1405 196 GRISPI

396 248 587 316 delegit3
633 270 711 300 eos
754 257 893 301 multa
933 258 1190 318 pollicendo
1227 277 1281 309 ac
1324 265 1573 317 miserando
1609 281 1760 316 casum

397 366 523 396 suum
567 351 819 409 confirmat,
863 353 926 398 uti
966 369 1049 413 per
1092 354 1283 402 hostium
1327 360 1585 410 munitiones
1627 368 1762 411 noctu

397 447 455 492 ad
489 460 755 505 proxumum
789 462 940 506 mare,
978 449 1081 495 dein
1114 451 1307 500 Romam
1341 463 1596 514 pergerent.

531 541 696 587 XXIV.
765 543 986 589 Numidae
1014 546 1169 604 paucis
1204 546 1359 593 diebus
1392 549 1508 599 iussa
1542 551 1763 605 efficiunt;

395 636 569 680 litterae
603 637 871 684 Adherbalis
904 640 950 684 in
984 640 1150 688 Senatu
1183 643 1413 700 recitatae,
1449 660 1635 704 quarum
1661 662 1764 694 sen-

397 731 531 775 tentia
563 731 677 776 haec
706 733 800 780 fuit.

362 832 391 870 2
536 828 640 873 Non
681 844 782 874 mea
828 831 961 890 culpa
1003 847 1138 892 saepe
1184 831 1243 876 ad
1292 848 1371 878 vos
1413 842 1585 881 oratum
1625 837 1766 893 mitto,

396 923 550 968 Patres
593 925 853 986 conscripti,
901 925 979 970 sed
1024 927 1362 993 vis*lugurthae
1397 930 1584 992 subigit,
1632 946 1765 990 quem

396 1073 528 1108 licendo
557 1073 695 1108 Bodlei.
718 1075 816 1112 Leid.
838 1077 882 1112 1).
905 1078 952 1112 H.
975 1079 1010 1111 et
1032 1077 1135 1111 Rem.
1159 1077 1194 1114 1.
1215 1079 1438 1126 pollicitando
1451 1106 1462 1124 ‚
1483 1081 1576 1127 quod
1597 1081 1628 1116 si
1649 1082 1766 1126 paullo

393 1134 512 1178 plures
535 1133 616 1168 libri
639 1137 867 1180 praeberent,
890 1149 958 1172 non
981 1139 1221 1183 repudiarem,
1244 1151 1350 1184 quum
1373 1139 1558 1179 Sallustius
1579 1141 1766 1190 pleniorem

394 1194 546 1228 formam
577 1205 713 1230 amasse
742 1196 922 1240 videatur,
953 1199 1018 1243 (οἳ.
1050 1200 1096 1234 ad
1118 1211 1149 1234 c.
1174 1199 1272 1243 VIII,
1295 1201 1329 1235 1.
1353 1200 1454 1244 XVI,
1477 1201 1532 1246 3.)
1555 1213 1666 1248 neque
1687 1213 1767 1246 pro-

393 1253 512 1288 babile
533 1253 578 1291 sit
600 1255 733 1291 scribas
751 1257 906 1301 polliceri
929 1259 1083 1297 consulto
1106 1259 1143 1295 in
1166 1261 1353 1304 pollicitam·
1369 1265 1530 1303 mutasse,
1546 1272 1665 1301 eorum
1686 1273 1765 1297 con·

393 1314 572 1353 suetudine
601 1314 647 1349 ad
677 1316 888 1351 contrarium
922 1320 1036 1363 potius
1076 1320 1233 1355 ducente.
1298 1321 1416 1364 Quare
1447 1321 1485 1359 h.
1517 1321 1542 1359 l.
1579 1322 1768 1369 pollicitam·

391 1374 514 1421 paucis
543 1375 635 1420 illis,
668 1376 793 1421 quibus
827 1377 973 1414 fortasse
1009 1380 1179 1416 memoria
1200 1381 1388 1423 haerebat,
1411 1379 1510 1425 quasi
1532 1380 1650 1419 invitis
1671 1381 1767 1416 exci-

392 1434 482 1469 disse
504 1438 600 1480 puto.
628 1453 673 1461 -—
697 1437 824 1472 Casum
846 1437 883 1472 in
910 1439 1027 1476 Guelf.
1051 1439 1085 1474 2.
1118 1440 1346 1484 depravatum.
1378 1439 1414 1474 in
1445 1452 1625 1483 caussam3
1658 1452 1691 1478 v.
1722 1442 1766 1477 ad

391 1495 470 1530 Cat.
495 1495 644 1538 XXXV,
667 1495 702 1532 4.
725 1508 760 1541 p.
785 1497 863 1532 164.
890 1499 976 1534 Tac.
998 1500 1068 1543 111,
1092 1499 1159 1541 1⁷,
1183 1499 1217 1537 l.
1247 1499 1354 1545 ipsius
1377 1511 1507 1544 quoquo
1530 1500 1629 1535 modo
1652 1501 1768 1538 meriti

391 1567 535 1605 gravem
571 1567 688 1591 casum
719 1557 913 1593 miseratus.
947 1559 1211 1594 Drakenborch.
1244 1559 1288 1593 ad
1318 1558 1396 1593 Liv.
1429 1560 1613 1603 XXXVII,
1641 1559 1708 1602 17,
1731 1560 1765 1595 7.

391 1616 453 1650 ubi
476 1616 606 1660 pariter
627 1616 799 1652 vocabula
823 1629 921 1652 casus
944 1622 979 1653 et
1001 1629 1122 1653 caussa
1146 1618 1300 1652 confusa.
1323 1637 1368 1643 -—
1392 1619 1577 1664 Confirmat
1599 1619 1624 1654 i.
1647 1631 1679 1656 o.
1704 1621 1768 1657 du-

391 1675 542 1710 bitantes
575 1679 610 1709 et
642 1681 838 1712 recusantes
861 1678 999 1712 tandem
1021 1682 1222 1722 permovct;
1245 1689 1278 1714 v,
1301 1679 1454 1724 Herzog.
1481 1679 1527 1717 ad
1549 1679 1627 1718 cat.
1647 1680 1766 1724 XLVI,

390 1734 426 1769 3.
449 1735 549 1770 etad
572 1735 670 1769 Caes.
693 1737 736 1770 B.
772 1738 818 1772 G.
850 1738 888 1781 1,
920 1737 986 1780 33,
1009 1738 1044 1775 1.
1075 1757 1120 1763 —
1156 1738 1246 1775 Dein
1276 1738 1313 1774 h.
1348 1739 1372 1775 Ι.
1406 1739 1550 1783 plurimi
1582 1740 1766 1786 exhibent3

390 1795 555 1839 perpauci
589 1796 731 1838 dehinc,
763 1797 830 1831 duo
864 1798 1001 1833 deinde.
1042 1816 1087 1823 —
1118 1798 1172 1832 De
1205 1797 1347 1842 imperf.
1378 1799 1467 1834 coni.
1497 1804 1575 1845 post
1605 1812 1766 1846 praesens

390 1855 596 1890 historicum
618 1855 770 1892 diximus
793 1857 839 1894 ad
863 1858 938 1893 Cat.
963 1859 1132 1903 XXXIV,
1157 1859 1192 1896 1.

485 1962 609 1996 XXIV.
657 1964 692 2007 §-
721 1961 746 1996 2
794 1964 945 2008 oratum]
978 1963 1087 1998 Orare
1111 1961 1315 1998 Gerlachius
1337 1961 1420 1998 dicit
1443 1963 1480 1999 h.
1504 1964 1528 2000 l.
1551 1975 1620 2000 nou
1642 1977 1716 2000 esse
1739 1966 1763 2000 i.

391 2032 424 2065 q.
457 2031 608 2066 rogarc‚·
639 2022 698 2055 sed
731 2033 838 2069 quum
870 2028 1025 2058 oratore»
1059 2034 1162 2067 saepe
1192 2033 1255 2067 pro
1279 2022 1408 2067 legat&
1431 2023 1589 2063 ‘ficantur
1611 2025 1674 2070 (de
1696 2036 1765 2071 quo

390 2091 456 2114 usu
479 2090 513 2114 V.
538 2081 800 2117 Drakenborch.
825 2083 870 2117 ad
892 2083 968 2117 Liv.
993 2082 1180 2123 XXXVII,
1204 2081 1272 2123 26,
1295 2082 1348 2127 9.)
1372 2088 1506 2118 oratum
1542 2084 1640 2118 mitto
1670 2085 1764 2120 idem

388 2140 508 2175 ,valere
530 2144 632 2184 atque
655 2143 790 2189 legatos
812 2144 921 2178 mitto.
967 2141 1037 2176 Sed
1060 2153 1160 2176 orare
1183 2141 1280 2175 verbi
1301 2142 1372 2176 hoc
1393 2154 1497 2184 sensu
1516 2144 1676 2189 usurpati
1696 2155 1765 2179 non

392 2204 488 2235 certa
522 2204 654 2236 exstant
684 2203 852 2248 exempla.
906 2201 958 2236 Ad
990 2201 1059 2235 hoc
1089 2201 1247 2247 vulgaris
1278 2202 1465 2248 explicatio
1496 2204 1607 2238 multo
1640 2203 1765 2238 melius

392 2260 552 2295 convenit
574 2262 783 2297 Adherbalis
805 2262 970 2306 consilio,
992 2261 1183 2309 wirquum
1207 2272 1280 2295 sese
1303 2273 1469 2296 excusare
1491 2263 1646 2308 studeat,
1670 2263 1764 2298 haud

391 2320 497 2356 dubie
527 2333 595 2358 non
626 2333 668 2357 eo
696 2322 835 2357 veniam
865 2325 1005 2368 patrum
1040 2323 1263 2370 expetendam
1302 2322 1453 2366 censuit,
1497 2323 1590 2368 quod
1628 2325 1764 2368 legatos

391 2381 520 2416 iterum
553 2382 664 2426 misit,
697 2383 756 2418 sed
788 2383 880 2428 quod
914 2382 1030 2417 timuit
1060 2393 1103 2416 ne
1131 2383 1287 2427 precibus
1310 2383 1469 2419 molestus
1482 2384 1601 2427 fieret.
1646 2383 1764 2429 Quare

394 2447 530 2476 oratum
564 2443 662 2478 mitto
690 2447 741 2478 est
759 2445 915 2489 precibus
937 2443 1036 2480 adeo.
1060 2461 1105 2467 -
1130 2443 1213 2478 Post
1235 2443 1364 2489 subigit
1387 2442 1487 2486 pauci
1510 2441 1607 2477 codd.
1631 2453 1685 2475 me
1710 2442 1763 2476 in-

393 2506 530 2543 serunt,
566 2503 656 2546 quod
687 2503 811 2538 merito
842 2504 886 2537 ab
917 2502 1057 2537 editorr.
1088 2501 1307 2546 repudiatum
1338 2506 1398 2536 est.
1444 2500 1604 2539 Eiusdem
1628 2496 1764 2536 farinae

393 2565 445 2596 est
474 2562 629 2607 subegit,
660 2563 750 2607 quod
781 2562 962 2599 duodecim
993 2562 1092 2597 codd.
1128 2573 1192 2606 pro
1224 2562 1395 2611 praesenti
1423 2561 1595 2598 exhibent.
1627 2581 1670 2587 —
1692 2563 1762 2596 Pro

394 2621 635 2666 exstinguendi
658 2633 712 2656 me
735 2622 860 2658 Rivius
885 2633 954 2657 non
976 2623 1081 2664 male,
1105 2623 1163 2659 sed
1187 2627 1320 2667 praeter
1340 2620 1586 2668 necessitatem,
1617 2622 1762 2656 coniecit

393 2680 632 2726 exstinguendi
653 2683 758 2723 mei;
783 2693 816 2717 v·
837 2683 882 2717 ad
905 2683 977 2718 Cat.
1002 2682 1138 2727 XXXI,
1162 2682 1194 2718 5.
1219 2702 1263 2708 —
1288 2682 1400 2717 Verba
1422 2682 1626 2727 sanguinem
1648 2693 1762 2716 meum
