1826 3276
364 152 421 192 32
731 148 774 189 C.
806 147 1123 189 SALLUSTI
1155 148 1374 191 CRISPI

365 276 615 323 cognomen
662 275 716 304 ex
762 261 918 303 virtute
964 259 1067 316 fuit,
1122 263 1261 306 multa
1305 269 1349 306 et
1395 264 1622 322 praeclara
1664 265 1726 308 rei

363 358 555 404 militaris
600 356 796 399 facinora
840 355 1028 411 fecerat,
1075 357 1134 399 ob
1179 372 1293 414 quae
1327 358 1451 402 victis
1487 358 1726 418 Carthagi-

360 480 391 514 si
413 479 461 511 ita
482 475 610 519 ceperis
636 473 854 508 sententiam:
891 474 1039 507 Antonio
1062 486 1304 518 nusquam,
1341 488 1360 508 π
1424 454 1463 510 in
1483 478 1536 510 his
1557 479 1725 521 partibus,

360 544 411 573 est
429 548 495 581 quo
513 548 549 569 se
565 534 718 577 recipiat.
768 534 811 566 Et
827 533 875 566 ita
893 534 980 567 solet
995 534 1101 577 recipi
1118 535 1261 568 verbum
1279 536 1430 569 construi
1449 535 1477 569 si
1497 538 1636 580 propria
1659 537 1725 569 lo-

359 601 399 633 ci
421 598 534 637 notio,
568 595 643 628 ubi
665 593 796 636 aliquid
815 593 998 636 recipitur,
1022 595 1097 628 sola
1118 595 1233 636 valet3
1265 606 1299 629 v.
1317 595 1414 629 Auct.
1437 596 1480 628 B.
1501 595 1602 639 Hisp.
1622 607 1650 629 c.
1666 596 1723 638 lv,

358 659 392 692 2.
432 656 584 690 Loricati
599 655 665 688 viri
683 655 718 687 in
746 654 840 697 equis
861 654 1080 697 recipiuntur.
1129 654 1231 688 Ovid.
1255 654 1395 688 Heroid.
1418 656 1474 696 vl,
1492 655 1549 690 20.
1588 655 1628 688 Iu
1643 656 1727 688 mihi

354 717 512 763 promissi
528 720 630 760 purte
651 719 787 757 recepta
809 713 884 746 tori.
932 713 981 746 Id.
1003 714 1084 747 Met.
1109 715 1154 753 11,
1176 714 1254 748 229.
1290 716 1478 759 Sideraque
1507 716 1542 747 in
1569 716 1660 747 coelo
1683 734 1725 740 —

355 783 503 822 recepta.
551 775 685 809 Pariter
707 773 736 806 si
759 773 849 815 apud
872 772 1008 807 Petron.
1032 784 1061 807 c.
1087 774 1180 808 XIX.
1214 775 1359 819 legitur:
1387 775 1479 808 vetui
1497 776 1541 807 in
1561 774 1637 807 hoc
1656 775 1725 807 di-

355 837 556 872 versorio
584 843 784 879 quemquam
811 832 972 874 admitti,
997 833 1031 865 id
1056 838 1211 877 respectu
1234 846 1353 868 eorum
1378 834 1436 878 qui
1459 839 1537 868 sunt
1555 835 1592 867 in
1613 835 1727 867 diver—

355 899 444 932 sorio
468 897 597 930 dictum
620 897 687 934 est,
710 903 777 925 non
800 903 919 924 eorum
943 892 1000 935 qui
1026 894 1061 926 in
1087 894 1124 926 id
1148 895 1288 928 admitti
1313 887 1473 938 cupiunt;
1507 898 1541 926 et
1564 893 1593 926 si
1616 894 1726 926 Varro

355 959 398 992 de
421 958 458 991 L.
482 958 522 990 L.
549 955 605 988 lv,
630 953 715 986 dixit
740 963 807 996 qua
831 952 874 984 in
903 952 1058 986 Coelio
1083 960 1232 988 monte
1256 955 1344 996 itur,
1367 955 1402 987 id
1425 965 1491 987 non
1517 953 1627 987 alium
1649 965 1726 986 sen-

354 1029 430 1051 sum
453 1016 561 1049 habet
586 1012 652 1047 nisi
670 1013 781 1045 hunc:
822 1022 890 1054 qua
920 1011 966 1052 ii,
1001 1011 1059 1054 qui
1084 1011 1119 1045 in
1144 1013 1261 1046 Coelio
1286 1018 1402 1047 monte
1423 1013 1494 1047 iam
1518 1018 1611 1056 sunt,
1644 1017 1726 1047 eunt

355 1080 389 1110 et
412 1075 592 1114 incedunt,
623 1085 732 1116 neque
755 1073 796 1105 de
822 1071 864 1104 iis
887 1071 1034 1115 cogitari
1059 1075 1187 1115 potest,
1225 1072 1303 1115 qni,
1328 1084 1435 1116 quum
1457 1085 1524 1108 non
1548 1075 1583 1108 in
1605 1075 1724 1108 Coelio

353 1137 442 1176 sint,
474 1146 553 1167 eum
577 1137 728 1166 montem
753 1134 879 1174 petant.
925 1131 993 1164 Ubi
1018 1131 1108 1164 enim
1133 1131 1168 1164 id
1191 1133 1280 1175 quod
1304 1134 1412 1166 verbo
1434 1134 1636 1168 enunciatur
1656 1146 1724 1168 non

353 1196 455 1230 aliter
478 1198 588 1238 potest
611 1191 789 1243 quamUita
811 1190 979 1235 cogitari,
1013 1196 1052 1225 ut
1086 1192 1130 1224 ad
1162 1191 1302 1235 aliquod
1334 1192 1526 1235 obiectum,
1560 1197 1734 1237 tanquam„

353 1256 397 1290 ad
427 1256 550 1295 finem,
584 1256 711 1296 spectet
742 1256 778 1285 et
810 1251 996 1294 pertineat,
1028 1251 1119 1284 istud
1144 1251 1318 1284 obiectum
1343 1263 1365 1285 a
1387 1253 1449 1285 tali
1473 1254 1580 1287 verbo
1603 1265 1663 1297 per
1686 1255 1722 1287 in

353 1314 641 1360 praepositionem
672 1316 792 1355 aptum
823 1312 918 1344 nullo
950 1315 1050 1354 pacto
1083 1311 1237 1344 ablativo
1261 1310 1375 1344 efferri
1400 1316 1527 1355 potest,
1560 1314 1626 1347 nisi
1647 1315 1723 1357 quis

352 1374 553 1418 contemptis
584 1373 742 1407 omnibus
771 1375 864 1406 recte
894 1370 1067 1415 cogitandi
1100 1370 1235 1415 legibus
1273 1371 1418 1404 rusticos
1452 1372 1585 1416 potius,
1619 1386 1722 1418 quam

352 1435 500 1479 optimos
534 1433 670 1467 dicendi
698 1435 856 1465 auctores
894 1430 990 1474 sequi
1021 1430 1116 1465 velit.
1163 1431 1279 1473 Quare
1319 1433 1514 1475 praefracte
1553 1445 1722 1479 negamus

350 1495 419 1529 dici
440 1506 550 1539 posse,
574 1497 633 1527 aut
656 1503 807 1535 unquam
834 1502 856 1524 a
878 1491 986 1534 probo
1009 1490 1175 1534 scriptore
1199 1491 1327 1524 dictum
1352 1503 1434 1533 esse,
1460 1494 1494 1527 in
1518 1500 1639 1528 senatu
1661 1508 1720 1529 ve-

349 1557 447 1598 m're,
479 1556 514 1588 in
550 1564 619 1603 qua
641 1551 807 1585 sententia
830 1556 880 1585 est
905 1551 986 1584 Ger.
1010 1551 1060 1583 10.
1086 1551 1181 1583 Voss.
1206 1551 1247 1582 de
1272 1551 1404 1586 Constr.
1429 1564 1457 1587 c.
1482 1554 1549 1589 LV.
1573 1567 1607 1598 p.
1629 1555 1720 1597 585⁴,

349 1616 470 1649 autin
494 1615 592 1658 agris
615 1613 762 1653 abire,
797 1615 857 1644 aut
880 1612 916 1644 in
939 1611 1089 1644 hostibus
1112 1610 1384 1653 proficisci,
1419 1617 1479 1647 aut
1500 1625 1572 1648 rem
1601 1616 1637 1648 in
1651 1627 1720 1660 po-

349 1680 474 1710 testate
497 1674 642 1707 alicuius
665 1672 967 1711 committere,
992 1674 1052 1703 aut
1068 1670 1100 1703 in
1120 1675 1298 1713 conspectu
1318 1671 1464 1706 alicuius
1487 1675 1662 1715 venire,
1686 1678 1720 1709 et

348 1746 436 1779 quae
458 1737 535 1767 sunt
567 1733 622 1766 his
645 1731 899 1775 stribliginibus
921 1730 1071 1770 similia3
1104 1740 1214 1772 neque
1237 1741 1299 1763 nos
1330 1737 1453 1766 movet
1470 1734 1561 1776 quod
1584 1733 1719 1768 Cortius

347 1796 391 1830 ad
417 1795 502 1828 San.
527 1794 600 1827 Cat.
622 1792 729 1832 XLII,
749 1791 782 1826 3.
807 1789 964 1824 Wassius
988 1790 1032 1824 ad
1056 1790 1132 1824 Cat.
1155 1790 1248 1831 xlx,
1268 1790 1300 1823 2.
1325 1791 1513 1825 Burmann.
1537 1795 1571 1826 et
1594 1792 1719 1826 Schef-

346 1856 413 1891 fer.
447 1855 490 1888 ad
523 1853 671 1888 Phaedr.
702 1852 812 1886 Fabb.
836 1852 878 1893 V,
903 1851 936 1892 l,
959 1850 1016 1886 25.
1059 1849 1206 1884 Linacer
1236 1850 1288 1884 vl.
1320 1862 1354 1894 p.
1385 1850 1466 1887 631.
1506 1852 1716 1886 Ruddimun.

344 1915 469 1949 Institt.
494 1914 652 1947 Gramm.
687 1912 732 1946 T.
758 1912 800 1945 11.
833 1923 866 1955 p.
891 1911 969 1945 326.
1007 1910 1149 1944 Vossius
1172 1911 1196 1944 1.
1223 1911 1270 1952 1.,
1305 1911 1386 1953 aiii,
1421 1911 1552 1946 taiibus
1580 1911 1718 1955 ineptiis

344 1974 482 2019 patroni
519 1974 678 2008 existunt.
723 1974 760 2007 In
802 1971 1041 2017 grammaticis
1075 1970 1167 2004 enim
1198 1971 1302 2005 rebus
1332 1971 1504 2006 subtiiiter
1526 1971 1719 2006 iudicandis

345 2036 441 2068 nulia
471 2034 541 2067 iilis
573 2037 624 2066 est
654 2031 851 2067 auctoritas.
900 2030 1076 2074 Corruptis
1110 2034 1227 2064 autem
1258 2030 1342 2065 iocis
1365 2035 1399 2066 et
1420 2043 1442 2066 a
1464 2031 1633 2074 scriptura
1657 2043 1716 2075 pa-

345 2106 423 2127 rum
449 2092 553 2126 certis
575 2104 633 2126 eos
655 2093 809 2126 seductos
836 2091 943 2125 fuisse
965 2090 1136 2124 neminem
1160 2091 1289 2136 fugiet,
1323 2092 1382 2136 qui
1415 2091 1605 2135 exemplis,
1639 2091 1717 2135 qui-

345 2155 409 2188 bus
440 2154 610 2195 nituntur,
646 2152 842 2186 accuratius
873 2151 1059 2194 expioratis
1083 2151 1303 2196 cognoverit,
1338 2152 1398 2186 vix
1422 2163 1528 2186 unum
1552 2152 1717 2186 alterum-

346 2225 414 2257 que
445 2212 599 2246 codicem
629 2212 821 2246 ablativum
852 2211 1036 2253 exhibere,
1073 2211 1221 2244 relicuos
1250 2211 1307 2244 vel
1330 2211 1565 2247 accusativum
1590 2215 1716 2254 tenere,

347 2273 402 2306 vel
427 2272 564 2305 omnino
588 2272 630 2304 de
653 2271 812 2304 codicum
834 2271 1002 2314 scriptura
1023 2281 1146 2314 parum
1170 2273 1336 2304 constare.
1382 2271 1499 2315 Quare
1519 2270 1616 2305 unice
1633 2282 1715 2315 pro-

347 2334 472 2367 bamus
495 2332 640 2376 prudens
664 2335 698 2365 et
721 2331 1007 2374 circumspectum
1033 2329 1266 2373 Oudendorpii
1296 2329 1482 2372 iudicium,
1514 2322 1559 2364 ud
1588 2331 1715 2364 Caesa-

346 2404 419 2427 rem
450 2393 505 2426 vel
529 2392 641 2436 potius
663 2391 754 2424 Hirt.
778 2391 820 2424 de
843 2391 886 2424 B.
913 2391 957 2424 G.
982 2390 1072 2432 VIII,
1096 2390 1130 2431 8,
1154 2389 1187 2424 4.
1220 2391 1397 2424 statuentis
1424 2391 1512 2424 haec
1542 2390 1584 2423 ad
1620 2390 1714 2423 codi-

345 2464 425 2486 cum
449 2452 691 2486 auctoritatcm
715 2455 805 2484 recte
828 2451 1046 2484 aestimatam
1077 2450 1246 2495 exigenda
1267 2452 1363 2492 esse3'
1392 2460 1415 2484 a
1446 2449 1621 2484 codicibus
1650 2461 1712 2483 au—

346 2517 416 2547 tem
439 2512 499 2546 ubi
522 2511 656 2544 nullum
680 2510 889 2554 praesidium
914 2512 983 2550 est,
1017 2520 1084 2542 non
1115 2509 1313 2543 dubitamus
1340 2520 1360 2542 e
1394 2498 1590 2543 coniectura
1622 2501 1714 2554 ‹iuod

346 2577 443 2607 recta
473 2572 563 2606 ratio
594 2572 743 2615 postulat
774 2582 957 2614 reponere,
991 2570 1085 2604 velut
1116 2570 1152 2604 in
1186 2559 1271 2602 Sa‘u.
1303 2569 1483 2613 Fragmm.
1513 2569 1604 2602 Hist.
1627 2569 1655 2611 1,
1677 2568 1712 2604 9.

348 2633 444 2668 Gerl.
470 2632 529 2666 ubi
555 2643 695 2676 quorum
718 2632 762 2665 in
785 2631 990 2675 gratiam
1011 2630 1166 2674 plerique
1199 2633 1539 2670 concesserant*
1555 2627 1710 2661 scriben-

345 2692 430 2726 dum
452 2702 526 2726 esse
547 2702 610 2725 suo
634 2691 711 2725 loco
734 2690 960 2724 ostendemus.
983 2690 1081 2734 Quae
1105 2699 1211 2733 quum
1232 2687 1282 2722 ita
1303 2687 1381 2728 sint,
1402 2697 1592 2731 paucorum
1614 2686 1710 2720 codd.
