1826 3276
425 154 786 208 IUGURTHA.
843 155 982 205 cAP.
1008 152 1178 204 XXIII.
1424 158 1509 204 139

113 282 227 329 dolis
271 274 389 328 vitae
430 294 537 328 suae
579 281 862 335 insidiatum3
908 279 1035 340 quod
1082 279 1162 325 ubi
1195 277 1507 339 comperisset,

110 381 267 426 sceleti
311 381 405 426 eius
450 381 632 425 obviam
677 380 779 427 isse.
850 378 1078 439 Populum
1122 374 1380 422 Romanum
1422 379 1543 422 ne·-4

112 486 203 538 que
229 485 357 524 recte
387 494 538 538 neque
564 492 654 539 pro
678 478 803 523 bono
838 467 1083 534 facturum,
1120 475 1156 520 si
1180 475 1239 520 ab
1270 475 1367 519 iure
1395 489 1512 535 gen-

113 566 226 622 tium
260 589 358 622 sese
393 576 690 638 prohibuerit.
733 564 736 567 ’
761 575 1000 620 Postremo
1036 573 1096 618 de
1131 573 1338 618 omnibus
1377 571 1513 617 rebus

113 675 290 736 legatos
322 675 520 719 Romam
552 673 679 718 brevi
713 673 967 721 missurum.
1038 672 1107 716 Ita
1137 671 1314 730 utrique
1350 670 1546 732 digre-5

115 772 306 817 diuntur.
343 762 345 764 ¹
376 771 657 822 Adherbalis*
697 769 958 831 appellandi
995 770 1128 830 copia
1161 784 1254 813 non
1282 769 1376 816 fuit.

204 895 223 900 ν
253 869 420 916 xxm.
489 868 710 931 Iugurtha
743 868 822 914 ubi
852 883 931 913 eos
968 867 1128 912 Affica
1161 866 1405 911 decessisse
1440 882 1517 911 ra-

114 973 187 1013 tus
231 973 299 1013 est
313 1003 328 1028 ,
375 983 523 1028 neque
565 974 757 1030 propter
803 966 892 1012 loci
935 971 1142 1010 naturam
1180 964 1352 1010 Cirtam
1382 965 1517 1009 armis

87 1142 97 1146 -
116 1137 162 1145 —
197 1116 267 1154 Pro
301 1117 389 1154 bom
425 1129 529 1154 sensu
563 1130 633 1154 non
671 1120 850 1155 diversum
883 1121 937 1154 est
968 1118 1014 1153 ab
1049 1115 1243 1159 adverbio,
1276 1126 1381 1160 quem
1412 1127 1519 1151 usum

117 1179 376 1216 illudi-avimus
408 1180 454 1215 ud
484 1181 561 1216 Cat.
589 1180 690 1227 VIII,
723 1181 759 1217 1.
791 1181 878 1226 XV,
909 1181 944 1216 2.
980 1178 1184 1214 Cavendum
1213 1181 1354 1221 tamen,
1385 1188 1429 1213 ne
1462 1178 1522 1213 his

118 1242 290 1287 sumplis
320 1252 364 1278 en
394 1242 676 1285 admisceantur,
710 1242 774 1278 ubi
806 1254 871 1288 pro
903 1253 1008 1277 suam
1038 1243 1247 1286 potestatem
1277 1239 1424 1282 retinet,
1448 1251 1520 1284 qua

117 1303 342 1350 significatur
378 1292 486 1339 {iiiam
518 1315 595 1340 rem
628 1306 708 1341 loco
743 1305 888 1340 alterius
911 1315 1007 1347 esse,
1045 1306 1086 1338 ut
1109 1302 1202 1347 apud
1225 1301 1324 1336 Caes.
1347 1302 1392 1336 B.
1419 1302 1467 1337 G.
1489 1302 1521 1346 I,

118 1365 189 1408 22,
220 1364 256 1401 4.
322 1366 522 1402 considium
553 1367 646 1414 quod
676 1378 746 1402 non
773 1367 919 1402 vidisset
944 1376 1028 1412 pro
1057 1365 1156 1400 viso
1190 1364 1258 1398 sibi
1287 1364 1520 1399 renunciasse.

121 1427 213 1463 Tac.
248 1427 370 1474 Agrie.
395 1439 426 1462 e.
450 1428 520 1471 30,
556 1428 592 1464 4.
616 1429 718 1475 utqui
740 1440 840 1464 omne
861 1429 1023 1475 ignotum
1044 1438 1125 1473 pro
1147 1426 1337 1472 magnifico
1361 1431 1423 1461 est.
1447 1426 1522 1461 No·-

121 1491 193 1523 ster
214 1489 293 1535 Iug-
318 1489 454 1531 XXXI,
477 1489 536 1525 23.
557 1491 660 1535 LXI,
691 1490 727 1527 3.
761 1491 932 1526 Perverse
961 1488 1135 1525 Weissius
1171 1488 1256 1522 bono
1286 1488 1524 1523 masculinum

122 1558 198 1585 esse
221 1554 257 1586 et
278 1551 324 1586 ud
340 1552 505 1597 populum
526 1556 686 1597 spectare
707 1562 849 1587 censens
870 1551 1138 1596 interpretatum
1161 1555 1202 1585 ut
1224 1550 1349 1584 bonum
1373 1550 1438 1594 (sc.
1459 1561 1526 1595 po-

121 1611 264 1657 pulum)
288 1612 396 1647 decet.
421 1630 466 1639 —
491 1614 710 1649 Prohibuerit
733 1614 770 1648 in
796 1613 963 1648 omnibus
987 1616 1039 1647 est
1059 1611 1160 1646 codd.
1185 1615 1332 1656 excepto
1350 1612 1465 1646 Febr.
1490 1613 1526 1649 1.

123 1672 184 1717 qui
206 1672 447 1718 prohibuerint
470 1673 599 1717 hebet,
624 1675 717 1719 quod
741 1685 763 1709 ι
794 1673 915 1709 Cor-tio
942 1677 1124 1719 receptum
1152 1672 1366 1708 Gerlachius
1397 1673 1527 1709 merito

123 1734 269 1778 respuit.
313 1734 405 1769 Nam
435 1734 467 1769 si
498 1734 535 1770 in
567 1735 750 1778 omnibus,
777 1745 868 1780 quae
885 1734 962 1769 uici
982 1740 1147 1780 possunt,
1173 1734 1279 1769 unius
1302 1735 1379 1769 cod.
1405 1739 1527 1771 aucto-

124 1795 211 1830 ritas
231 1795 311 1840 plus
333 1795 487 1839 valebit,
511 1787 619 1840 (suam
642 1800 783 1831 centum
806 1796 891 1839 ulii,
914 1795 975 1840 qui
997 1796 1035 1831 in
1057 1795 1220 1841 legitima
1245 1799 1423 1831 structura
1445 1809 1530 1833 con-

125 1857 280 1902 spu-fiat,
314 1857 426 1892 libido
458 1857 567 1893 etium
592 1858 789 1893 certissima
812 1856 972 1892 mutandi
994 1857 1093 1892 nullo
1115 1857 1223 1891 modo
1247 1859 1404 1893 coerceri
1427 1859 1531 1904 pote-

126 1917 187 1953 rit.
209 1937 256 1944 -
287 1918 431 1964 Utrique
463 1918 622 1964 Longius
655 1919 806 1963 pessime
838 1917 1009 1964 intelligit
1031 1918 1076 1952 de
1100 1918 1300 1954 Adherbale
1323 1922 1359 1954 et
1381 1920 1531 1966 legatis3

94 1965 97 1978 Ι
126 1983 224 2016 recte
245 1979 387 2015 eortius
406 1979 452 2015 ud
475 1981 686 2027 Iugurtham
709 1983 745 2015 et
766 1980 903 2025 legatos
925 1980 1044 2015 refert.
1058 1998 1107 2005 —
1131 1979 1262 2014 Statim
1285 1984 1366 2025 post
1386 1982 1532 2018 Vrntisl.

128 2042 165 2078 2.
189 2038 312 2077 Struv.
335 2043 371 2076 et
391 2042 465 2076 Inc.
488 2041 524 2077 2.
546 2042 741 2078 Adherbali
763 2042 949 2087 exhibent,
972 2040 1076 2086 quasi
1098 2040 1159 2075 hic
1183 2041 1227 2076 de
1252 2042 1383 2088 legatis
1406 2044 1534 2088 appel-

129 2099 244 2138 landis
270 2106 420 2149 agatur,
451 2103 582 2148 quibus
615 2104 652 2138 id
681 2103 868 2150 negotium
899 2103 1021 2138 datum
1053 2105 1152 2147 crat,
1184 2106 1227 2138 ut
1248 2104 1361 2148 ipsum
1386 2105 1532 2141 adirent.

132 2163 337 2199 Genitivum
369 2164 566 2200 necessario
597 2166 751 2210 postulat
780 2175 851 2200 uon
884 2175 969 2199 usus
989 2163 1172 2207 Sallustii,
1195 2167 1235 2199 ut
1256 2165 1397 2200 Cortius
1418 2171 1532 2212 putat,

131 2225 192 2260 sed
215 2224 406 2266 sententia,
436 2237 529 2270 quae
558 2226 698 2272 plenior
725 2227 815 2262 haec
846 2230 918 2262 estz
953 2225 1167 2260 Adherbalis
1200 2227 1402 2271 appellandi
1431 2229 1535 2274 copia

133 2287 266 2334 legatis
289 2298 313 2322 a
337 2287 512 2332 Iugurtha
535 2299 604 2322 non
628 2289 715 2323 data
735 2293 800 2324 est.
848 2288 1007 2333 Apparet
1029 2287 1123 2322 enim
1154 2287 1351 2333 Iugurthae
1380 2290 1536 2326 maxime

134 2348 348 2392 interfuisse,
370 2360 415 2383 ne
434 2348 546 2394 legati
567 2349 806 2385 Adherbalem
826 2349 1076 2391 convenirent3
1099 2359 1209 2393 quare
1233 2349 1366 2386 callido
1389 2352 1536 2388 consilio

128 2410 341 2457 prohibuit,
382 2409 577 2463 quominus,
605 2409 662 2445 illi
692 2422 835 2458 regem,
887 2410 948 2455 qui
986 2410 1106 2447 Cirtae
1148 2410 1304 2446 inclusus
1339 2413 1537 2458 tenebatur,

136 2471 284 2509 adirent.

229 2533 361 2568 XXIII.
407 2534 440 2576 5.
465 2533 500 2568 1.
547 2533 746 2578 decessisse]
767 2533 874 2569 Multi
898 2533 999 2568 codd.
1023 2532 1244 2577 discessisse,
1265 2520 1401 2569 solenni
1423 2545 1539 2580 paene

118 2595 391 2640 discrepantium
417 2595 478 2630 sed
500 2606 535 2629 v.
560 2595 605 2629 ud
629 2605 660 2629 c.
687 2595 774 2637 XX,
800 2593 832 2629 1.
860 2613 907 2620 —
931 2595 1049 2629 Armis
1072 2597 1124 2629 est
1145 2594 1278 2639 impetu
1303 2597 1464 2634 militum.
1490 2598 1537 2632 cf.

139 2657 264 2692 Bremi
294 2657 340 2692 ud
373 2656 462 2702 Nep.
494 2655 647 2692 Miltiad.
681 2656 718 2698 1,
752 2655 787 2691 2.
811 2657 1002 2700 Perpetem
1025 2656 1238 2691 Gerlachius
1261 2658 1405 2693 armis
1429 2669 1537 2702 erpu—

140 2729 256 2765 gnare
287 2719 326 2753 h.
356 2719 381 2753 1.
414 2729 480 2763 pro
513 2716 730 2763 proverbiali
757 2717 932 2752 locutione
961 2718 1090 2762 babet,
1135 2729 1244 2764 quam
1275 2719 1375 2753 nullo
1405 2717 1537 2752 iudicio

142 2783 325 2824 comparat
347 2790 429 2815 cum
450 2779 532 2815 Ioco
554 2779 629 2817 Cic.
654 2779 697 2815 de
721 2778 794 2816 off.
818 2780 870 2823 11,
893 2778 960 2825 24,
981 2778 1040 2815 84.
1074 2780 1190 2816 Armis
1214 2785 1248 2816 et
1270 2780 1395 2816 castris
1418 2782 1537 2815 tentu-
