1826 3276
469 193 829 238 IUGURTHA„
869 160 998 239 est.
1030 192 1164 238 LXII.
1344 164 1346 166 ’
1413 198 1500 240 aaa

105 328 272 377 magna
305 327 440 374 pars,
475 318 525 357 ut
557 313 725 358 iussum
761 317 877 371 erat,
913 312 1122 368 adducti;
1153 310 1317 373 pauci,
1353 326 1495 371 quum

103 411 303 473 primum
334 410 502 455 deditio
533 411 699 472 coepit,
732 409 794 455 ad
829 425 988 472 regem
1020 409 1259 456 Bocchum
1290 409 1337 454 in
1356 407 1497 454 Mau-

99 509 317 554 retaniam
354 509 566 553 abierant.
638 507 782 568 Igitur
815 507 1048 569 Iugurtha,
1082 507 1160 554 ubi
1193 501 1329 552 armis
1361 506 1528 556 viris-8

71 587 191 667 'que
238 613 284 652 et
324 607 517 668 pecunia
559 605 773 666 spoliatus
809 611 900 664 est,
947 619 1086 664 quum
1114 605 1212 665 ipse
1253 604 1313 649 ad
1346 605 1496 666 impe-

101 703 294 750 randum
339 703 560 750 Tisidium
604 709 870 761 vocaretur,
919 717 1070 748 rursus
1115 703 1267 764 coepit
1311 703 1495 748 flectere

100 830 158 873 sit.
182 857 230 864 -—
260 835 430 872 Dietionis
459 836 509 871 ad
539 837 781 883 imperandum
815 836 1039 871 insolentiam
1072 835 1257 871 sentientes
1289 835 1428 871 librarii
1458 835 1496 870 in

100 900 178 937 eod.
200 898 278 934 Vin.
301 898 338 934 2.
360 898 528 934 dederunt
550 900 600 934 ad
622 898 828 943 imperium,
856 897 894 931 in
919 897 1039 933 Struv.
1065 902 1101 933 et
1128 897 1275 932 Goerlit.
1297 909 1346 932 m.
1371 909 1424 942 pr.
1447 898 1496 932 ad

98 962 366 1007 imperatorem,
401 959 495 1003 quod
517 960 620 995 unice
650 971 775 994 verum
810 958 943 994 iudicat
968 960 1158 1003 Gruterus,
1193 957 1229 992 in
1252 959 1363 994 Laud.
1387 959 1422 994 2.
1447 959 1496 993 ad

97 1022 342 1068 imperandum
371 1021 586 1066 praesidinm
606 1046 618 1064 ,
658 1021 696 1055 in
733 1021 946 1056 Pembroch.
976 1022 1025 1056 ad
1058 1019 1300 1066 imperandum
1343 1019 1494 1054 exilium.

96 1082 168 1119 sed
189 1083 394 1128 vulgatam,
419 1093 528 1127 quam
550 1082 676 1118 relicui
700 1082 800 1117 codd.
826 1085 989 1124 tuentur,
1012 1081 1216 1127 planissime
1237 1081 1358 1116 firmat
1380 1079 1497 1116 Servii

96 1143 335 1181 testimonium
359 1142 404 1178 ad
433 1143 534 1189 Virg.
561 1145 684 1189 Eclog.
716 1144 817 1186 VIII,
839 1143 899 1178 71.
936 1143 997 1188 qui
1027 1147 1146 1179 tamen
1179 1142 1286 1178 simul
1309 1152 1498 1188 perversae

95 1204 393 1251 interpretationis
417 1205 463 1240 ab
487 1205 650 1240 omnibus
683 1205 875 1240 editoribus
907 1205 1066 1249 proditae
1100 1207 1226 1239 auctor
1254 1204 1397 1240 exstitit.
1443 1203 1498 1238 Aa

98 1279 207 1302 unum
239 1266 336 1302 enim
367 1276 487 1301 omnes
520 1277 602 1300 cum
642 1266 768 1301 Servio
802 1269 964 1302 asserunt
1003 1267 1052 1301 ad
1081 1266 1325 1311 imperandum
1357 1264 1498 1310 passivo

97 1339 199 1364 sensu
221 1327 421 1374 significare
444 1331 484 1362 ut
508 1327 541 1362 ei
563 1327 818 1372 imperaretur,
851 1328 896 1362 de
926 1339 996 1372 qua
1019 1326 1252 1371 explicatione
1274 1337 1364 1372 quae
1385 1337 1498 1371 nuper

98 1389 135 1424 in
159 1388 306 1423 Diurnis
328 1388 447 1424 Schol.
471 1399 504 1423 a.
529 1387 633 1423 183⁰.
665 1389 759 1424 Sect.
782 1390 827 1424 II.
861 1389 1011 1424 N.·112.
1045 1399 1080 1433 p.
1106 1388 1178 1423 907
1201 1399 1277 1432 sqq.
1303 1386 1497 1432 disputavi-

96 1462 176 1488 mus
198 1451 259 1486 hic
281 1461 373 1496 quae
397 1450 444 1486 ad
465 1462 541 1486 rem
567 1449 701 1486 faciunt
722 1453 879 1495 repetere
901 1449 1018 1485 liceat.
1059 1449 1152 1485 Nam
1174 1448 1268 1494 quod
1290 1448 1395 1484 multi
1417 1451 1497 1483 tan-

96 1524 207 1559 quam
230 1516 364 1548 certum
386 1515 422 1548 et
443 1513 664 1557 exploratum
687 1515 829 1556 ponunt,
854 1511 1065 1557 gerundium
1087 1511 1185 1546 haud
1208 1521 1292 1546 raro
1316 1510 1498 1555 passivam

97 1575 172 1610 vim
195 1574 350 1616 habere,
385 1572 422 1606 in
450 1584 522 1617 qua
552 1572 722 1607 sententia
745 1577 827 1607 sunt
849 1572 1011 1607 Perizon.
1045 1572 1092 1607 ad
1115 1572 1239 1608 Sanct.
1262 1572 1350 1607 Min.
1376 1572 1439 1614 111,
1460 1570 1497 1605 8.

98 1648 132 1681 p.
157 1635 239 1672 628.
263 1635 319 1670 ed.
345 1635 476 1669 Bauer.
498 1634 712 1669 Ruddiman.
745 1635 828 1669 lust.
863 1635 1024 1670 Gramm.
1047 1633 1126 1667 Vol.
1147 1633 1192 1668 11.
1218 1645 1253 1678 p.
1277 1631 1356 1667 255.
1382 1632 1495 1666 Erne-

97 1696 185 1733 stius
205 1696 252 1732 ad
275 1694 393 1730 Tacit.
416 1694 570 1729 Hister-r.
595 1695 624 1736 1,
647 1693 706 1730 52.
731 1695 922 1730 Ruhnken.
947 1695 993 1730 ad
1015 1695 1106 1728 vell.
1129 1694 1176 1736 11,
1199 1693 1259 1728 15.
1283 1694 1425 1728 Passov.
1450 1692 1497 1726 ad
1526 1692 1529 1699 “

97 1756 188 1791 Tac.
212 1755 335 1790 Germ.
362 1766 393 1789 e.
416 1754 476 1790 44.
502 1755 644 1790 Walch.
666 1756 836 1791 Emendd.
861 1755 962 1790 Livv.
986 1767 1022 1800 p.
1044 1753 1124 1789 181.
1147 1754 1314 1802 Bremius
1338 1754 1384 1789 ad
1406 1754 1495 1798 Nep.

98 1816 202 1853 Attio.
227 1828 258 1852 e.
280 1816 355 1860 lx,
375 1815 409 1850 2.
442 1808 607 1851 Οἶεὴευοτ
643 1817 689 1852 ad
719 1818 871 1864 Eclogg.
906 1816 978 1852 Cic.
1014 1828 1048 1862 p.
1070 1814 1156 1851 265.
1178 1816 1393 1851 Ramshorn.
1418 1815 1494 1850 Lat.

100 1879 264 1915 Granum.
287 1890 325 1923 p.
348 1876 431 1912 442.
459 1878 633 1914 Weber-us
655 1878 822 1914 Exercitt.
845 1878 940 1924 Styli
963 1879 1044 1914 Lat.
1069 1878 1146 1913 Vol.
1163 1878 1192 1913 1.
1213 1890 1248 1923 p.
1266 1876 1348 1913 273.
1372 1877 1496 1912 Kueh-

99 1952 175 1976 ner.
199 1940 244 1975 ad
268 1939 344 1978 Cic.
365 1938 496 1974 'rusca
521 1940 550 1982 1,
576 1939 636 1984 23,
659 1938 718 1975 53.
743 1941 930 1985 Zumptius
953 1940 997 1975 ad
1021 1939 1096 1975 Cic.
1122 1950 1174 1975 or.
1197 1939 1235 1975 in
1250 1940 1350 1974 Verr.
1373 1939 1451 1976 Act.
1467 1939 1497 1981 I,

99 2001 160 2045 18,
185 1999 246 2038 54.
270 2004 305 2036 et
330 2003 471 2046 praeter
492 1999 558 2035 hos
581 2001 685 2036 multi
711 2002 799 2045 ulii,
833 2003 869 2037 id
892 2013 1037 2047 prorsus
1062 2012 1234 2047 negamus
1263 2000 1498 2044 omnibusque

93 2061 189 2098 -loeis
209 2061 409 2108 legitimam
431 2060 457 2095 i.
489 2073 520 2096 e.
553 2062 706 2098 activam
733 2063 899 2109 gerundii
931 2066 1141 2108 potestatem
1171 2062 1330 2098 obtinere
1360 2061 1498 2097 iudica—

100 2135 191 2159 mus.
235 2123 328 2158 Nam
349 2134 460 2168 quum
482 2127 601 2159 rectae
622 2124 752 2160 rationi
775 2125 918 2160 omnino
948 2129 1140 2171 repugnet,
1172 2124 1320 2159 eandem
1341 2123 1497 2158 formam

99 2187 373 2230 anapumtura
396 2184 551 2220 diversas
573 2188 609 2220 et
641 2186 746 2230 plane
775 2186 970 2222 contrarias
1001 2186 1161 2220 notiones
1186 2185 1384 2227 continere,
1419 2187 1496 2218 tum

101 2255 243 2290 prorsus
267 2246 439 2280 absonum
471 2250 545 2289 est,
576 2247 771 2292 gerundia,
803 2248 897 2293 quod
921 2251 1057 2283 constat
1084 2250 1243 2292 respectu
1265 2256 1384 2281 sensus
1406 2244 1498 2279 nihil

101 2306 198 2342 alind
232 2317 326 2349 esse,
361 2317 468 2350 quam
499 2319 600 2342 cem
621 2308 787 2344 infinitivi
818 2309 929 2344 activi
962 2309 1116 2355 obliquos
1145 2308 1210 2354 (v.
1243 2300 1384 2352 Zirmpt.
1417 2306 1497 2343 Lat.

101 2367 262 2403 Gramm.
287 2370 323 2411 §-
343 2366 403 2409 82,
425 2367 499 2413 1.),
522 2368 722 2413 duplicem,
755 2374 792 2405 et
814 2370 922 2406 activi
944 2374 979 2405 et
1001 2369 1135 2415 passivi
1158 2369 1232 2404 vim
1257 2380 1353 2411 esse,
1378 2367 1495 2403 infini-

101 2427 176 2463 tivo
206 2431 347 2470 autem,
380 2427 406 2462 i.
430 2440 463 2465 e.
498 2430 596 2464 casui
619 2435 712 2466 recto
728 2455 740 2474 ,
772 2443 844 2467 non
867 2442 952 2467 esse.
1001 2431 1124 2476 Neque
1146 2441 1189 2465 ea
1210 2441 1288 2473 res,
1311 2429 1406 2474 quod
1426 2429 1496 2465 ista

101 2487 267 2535 gerundii
288 2489 450 2534 exempla
472 2491 655 2525 commode
678 2491 820 2536 passiva
843 2493 1018 2528 structura
1039 2490 1305 2535 circumscribi,
1328 2494 1390 2527 aut
1411 2502 1496 2537 ger-

90 2543 238 2584 *maniae
263 2549 300 2584 in
322 2549 503 2594 passivum
525 2550 682 2586 converti
703 2555 865 2597 possunt,
897 2553 1056 2588 virorum
1081 2554 1265 2589 doctorum
1286 2553 1495 2589 sententiam

103 2611 309 2656 confirmat,
342 2611 404 2646 sed
435 2611 552 2656 potius
575 2612 783 2649 documento
807 2617 879 2657 est,
910 2626 970 2650 eos
992 2615 1030 2650 in
1051 2615 1185 2650 iudicio
1207 2625 1270 2650 suo
1292 2614 1412 2661 magis
1435 2625 1495 2649 ex-

104 2673 239 2707 ternam
261 2671 426 2717 speciem,
453 2683 562 2716 quam
584 2683 706 2708 veram
728 2678 924 2710 structurae
945 2676 1100 2712 indolem
1124 2688 1199 2712 esse
1219 2679 1369 2711 secutos.
1402 2675 1494 2711 Nam

104 2742 145 2767 re
167 2733 365 2778 accuratius
387 2737 546 2779 spectata
570 2738 716 2780 apparet
738 2735 775 2770 in
799 2736 962 2772 omnibus
984 2738 1148 2784 gerundii
1169 2738 1307 2784 passive
1329 2735 1495 2783 explicati

106 2792 275 2838 exemplis
296 2794 432 2831 dicendi
455 2795 676 2834 insolentiam
690 2823 701 2842 ,
734 2797 764 2834 si
789 2810 860 2845 qua
881 2802 952 2843 est,
983 2799 1019 2835 in
1043 2810 1086 2836 eo
1107 2811 1182 2836 esse
1204 2799 1381 2845 positam,
1399 2797 1493 2844 quod
