1826 3276
333 176 343 179 ’
404 202 764 247 metum-HA.
824 202 951 247 cst,
979 201 1234 245 Lxxmx.
1423 204 1543 248 m:

113 322 306 380 cideret,
354 337 411 366 an
454 321 702 366 mobilitate
743 319 895 381 ingeni
945 334 1112 380 pacem
1157 324 1293 379 atque
1334 319 1505 364 bellum

110 426 285 467 mutare
317 420 495 476 solitus,
523 432 686 480 parum
721 417 1003 478 exploratum
1039 423 1120 462 est.

247 516 502 564 LXXXIX.
573 515 671 561 Sed
716 515 870 559 consul
885 546 900 570 ,
945 514 1009 558 uti
1051 519 1288 573 statuerat,
1332 512 1505 574 oppida

109 677 255 719 κᾶπος
287 687 324 711 v.
346 675 392 711 ad
415 687 447 710 c.
470 675 575 718 cvn,
598 674 632 710 6.
679 673 736 708 Ita
759 672 834 708 tela
862 672 1064 708 vehementi
1095 672 1191 708 iactu
1214 673 1322 709 misse
1344 673 1508 709 dicuntur

39 765 43 773 ,
108 739 292 782 accidere,
323 737 370 772 cr.
393 738 549 782 Herzog.
573 735 619 771 ad
642 735 744 770 Caes.
765 734 810 768 B.
837 733 885 770 G.
911 734 978 779 111,
1002 733 1060 769 14.
1107 728 1221 769 Μὶεειι
1248 747 1271 769 α
1298 736 1412 770 Gallis
1433 736 1506 770 tela

108 800 307 846 granius
337 800 554 834 accidebant.
610 795 787 832 Similiter
818 806 883 837 ea,
915 806 1006 839 quae
1037 806 1141 830 aures
1169 807 1251 830 eum
1287 795 1507 830 vehementia

107 860 260 902 feriunt,
293 859 457 896 dicantur
479 859 660 901 accidere,
692 858 791 893 velut
813 857 965 899 clamor,
988 857 1174 901 strepitus,
1196 867 1322 898 soum,-
1345 857 1391 891 cf.
1415 859 1506 892 Dra-

107 921 297 956 kenborch.
328 921 373 957 ad
403 921 482 958 [siv.
506 921 594 962 XL,
617 919 679 964 32,
706 919 740 953 2.
789 917 909 954 Etiam
933 919 1042 962 fama
1063 916 1117 950 rei
1139 917 1262 962 gravis
1283 922 1424 962 praeter
1445 929 1506 952 ex—

106 982 356 1027 spectationem
379 983 491 1018 allata
516 985 554 1016 et
575 981 713 1016 animos
733 981 943 1025 perturbans
966 978 1126 1013 accidere
1147 978 1277 1014 dicitur
1290 1005 1301 1022 ‚
1326 983 1366 1014 ut
1387 979 1508 1014 docuit

109 1042 310 1080 Gronovius
333 1044 379 1079 ad
401 1043 480 1078 Liv.
506 1043 604 1082 XXI.
627 1042 686 1085 lo,
709 1042 770 1077 12.
815 1042 857 1078 In
879 1045 953 1076 tam
985 1040 1091 1075 obvio
1114 1039 1216 1075 verbi
1239 1053 1305 1075 usu
1328 1041 1421 1075 nihil
1443 1051 1507 1074 vn—

107 1105 159 1141 let
179 1104 290 1140 Fabri
310 1104 480 1141 sententia
514 1103 672 1139 accidere
693 1107 880 1150 propterea
903 1102 1122 1145 damnantis,
1151 1102 1246 1146 quod
1268 1113 1338 1136 uon
1360 1101 1404 1136 de
1424 1112 1508 1146 per-

38 1192 40 1196 .
106 1167 200 1201 sonis
228 1166 376 1203 dicatur.
435 1166 547 1211 Quasi
578 1176 668 1201 vero
703 1165 870 1211 scriptori
906 1164 1071 1212 ἐνεργείᾳ
1108 1162 1261 1199 studenti
1298 1174 1368 1197 non
1399 1162 1508 1197 liceat

107 1227 218 1262 verba
241 1228 285 1262 de
306 1227 412 1262 rebus
432 1229 602 1271 usurpata
625 1226 687 1261 ubi
711 1225 936 1261 commodum
968 1229 1023 1261 est
1045 1226 1090 1261 ad
1111 1235 1282 1270 personas
1303 1223 1506 1265 transferre,
1551 1224 1553 1227 “

108 1292 144 1324 et
165 1287 313 1324 contra?
335 1307 381 1315 —
413 1288 594 1323 Vocabulo
627 1288 749 1323 solitus
766 1287 818 1321 riu
851 1286 987 1331 aliquot
1018 1286 1120 1322 codd.
1152 1286 1293 1321 additur
1325 1290 1433 1329 esset,
1462 1296 1506 1319 ex

107 1350 226 1396 inepta
257 1349 536 1395 interpolatione.
583 1349 664 1393 Quo
697 1351 875 1384 structura
905 1352 1058 1390 constet,
1099 1346 1278 1393 supplebis
1308 1348 1373 1389 sit,
1412 1346 1506 1391 quod

106 1410 282 1446 interdum
310 1411 348 1446 iu
382 1410 541 1446 oratioue
577 1409 723 1453 obliqua
751 1408 868 1443 omitti
899 1409 1103 1444 observavit
1123 1409 1271 1443 Beiorus
1293 1409 1339 1442 ad
1362 1407 1435 1442 Cic.
1460 1408 1504 1442 de

107 1471 179 1508 Off.
202 1472 232 1515 1,
253 1471 311 1514 17,
335 1470 394 1507 58.
443 1472 485 1507 Si
506 1470 723 1515 comparatio
735 1471 830 1514 fiat,
852 1469 974 1515 quibus
994 1470 1184 1515 plurimum
1207 1469 1428 1504 tribuendum
1451 1471 1506 1513 os·-

97 1534 191 1580 flei,
214 1545 263 1569 sc.
286 1533 346 1568 sit.
370 1533 415 1567 cf.
438 1533 489 1567 ib.
513 1533 543 1575 1,
567 1532 627 1574 43,
651 1529 733 1566 152.
782 1530 901 1565 Potest
923 1531 1078 1566 incidere
1100 1532 1327 1576 comparatio,
1352 1531 1396 1565 de
1419 1531 1503 1565 duo-

107 1595 172 1630 bus
193 1599 311 1630 aarum
332 1594 519 1629 honestius.
546 1592 635 1627 Sall.
659 1592 738 1636 lug.
763 1590 890 1635 CXIII,
914 1590 949 1624 1.
997 1592 1106 1634 Dolo,
1138 1604 1186 1626 an
1209 1603 1290 1626 vere
1324 1596 1453 1627 cunct
1464 1603 1504 1626 a·

43 1698 51 1699 ἶ
106 1661 217 1699 11η,-
233 1667 361 1702 parum
396 1654 636 1700 comperimus.
683 1653 805 1696 Quam
837 1652 954 1686 Faber
984 1652 1182 1696 explicandi
1214 1652 1390 1687 rationem
1419 1653 1505 1687 iniri

105 1711 208 1762 posse
238 1716 394 1762 putavit,
424 1719 465 1751 ut
496 1715 542 1751 ad
576 1725 702 1750 vocem
734 1714 876 1755 solitus,
908 1712 1090 1758 participii
1121 1712 1159 1747 vi
1192 1713 1430 1758 intellectam,
1463 1726 1507 1749 ex

73 1787 77 1794 ‘
105 1789 314 1824 praegresso
334 1777 556 1813 simulaverit
578 1776 783 1821 suppleatur
799 1775 952 1820 fecerit,
982 1774 1062 1808 coll.
1089 1775 1322 1810 Ramshornii
1346 1776 1506 1811 Gramm.

106 1838 185 1875 Lat
209 1841 243 1883 ἓ.
265 1837 347 1874 2⁰⁵.
369 1839 406 1881 3,
430 1839 466 1874 b.
498 1850 534 1883 p.
561 1837 644 1874 684.
667 1837 722 1871 ed.
750 1838 791 1881 1.,
822 1847 903 1871 eam
932 1836 1031 1871 nullo
1063 1837 1170 1871 modo
1202 1837 1287 1871 t'crri
1311 1849 1412 1882 posse
1435 1848 1506 1872 non

106 1903 161 1936 est
191 1901 287 1946 qno‘d
316 1901 508 1938 ostendam.
530 1918 579 1947 '-.
609 1900 677 1934 Est
706 1902 785 1943 post
818 1899 1054 1945 exploratum,
1090 1899 1184 1943 quod
1207 1898 1244 1933 in
1268 1898 1380 1934 tribus
1403 1899 1505 1934 codd.
1550 1937 1553 1944 p

107 1960 345 2004 desideratur,
369 1973 393 1998 a
415 1961 540 1997 Col-tio
558 1961 723 1995 deletum.

198 2022 390 2058 LXXXIX.
422 2025 458 2069 ἕ.
488 2023 524 2058 l.
567 2023 700 2068 partim
731 2021 794 2066 vi]
830 2022 885 2056 De
914 2021 1051 2066 partim
1079 2020 1254 2066 particula
1268 2045 1280 2063 ,
1316 2020 1376 2055 oui
1411 2021 1506 2056 alius

54 2128 58 2142 Ι
106 2083 315 2127 respondet,
338 2095 373 2121 v.
397 2085 444 2119 ad
466 2097 500 2122 c.
522 2079 718 2125 xxxvnl‚
742 2082 777 2119 3.
800 2102 846 2108 —-
883 2083 1019 2119 Metam
1041 2088 1219 2119 ostentare
1250 2083 1427 2127 quomodo
1450 2082 1507 2116 iu-

107 2143 336 2191 telligendum
358 2149 500 2191 putem,
523 2145 596 2181 dixi
619 2146 666 2181 ad
689 2156 720 2179 c.
746 2145 877 2186 xxm,
901 2144 940 2178 1:
958 2164 1004 2172 —
1032 2145 1227 2180 Mediocris:
1249 2145 1398 2190 gerebat
1421 2143 1446 2178 i.
1472 2155 1504 2177 e.

106 2205 408 2249 res-mediocres,
439 2219 551 2252 neque
579 2205 705 2252 magni
737 2205 907 2241 momenti
940 2207 1187 2251 perpeti-aban
1218 2206 1312 2250 quod
1335 2205 1396 2240 vix
1419 2216 1506 2250 opus

107 2268 186 2301 erat
210 2277 379 2309 monere,
410 2267 478 2302 nisi
515 2267 714 2303 Gronovius
747 2268 792 2303 ael
824 2267 901 2302 Liv.
926 2268 980 2310 11,
1000 2266 1060 2309 46,
1083 2267 1118 2302 3.
1146 2268 1297 2314 gerebat
1319 2267 1504 2302 delendum

107 2336 151 2361 ac
173 2327 362 2362 mediocria
394 2328 439 2363 de
463 2328 603 2374 oppidis
627 2329 848 2375 castellisque
876 2329 1145 2374 intelligendum
1169 2328 1371 2364 censuisset.
1394 2348 1442 2353 —
1463 2328 1506 2363 In

107 2387 228 2423 verbis
249 2389 299 2423 ob
321 2400 401 2424 suos
423 2390 588 2425 tutandos
609 2392 825 2436 praepositio
852 2391 990 2427 consil-'i
1011 2400 1056 2424 ac
1077 2389 1157 2425 finis
1179 2389 1358 2426 notionem
1381 2389 1505 2432 habet,

106 2454 179 2493 qna
209 2454 382 2495 potestate
403 2451 502 2486 vocis
531 2452 625 2496 apud
649 2451 815 2488 Tacitum
839 2454 930 2489 Anu.
952 2452 981 2494 1,
1003 2450 1063 2495 ⁷9,
1086 2450 1121 2485 1.
1154 2462 1225 2485 non
1246 2451 1426 2487 intellecta
1447 2450 1504 2485 in-

108 2512 276 2554 terpretes
307 2511 440 2547 Wolfio
473 2514 619 2556 excepto
653 2515 750 2549 male
785 2515 834 2550 ud
866 2511 1031 2550 substitui
1064 2511 1272 2555 voluerunt,
1304 2523 1348 2547 ae
1379 2523 1504 2548 revera

108 2569 229 2606 invitis
250 2572 351 2607 codd.
375 2573 629 2608 substituerunt
652 2575 746 2620 apud
769 2575 912 2611 Livium
935 2572 1123 2615 XXXVII,
1147 2572 1205 2616 27,
1228 2572 1263 2610 5.
1288 2574 1333 2609 ef.
1357 2574 1453 2609 iufra
1472 2586 1502 2608 c.

108 2631 190 2674 cn,
210 2632 267 2668 12.
301 2634 402 2669 Iahn-
432 2634 478 2668 ad
509 2633 598 2668 Hor.
629 2633 704 2669 Sat.
726 2635 764 2678 1,
790 2634 832 2678 4,
862 2634 922 2670 26.
957 2635 1051 2680 Aug.
1082 2633 1254 2670 Matthias
1289 2636 1335 2670 ad
1370 2635 1442 2670 Cic.
1469 2647 1504 2680 p.

107 2691 204 2727 Mur.
228 2704 261 2728 e.
282 2693 318 2736 l,
339 2694 374 2729 1.
397 2686 618 2730 Boe'tticher.
647 2694 732 2729 Lex.
762 2695 878 2731 Tacit.
910 2695 948 2729 h.
977 2706 1013 2730 v.
1050 2707 1085 2740 p.
1108 2694 1192 2731 324.
1215 2695 1288 2733 Cic.
1307 2696 1415 2731 Tusc.
1436 2695 1501 2739 111,

83 2792 85 2797 Ι
109 2752 168 2795 18,
191 2753 250 2790 28.
271 2754 310 2789 iu
332 2755 431 2791 Verr.
453 2755 500 2799 11,
524 2754 582 2800 32,
607 2755 666 2791 78.
691 2775 735 2781 —
770 2756 813 2790 In
841 2767 967 2791 manus
988 2757 1109 2791 venire
1132 2758 1184 2791 est
1206 2757 1398 2803 congredi,
1426 2768 1504 2792 ma-

109 2822 194 2849 num
225 2826 427 2859 conserere3
456 2817 503 2854 cf.
528 2817 594 2860 cI,
617 2815 652 2851 4.
677 2816 833 2855 Gronov.
858 2821 893 2853 et
915 2818 1181 2854 Drakenborch.
1203 2818 1248 2854 ad
1270 2817 1350 2854 Liv.
1374 2818 1418 2861 11,
1443 2817 1504 2859 46,
