1826 3276
375 176 458 215 572
732 168 776 210 c.
806 166 1120 209 SALLUSTI
1159 150 1381 208 calsm

375 285 593 346 praesidio
617 284 809 326 missum.
846 280 1019 325 Deinde
1050 295 1150 324 eum
1181 287 1225 325 et
1253 295 1518 341 proxumum
1539 281 1655 327 diem
1675 283 1733 326 si-

337 386 551 426 2nemetu
580 377 798 421 coniuncti
827 382 941 419 eunt.
977 376 1098 431 Post,
1126 377 1202 420 ubi
1229 383 1373 422 castra
1399 378 1543 421 locata
1572 382 1616 420 et
1649 373 1735 422 (liei

374 489 533 533 vesper
577 477 695 530 erat,
734 476 917 531 repente
943 470 1143 526 ,Maurus
1185 471 1352 516 incerto
1397 472 1534 528 voltu,
1567 486 1734 532 pavens

373 571 430 614 ad
473 569 642 614 Sullam
690 567 878 611 accurrit
920 566 1114 626 dicitque
1159 566 1242 610 sibi
1288 581 1341 610 ex
1386 566 1734 627 speculatoribus

371 692 451 725 Liv.
491 690 574 731 Vll,
605 688 671 730 35,
703 688 758 722 10.
799 688 857 720 'Si
885 699 950 721 nox
982 693 1174 733 opportuna
1203 692 1254 722 est
1285 687 1472 743 eruptioni,
1505 671 1628 722 sicut
1660 692 1735 721 est.

371 753 512 786 Fauna.
801 774 812 791 s
968 778 970 780 ,

463 811 548 844 cvl.
574 812 606 852 ἓ.
629 809 663 842 1.
688 810 723 840 et
745 807 779 841 2.
813 807 1012 851 adveniens]
1058 807 1138 840 Hoc
1159 805 1394 850 participium,
1416 805 1508 849 quod
1531 797 1737 839 Gerlachius

372 872 406 905 in
431 871 636 904 Commentt.
669 879 704 911 p.
726 866 806 900 331.
830 867 1057 908 „insolitum“
1080 866 1183 908 dicit,
1215 879 1259 901 ne
1282 865 1426 910 perfecti
1448 867 1654 909 potestatem
1675 864 1736 900 hass

371 932 454 964 bere
487 929 628 970 credas,
659 927 716 962 adi
747 930 910 961 annotata
940 927 984 960 ad
1016 939 1044 961 c.
1074 928 1120 971 X,
1143 927 1176 960 2.
1201 938 1234 970 p.
1257 926 1303 960 50
1325 937 1376 970 sq.
1400 945 1446 952 —
1469 926 1634 970 Appellat
1653 923 1679 959 i.
1702 935 1736 960 e.

372 992 415 1025 ud
432 1001 511 1024 eum
529 1000 565 1023 se
588 987 767 1030 convertit,
786 997 873 1020 eum
897 985 1106 1029 alloquitur3
1130 997 1163 1019 v.
1188 999 1218 1022 c.
1241 987 1349 1028 cxu,
1368 986 1401 1020 1.
1429 986 1550 1019 exul.
1573 985 1606 1019 2.
1633 985 1736 1019 netz.

372 1052 416 1089 ..rt
434 1050 532 1084 Caes.
554 1050 596 1082 B.
622 1048 666 1082 G.
691 1047 732 1090 V,
756 1046 814 1082 33.
838 1058 871 1089 p.
894 1045 974 1080 274.
993 1065 1038 1071 —
1058 1046 1211 1090 Dicitque
1233 1056 1351 1079 omnes
1373 1044 1472 1082 codd.
1495 1056 1631 1079 summa
1655 1057 1738 1079 con—

372 1111 500 1145 stantia
521 1112 655 1148 tenent;
677 1117 782 1149 quare
802 1109 931 1140 temere
947 1106 1084 1139 Cottius
1106 1106 1250 1150 expulit,
1270 1106 1364 1139 idem
1386 1115 1489 1140 ausus
1510 1117 1541 1141 c.
1565 1106 1670 1146 cxu,
1691 1104 1738 1145 1.,

373 1180 585 1215 quamquam
608 1166 750 1201 concedi
773 1166 872 1199 debet
895 1166 1075 1199 commode
1098 1170 1132 1200 et
1155 1176 1196 1199 ex
1219 1177 1284 1199 usu
1305 1165 1461 1199 Sallustii
1483 1165 1602 1199 abesse
1623 1175 1736 1208 possm

372 1244 408 1266 v,
431 1232 476 1265 ad
500 1242 530 1264 c.
554 1228 645 1268 vul,
668 1227 700 1259 1.
724 1238 758 1270 p.
780 1225 837 1259 44.
862 1244 906 1251 —
939 1226 1070 1260 Boccho
1105 1237 1168 1259 cur
1197 1226 1352 1260 additum
1381 1225 1426 1259 sit
1453 1235 1490 1259 se
1522 1233 1590 1258 non
1620 1223 1737 1258 videre

372 1292 422 1326 ait
445 1289 592 1324 Cottius.
626 1288 734 1320 Recte
757 1290 873 1320 autem
899 1285 1016 1318 Faber
1039 1288 1155 1319 monet
1178 1297 1315 1320 sensum
1337 1296 1411 1320 esse
1431 1284 1541 1318 hunc:
1564 1267 1602 1319 se
1623 1284 1738 1317 filium

372 1362 445 1385 esse
470 1347 626 1388 Bocchi,
649 1350 684 1380 et
715 1357 737 1379 a
766 1349 864 1389 patre
895 1344 1050 1380 missum.
1097 1346 1260 1379 Additum
1283 1345 1412 1389 igitur,
1441 1348 1480 1378 ut
1515 1344 1616 1378 Sulla
1648 1343 1737 1378 scire

371 1412 498 1454 posset,
521 1407 596 1451 quis
620 1411 704 1439 esset
733 1405 851 1445 Volux,
875 1414 978 1446 quem
999 1403 1151 1436 nondum
1173 1408 1328 1438 noverat.
1351 1421 1396 1429 —
1417 1404 1492 1437 Illis
1515 1413 1584 1446 qua
1604 1403 1737 1436 ratione

372 1471 408 1503 in
431 1467 585 1503 oratione
608 1466 750 1508 obliqua
772 1464 931 1507 positum·
948 1462 1007 1504 sit,
1039 1462 1188 1497 diximus
1210 1464 1254 1498 ad
1276 1476 1305 1497 c.
1328 1463 1415 1504 LVI,
1438 1463 1472 1496 4.
1497 1461 1647 1496 Pluralis
1672 1472 1735 1495 au-

371 1535 441 1563 tem
464 1528 543 1561 licet
566 1524 820 1569 quodammodo
843 1522 998 1556 excusari
1022 1522 1140 1565 possit,
1167 1523 1196 1555 si
1225 1518 1354 1556 statuas
1376 1522 1547 1555 Volucem'
1565 1533 1633 1555 non
1651 1521 1736 1556 Sul-

370 1590 444 1623 lam
466 1588 598 1627 solum,
630 1585 688 1618 sed
712 1583 821 1627 ipsum
846 1594 921 1616 cum
945 1583 1120 1616 comitibus
1143 1582 1368 1624 intellexisse,
1391 1584 1506 1616 tamen
1529 1583 1639 1616 multo
1661 1593 1736 1617 ma-

372 1651 463 1683 xime
486 1648 598 1691 placet
620 1645 684 1686 illi,
708 1644 798 1686 quod
823 1642 852 1676 si
874 1642 910 1677 in
933 1642 1109 1686 pluribus,
1142 1653 1248 1686 quam
1277 1641 1314 1676 111
1335 1642 1457 1675 Franc.
1483 1642 1620 1677 Vratisl.
1643 1642 1677 1678 2.
1703 1646 1737 1676 et

370 1708 515 1744 Taurin.
548 1708 717 1745 exstaret,
748 1714 816 1736 non
848 1702 1057 1736 dubltassem
1089 1703 1126 1736 in
1160 1706 1290 1736 textum
1323 1700 1496 1744 recipere,
1533 1701 1736 1746 praesertim

370 1781 478 1814 quum
501 1780 518 1801 s
541 1767 657 1801 littera
679 1764 784 1799 facile
807 1774 848 1796 ex
871 1766 1032 1806 sequente
1055 1762 1224 1797 vocabulo
1253 1761 1470 1805 praecedenti
1492 1762 1737 1796 adhaerescere

372 1828 532 1875 potuerit.
555 1846 600 1853 —-·
632 1826 683 1858 De
713 1822 892 1868 particulis
922 1823 1022 1856 simul
1053 1842 1098 1847 —
1130 1827 1164 1857 et
1185 1833 1219 1858 v.
1243 1823 1287 1856 ad
1310 1833 1338 1856 c.
1363 1822 1499 1866 xnvn,
1523 1822 1558 1858 2.
1580 1842 1625 1848 —
1657 1823 1737 1856 mea·

370 1888 508 1924 Cottius
541 1898 584 1920 ne
614 1896 682 1919 uno
715 1884 854 1929 quidem
887 1882 1004 1916 codice
1033 1882 1168 1916 adiutus
1199 1882 1348 1917 mutavit
1379 1881 1415 1916 in
1447 1882 1516 1924 die,
1546 1882 1644 1925 quasi
1668 1881 1735 1916 ista

370 1951 503 1989 forma,
534 1945 718 1989 aliquoties
751 1955 772 1978 a
806 1943 973 1977 Sallustio
1005 1946 1169 1986 usurpata
1200 1942 1250 1985 (v.
1276 1942 1331 1975 ad.
1365 1952 1394 1974 c.
1428 1941 1524 1984 XXI,
1548 1942 1582 1976 2.
1605 1942 1677 1986 Lll,
1700 1941 1734 1975 3.

370 2009 505 2049 xcvn,
527 2007 590 2051 3),
614 2006 741 2049 ubique
767 2004 944 2037 inferenda
966 2002 1020 2037 sit.
1046 2022 1089 2029 —
1115 2003 1247 2036 Pavens
1273 2001 1365 2034 idem
1388 1999 1470 2035 satis
1493 2005 1622 2035 temere
1644 2001 1735 2035 dele-

370 2071 441 2111 vit3
473 2079 583 2111 neque
616 2066 708 2100 enim
741 2075 830 2098 unus
862 2063 942 2099 Sen.
975 2063 1021 2103 1.,
1052 2061 1111 2106 qui
1130 2062 1196 2096 isto
1219 2061 1391 2095 vocabulo
1413 2064 1518 2102 caret,
1541 2065 1734 2095 ceterorum

370 2130 525 2164 omnium
541 2127 698 2162 codicum
722 2135 886 2159 consensu
906 2123 982 2166 plus
1006 2123 1122 2156 valere
1141 2126 1263 2166 potest,
1285 2132 1396 2164 neque
1415 2132 1537 2155 verum
1555 2125 1618 2163 est,
1641 2122 1735 2165 quod

371 2191 432 2223 illc
464 2188 558 2229 vult,
596 2197 726 2230 pavens
757 2171 908 2228 ineptam
940 2183 1095 2228 glossam
1127 2193 1201 2217 esse
1228 2181 1505 2226 praecedentium
1537 2182 1735 2222 verborum,

372 2249 455 2293 quia
476 2250 627 2282 incertus
649 2247 760 2279 voltus
782 2245 827 2278 sit
848 2255 980 2287 eorum,
1005 2243 1064 2287 qui
1087 2246 1244 2286 paveant.
1291 2243 1362 2277 Sed
1383 2252 1453 2279 mn
1473 2251 1592 2275 carere
1613 2231 1650 2274 ⁴vi
1671 2250 1734 2274 sua

369 2320 498 2354 pavens
521 2305 743 2351 participium
765 2304 870 2339 facile
892 2304 1034 2345 senties,
1065 2301 1094 2336 si
1117 2296 1287 2337 commate
1310 2300 1391 2346 pont
1414 2302 1508 2335 voltu
1530 2299 1734 2341 distinxeris,

370 2381 439 2414 quo
461 2366 621 2413 gradatio
644 2360 798 2399 efficitur
819 2366 879 2409 (v.
902 2364 946 2398 ad
969 2375 1000 2397 c.
1017 2363 1182 2406 xxvm,
1204 2363 1238 2397 4.
1263 2375 1300 2406 p.
1323 2362 1431 2405 162.)
1465 2360 1510 2395 ad
1541 2358 1734 2393 describen-

372 2430 452 2463 dam
475 2427 592 2462 Mauri
612 2424 905 2469 perturbationem
929 2434 1096 2468 perquam
1115 2423 1396 2463 accommodata;
1427 2428 1507 2455 nam
1530 2431 1592 2464 per
1613 2430 1649 2453 se
1671 2430 1734 2463 pa-

371 2492 441 2530 tet,
477 2488 606 2521 incerto
628 2486 723 2519 voltu
746 2484 790 2518 ad
812 2487 985 2518 externam
1008 2482 1156 2526 speciem
1186 2482 1372 2527 pertinere,
1403 2476 1532 2525 paue'ns
1563 2481 1734 2517 internum

371 2548 479 2584 animi
501 2550 628 2584 statum
651 2545 845 2589 designare.
877 2564 920 2569 -
954 2532 1110 2588 Dicitque
1134 2543 1271 2578 Cottius
1295 2540 1425 2586 pariter
1448 2544 1484 2575 ut
1507 2542 1540 2583 §.
1563 2540 1595 2574 1.
1616 2538 1733 2574 invitis

371 2609 528 2642 omnibus
550 2606 650 2641 libris
671 2604 845 2650 expunxit.
1031 2630 1035 2635 .

462 2671 493 2710 §.
526 2667 559 2701 3.
586 2666 723 2710 feroci]
767 2664 791 2698 i.
825 2675 856 2698 e.
887 2664 1059 2708 intrepido
1094 2673 1135 2697 ac
1168 2661 1269 2704 forti;
1301 2671 1334 2694 v,
1359 2661 1404 2694 ad
1429 2659 1531 2693 Catil.
1556 2659 1616 2699 xl,
1639 2656 1674 2691 5.
1695 2668 1729 2700 p.

369 2725 425 2759 50.
451 2745 494 2750 —
533 2726 587 2759 Ex
617 2729 726 2770 negat
762 2724 867 2758 verbo
897 2724 939 2759 ad
963 2726 1160 2767 sequentem
1191 2720 1462 2755 enunciationem
1484 2718 1534 2753 ita
1556 2716 1732 2755 transitur,
