1826 3276
484 167 853 216 1UGURTHA.
914 173 1037 217 CAP.
1069 174 1173 219 CIV.
1429 180 1516 223 565

117 293 189 338 chi
229 289 477 353 cognoscit.
570 289 756 350 Legatis
799 295 1002 351 potestas
1048 291 1184 336 eundi
1220 293 1423 340 'Romam
1459 297 1545 343 fit2

114 386 172 431 ab
210 385 416 442 consule3
451 387 624 432 interea
644 387 855 433 induciae
884 388 1243 454 postulabantur.
1299 390 1370 437 Ea
1405 392 1513 439 Sul-

111 521 287 563 aliorum‚
320 519 461 555 Sullam
495 521 614 556 Cirtae
644 521 764 556 fuisse.
821 521 940 567 Quam
974 523 1099 558 urbem
1130 536 1240 569 quum
1270 517 1418 562 Marius*
1437 527 1513 573 ipse

109 582 179 618 sibi
211 581 330 617 sedem
360 581 546 628 elegisset,
580 585 620 617 ut
649 583 763 617 elucet
791 587 913 618 nostro
938 584 1018 619 loco
1041 597 1122 620 cum
1148 599 1180 621 c.
1206 587 1282 632 cu,
1307 589 1341 623 1.
1366 589 1510 633 collato,

108 643 211 695 Sulla
242 643 310 677 huo
342 644 461 679 venire
492 644 605 679 iassae
628 655 698 679 non
730 643 845 687 potuit
868 643 941 678 iam
964 644 1017 679 ibi
1041 656 1138 689 esse,
1168 658 1238 682 nou
1261 650 1380 695 magis
1402 663 1510 696 quam

107 703 238 751 legati,
266 715 356 749 quos
385 717 418 739 c.
453 704 544 745 cul,
575 706 610 739 7.
650 704 862 739 ostendimus
896 706 991 749 apud
1022 706 1163 742 Sullam
1197 711 1380 747 mansisse.
1437 712 1509 758 Qui

105 779 214 814 quum
236 765 396 801 hibernis
417 765 621 810 praefectus
643 770 746 809 esset,
769 777 805 801 v.
830 766 928 811 0111,
957 767 1005 809 4.,
1029 780 1121 813 qnae
1143 769 1181 804 in
1204 772 1346 806 urbibus
1368 775 1508 810 mariti-

105 828 172 862 mis
195 827 412 874 agebantur,
438 839 474 863 v,
498 828 545 870 G,
568 828 604 862 1.
629 828 729 870 (3111,
753 828 810 870 1.,
842 840 929 863 num
954 828 1132 865 dubitabis
1154 831 1291 876 adhuc,
1315 834 1399 879 quin
1422 847 1508 871 vem

103 889 278 934 scriptura
316 887 363 923 sit
394 889 539 935 illosque
572 893 607 925 et
639 890 776 924 Sullam
804 890 861 924 ab
901 891 1040 925 Utica
1072 893 1193 927 venire
1234 894 1365 930 iussit?
1405 895 1508 940 Quae

103 950 280 996 quomodo
311 950 494 985 obscurari
524 950 696 995 potuerit,
728 962 798 985 non
832 951 980 987 difficile
1014 957 1067 989 est
1096 954 1142 988 ad
1164 954 1367 990 videndum.
1413 956 1506 992 Nam

102 1024 212 1058 quum
234 1012 271 1046 in
295 1012 473 1047 nonnullis
495 1012 595 1046 codd.
620 1015 702 1056 post
723 1018 921 1057 praetorem
944 1014 1205 1060 perspicuitatis
1226 1028 1351 1052 caussa
1370 1017 1407 1052 in
1430 1021 1507 1053 tex-

103 1079 178 1110 tum
199 1074 339 1109 illatum
364 1077 455 1108 esset
482 1075 606 1118 Utica,
638 1074 674 1108 iu
697 1075 795 1110 Vrat.
819 1074 852 1108 1.
876 1076 954 1110 Pal.
976 1075 1011 1112 7.
1043 1077 1187 1121 Uticae,
1208 1077 1246 1112 in
1269 1079 1347 1115 Pal.
1373 1078 1408 1113 8.
1432 1080 1502 1115 lnc.

102 1137 138 1172 1.
154 1137 189 1171 2.
203 1136 330 1170 Frauc.
348 1137 392 1170 ab
413 1136 528 1177 Utica,
548 1135 584 1169 in
603 1135 691 1171 Tur.
711 1134 746 1170 1.
762 1135 804 1168 de
823 1136 939 1178 Utica,
963 1148 1006 1171 eo
1023 1138 1158 1172 factum
1185 1143 1249 1182 est,
1274 1143 1313 1175 ut
1339 1140 1376 1175 iu
1399 1152 1504 1176 versu

100 1197 328 1234 antecedente
350 1197 396 1231 ab
425 1197 528 1231 Utica
552 1195 746 1239 excideret,
781 1207 998 1246 quamquam
1021 1198 1057 1232 in
1085 1200 1261 1235 nonnullis
1292 1202 1393 1236 codd.
1417 1214 1505 1237 vera

99 1259 274 1304 scriptura
295 1261 332 1293 et
351 1257 579 1302 interpolatio
603 1256 710 1291 simul
734 1263 927 1301 comparet.
955 1259 1083 1294 Glossa
1106 1264 1223 1295 tamen
1247 1266 1366 1298 carent
1387 1264 1504 1299 Palat.

99 1322 135 1357 3.
158 1320 192 1357 5.
216 1319 265 1365 6.,
287 1319 448 1354 nonnulli
472 1318 583 1353 Cortii
606 1318 702 1360 libri,
726 1319 848 1355 Berol.
872 1320 907 1354 1.
933 1321 969 1358 2.
994 1322 1101 1356 Misn.
1127 1323 1246 1358 Goerl.
1269 1335 1362 1368 quae
1384 1325 1504 1360 omnia

98 1383 236 1419 abunde
258 1382 411 1427 probant
434 1381 619 1426 vulgatam
641 1380 739 1414 nullo
763 1383 867 1424 pacto
892 1384 987 1416 stare
1012 1394 1126 1426 posse.
1175 1383 1215 1418 Si
1238 1385 1317 1429 quis
1338 1397 1424 1421 vero
1448 1387 1503 1421 di-

98 1447 156 1479 cat
180 1454 304 1478 vocem
335 1441 437 1477 Utica
460 1446 540 1487 post
560 1444 759 1486 praetorem
785 1440 892 1475 etiam
916 1442 962 1476 ad
984 1443 1171 1488 superiora
1193 1445 1339 1492 illosque
1362 1452 1398 1482 et
1421 1448 1502 1482 Sal-

99 1508 172 1541 lam
202 1503 330 1540 referri
361 1515 473 1548 posse,
505 1503 537 1538 is
568 1506 706 1548 reputet
737 1501 823 1536 huie
856 1502 985 1538 rationi
1019 1505 1210 1540 verborum
1231 1505 1501 1540 collocationem

96 1578 141 1602 ae
171 1569 283 1601 totam
314 1564 568 1598 enunciationis
599 1563 917 1598 conformationem
947 1576 1092 1610 prorsus
1115 1567 1267 1602 obstare.
1291 1587 1338 1593 —
1377 1568 1430 1602 De
1455 1568 1500 1602 ab

95 1624 352 1672 praepositione
374 1625 456 1659 vide
480 1627 647 1660 annotata
669 1624 713 1658 ad
739 1636 769 1658 c.
796 1624 888 1667 LXI,
913 1624 947 1659 1.
968 1645 1015 1652 —-
1049 1627 1137 1661 Item
1163 1626 1373 1662 auctoritate
1394 1627 1501 1671 longe

95 1687 333 1734 plurimorum
356 1686 456 1720 codd.
480 1685 683 1732 scripsimus
706 1696 772 1729 pro
796 1685 970 1730 itemque,
1005 1688 1098 1731 quod
1122 1688 1257 1732 aliquot
1280 1686 1392 1721 Cortii
1416 1687 1499 1720 libri

93 1750 274 1796 praebent.
296 1748 376 1802 Non
399 1748 528 1782 falsam
552 1750 670 1781 tamen
694 1757 770 1780 esse
793 1747 960 1791 copulam
984 1747 1186 1782 monuimus
1208 1748 1252 1783 ad
1277 1749 1355 1782 Cat.
1374 1748 1498 1789 XLVI,

93 1807 799 1853 3.X1.V11,3.1.111‚1.1ug.1x,3.
832 1828 878 1834 -
917 1809 971 1842 De
1002 1807 1139 1842 ratione
1168 1809 1308 1844 consilii
1332 1808 1499 1870 militaris

94 1872 248 1909 habendi
270 1882 307 1908 v.
329 1871 376 1904 ad
400 1882 430 1904 c.
455 1870 586 1912 xxlx,
609 1867 642 1903 5.
667 1873 702 1904 et
727 1869 905 1914 imprimis
928 1869 972 1904 ad
998 1881 1027 1903 c.
1058 1869 1224 1911 LX11‚·.2

186 1937 219 1978 §-
244 1933 284 1970 2.
327 1933 479 1978 Legatis
499 1936 658 1976 potestas
687 1932 794 1966 eundi
817 1932 966 1966 Romam
981 1933 1029 1976 fit
1053 1930 1098 1964 ab
1125 1931 1283 1977 consule]
1324 1932 1378 1966 Ita
1400 1931 1496 1965 huuc

92 1995 211 2032 locum
243 1994 442 2029 Glareanus
471 1992 674 2027 coniectura
703 1996 798 2027 recte
831 1992 1044 2034 emendavit,
1079 2003 1184 2036 quam
1207 1996 1329 2037 postea
1352 1993 1494 2027 Fabric.

92 2060 127 2093 1.
151 2055 298 2103 egregie
320 2054 523 2089 confirmari
547 2053 637 2088 vidit
661 2055 811 2089 Curtius.
852 2054 968 2090 Ceteri
993 2053 1094 2088 codd.
1117 2055 1353 2098 corruptelam
1377 2057 1494 2088 traxe-

89 2123 173 2155 runt
195 2128 336 2158 omnes3
360 2117 519 2161 plerique
542 2116 636 2150 enim
660 2117 792 2152 habent
816 2117 864 2152 ίπ
888 2116 1052 2162 quibus
1077 2115 1206 2161 legatis
1230 2120 1313 2159 etc.‚
1350 2113 1432 2149 Seu.
1458 2114 1492 2148 1.

91 2181 200 2214 Fabr.
224 2179 259 2213 2.
286 2178 404 2213 Guelf.
427 2177 463 2214 3.
489 2176 523 2211 6.
549 2176 664 2213 Paris.
683 2189 714 2211 c.
741 2183 776 2212 et
799 2177 958 2212 nonnulli
981 2177 1143 2212 1tall.in
1167 2176 1274 2221 quis
1299 2176 1392 2221 leg„
1418 2176 1491 2211 Erl.

91 2253 115 2276 a
138 2241 239 2287 quis
263 2240 353 2285 leg„
377 2238 498 2273 Guelf.
521 2238 555 2273 9.
581 2239 626 2272 in
650 2239 754 2284 quis
778 2239 871 2284 leg„
894 2239 1003 2274 A.cad
1028 2239 1193 2283 quibus
1215 2242 1390 2282 potestas,
1414 2237 1488 2271 Pa-

89 2302 149 2338 ris.
173 2303 208 2336 b.
231 2301 398 2347 quibus
421 2299 652 2335 mandatis
675 2300 828 2346 legatis,
859 2300 1155 2344 quemadmodum
1177 2298 1287 2333 ἎΤείε·
1278 2310 1330 2332 nus
1361 2297 1489 2339 edidit,

89 2364 150 2400 sed
173 2362 265 2397 nihil
288 2373 332 2396 ex
355 2361 414 2396 his
438 2361 612 2406 proficias,
637 2361 690 2395 nis
693 2361 706 2394 i
728 2361 824 2405 hoc,
850 2361 984 2396 scribas
1015 2362 1188 2396 interdum
1213 2371 1319 2402 supra
1342 2360 1489 2394 modum

88 2424 279 2471 ineptiisse.
325 2425 447 2469 Quare
476 2423 620 2468 ingenio
647 2423 778 2458 abusus
811 2425 863 2457 est
896 2421 1091 2468 Selliugius
1122 2422 1158 2456 in
1191 2423 1300 2457 Lectt.
1333 2420 1422 2456 Sall.
1450 2432 1484 2465 p.

87 2487 135 2523 34
157 2499 210 2532 sq.
234 2486 420 2531 vulgatam
444 2484 650 2528 defendens,
674 2485 744 2519 hue
766 2483 1051 2529 interpretatione
1074 2483 1275 2527 proposita:
1301 2483 1339 2517 in
1362 2483 1486 2528 quibus

90 2547 298 2592 (mundatis
328 2558 352 2580 α
386 2546 520 2580 Boccho
549 2547 820 2591 postulabatur)
854 2545 983 2591 legatis
1012 2549 1170 2589 potestas
1204 2545 1311 2580 eundi
1334 2544 1485 2578 Romam

89 2610 152 2644 sit
178 2607 255 2653 (ita
277 2607 385 2643 scribi
408 2608 486 2642 vult
508 2607 701 2653 Sellingius
723 2619 788 2652 pro
806 2609 879 2651 fit,
914 2605 1174 2640 coniunctivum
1206 2607 1252 2641 ab
1283 2610 1323 2641 ut
1346 2604 1485 2640 'omisso

87 2669 266 2715 repetens)
291 2674 333 2704 et
354 2669 398 2703 ab
423 2670 560 2702 consule
581 2669 715 2703 interca
741 2668 906 2702 induciae
927 2668 1208 2713 postulabantur.
1257 2668 1296 2702 In
1319 2677 1390 2711 qua
1414 2675 1480 2701 ex-

88 2730 279 2777 plicatione
299 2741 408 2775 quum
431 2730 589 2774 plurima
610 2731 702 2765 falsa
723 2730 793 2765 sint
816 2741 858 2763 ac
883 2740 1060 2774 perversa,
1083 2730 1233 2764 lectores
1253 2727 1403 2774 singulis
1427 2739 1483 2762 re-

87 2791 248 2828 fellendis
276 2803 345 2827 non
375 2790 605 2826 morabimur.
663 2792 743 2825 Hoc
777 2793 893 2825 tamen
926 2789 1093 2824 addemus
1106 2815 1117 2831 ‚
1138 2789 1274 2824 malam
1297 2789 1482 2834 vulgatam
