1826 3276
432 175 806 220 IUGURTHA.
867 175 995 219 GAP.
1022 174 1199 219 XXXI.
1399 180 1513 240 ¹17⁷

119 308 253 340 manu
296 293 426 338 situm
474 300 565 350 est,
613 294 820 350 Quirites,
893 292 1058 352 Neque
1093 307 1182 353 ego
1217 306 1296 337 vos
1332 291 1541 351 hortor-,6

119 390 245 451 quod
275 405 412 450 saepe
441 391 631 436 maiores
666 391 799 437 vostri
836 390 1010 447 fecere,
1039 390 1103 434 uti
1139 394 1294 434 contra
1328 391 1507 436 iniurias

119 487 275 532 armati
322 487 442 532 eatis.
514 488 637 532 Nihil
682 489 750 544 vi,
805 487 912 532 nihil
957 487 1207 533 secessione
1252 502 1367 548 opus
1416 495 1508 543 est3

117 600 303 630 necesse
367 591 436 629 est
498 589 673 629 suomet
731 585 816 646 ipsi
877 599 1004 628 more
1065 585 1337 645 praecipites
1391 593 1506 634 eant.

119 718 251 762 XClss,
275 718 310 753 1.
342 718 520 762 Inceptum
537 719 680 760 frustra
707 721 795 751 erat.
813 754 825 765 ,
843 718 1084 763 Nequicquam
1102 720 1225 752 contra
1247 721 1301 752 est
1322 718 1422 754 irrito
1447 724 1511 755 aut

117 779 213 814 nullo
239 783 387 819 wenta,-
416 778 484 813 hoc
515 781 676 822 respectu
699 778 771 822 rei,
803 776 895 812 illud
916 789 1086 823 personae
1110 778 1153 812 de
1176 778 1282 813 studii
1304 781 1509 822 eventuviu-

118 839 271 874 dicentis
294 837 433 874 dicitur.
458 840 503 873 cf.
521 834 665 875 ‘nudum
689 838 888 872 Doederlin.
915 838 1148 885 Synonymm.
1172 839 1264 873 Latt.
1289 839 1365 874 vol.
1390 840 1451 875 ΠΙ.
1475 852 1508 885 p.

117 899 198 936 1⁰⁰.
229 899 346 934 Hand.
379 899 422 932 de
443 899 597 934 Particc.
629 899 708 934 Lat.
733 899 811 934 Vol.
835 899 879 934 ΙΙ.
911 911 946 944 p.
970 899 1042 935 745
1053 911 1128 944 sqq.
1160 900 1314 945 Herzog.
1345 900 1389 935 ad
1422 901 1509 936 Sall.

47 1009 50 1011 .
117 961 195 998 ssat.
210 961 288 1002 XX,
311 959 346 995 2.
368 971 402 1005 p.
416 959 476 995 95.
501 959 564 995 ubi
585 971 692 995 versu
715 959 761 994 19
783 963 817 994 et
839 960 897 996 20.
920 961 1095 995 vocabula
1117 961 1262 995 obiectio
1286 964 1321 995 et
1344 962 1508 996 subiectio

116 1021 216 1066 lapsu
250 1020 404 1056 auctoris
434 1026 651 1058 commutata
683 1020 866 1062 videntum
898 1020 1002 1056 aliter
1028 1021 1122 1056 enim
1145 1021 1318 1067 Herzogii
1339 1022 1510 1058 sententia

117 1093 189 1117 non¹
208 1084 352 1119 constat.
376 1100 422 1108 —
447 1083 498 1117 Ob
523 1095 595 1118 rem
618 1082 798 1129 tetigimus
821 1082 867 1118 ad
891 1082 967 1120 Cat.
991 1094 1023 1117 c.
1041 1082 1128 1126 XX,
1152 1082 1186 1119 l.
1210 1083 1256 1117 cr.
1269 1082 1352 1116 Ter.
1364 1082 1510 1117 Phorm.

117 1143 182 1187 ΙΙΙ,
205 1142 248 1187 2,
272 1142 332 1178 4⁰.
356 1162 400 1168 —
424 1144 479 1178 De
503 1143 657 1179 dictione
675 1144 712 1178 in
735 1155 843 1178 manu
870 1155 942 1178 esse
965 1155 1001 1179 v.
1028 1143 1073 1178 ad
1095 1155 1126 1177 c.
1143 1143 1245 1185 XIV,
1272 1143 1307 1178 4.
1331 1143 1408 1179 Cat.
1430 1143 1509 1186 XX,

117 1204 176 1240 1⁰.
198 1223 246 1231 —-
268 1204 335 1240 Est
360 1204 498 1240 Gortius
520 1205 591 1240 fide
613 1204 716 1240 unius
737 1205 842 1240 Fabr.
858 1205 892 1242 2.
917 1204 1058 1240 delevit.

209 1264 244 1310 S.
267 1263 304 1302 6.
327 1267 362 1300 et
383 1265 419 1301 7.
464 1272 527 1300 'vos
549 1266 683 1310 hortor]
707 1265 909 1301 Inconsulta
925 1265 1064 1300 eortius
1086 1275 1278 1310 pronomen
1302 1264 1418 1309 eiecit,
1441 1276 1510 1299 non

116 1325 277 1372 pluribus
298 1336 406 1370 quam
428 1325 553 1361 duobis
575 1326 677 1364 codd.
697 1333 888 1373 permotus.
936 1327 1005 1362 Pro
1020 1327 1130 1362 vostri
1144 1326 1246 1361 multi
1263 1325 1362 1360 codd.
1379 1325 1512 1360 habent

116 1388 247 1431 metri,
281 1387 375 1432 quod
397 1386 519 1423 cottio
550 1399 734 1433 perperam
766 1389 900 1434 placet3
936 1399 1018 1423 nam
1051 1387 1165 1422 omnis
1188 1386 1351 1422 Memmii
1382 1386 1510 1430 oratio,

116 1460 188 1494 qno
211 1448 397 1484 certiorem
420 1459 600 1483 assensum
622 1449 733 1492 ferat,
767 1450 811 1484 ad
835 1450 927 1484 solas
959 1449 1071 1495 plebis
1093 1449 1247 1484 rationes
1273 1451 1418 1493 spectat.
1465 1449 1512 1483 Et

117 1509 169 1545 ita
190 1520 327 1553 semper
349 1510 479 1552 solent,
514 1510 574 1555 qui
598 1510 776 1546 audientes
800 1510 868 1546 sibi
891 1510 1080 1546 conciliare
1102 1510 1251 1544 student.
1283 1510 1329 1544 cf.
1362 1511 1394 1552 ξ.
1417 1509 1454 1544 7.
1477 1512 1513 1544 et

117 1570 175 1606 17.
199 1582 232 1606 c.
253 1570 417 1605 LXXXV
431 1595 442 1613 ,
464 1568 522 1604 36.
546 1571 692 1616 Fragm.
717 1571 851 1607 Hister.
876 1572 938 1615 ΠΙ,
963 1571 1023 1614 22,
1046 1569 1103 1605 15.
1132 1571 1208 1605 Cat.
1232 1570 1392 1612 XXXIII,
1416 1568 1450 1604 2.
1467 1586 1512 1596 ·-

120 1630 222 1666 Nihil
244 1629 368 1675 explic.
393 1631 437 1666 ad
461 1631 538 1666 Cat.
562 1632 664 1674 XVI,
689 1631 723 1669 5.
755 1652 801 1660 —
840 1634 903 1668 Est
927 1637 1002 1677 post
1025 1644 1110 1678 opus
1134 1631 1239 1666 codd.·
1256 1633 1410 1673 habent,
1442 1640 1512 1664 non

118 1692 204 1727 item
220 1691 372 1727 eortius.
386 1711 432 1717 —
454 1693 507 1726 De
530 1698 599 1727 met
622 1693 765 1738 syllaba
788 1694 1052 1736 pronominibus
1076 1692 1278 1737 possessivis
1302 1691 1433 1732 addita,
1457 1690 1513 1724 di-

117 1753 233 1789 ximus
266 1753 310 1787 ad
334 1753 410 1788 eat.
436 1753 574 1795 xxm,
598 1753 632 1788 2.
668 1753 778 1787 Plura
809 1753 957 1788 contulit
991 1755 1191 1789 Gahblerus
1227 1753 1263 1787 in
1286 1750 1401 1786 Iahnii
1424 1751 1512 1784 Ann.

118 1813 250 1850 Philol.
267 1818 301 1848 et
316 1814 470 1859 Paedag.
487 1825 520 1848 a.
536 1813 639 1848 1829.
665 1814 743 1848 Vol.
758 1814 801 1848 n.
826 1814 928 1849 Fase.
946 1815 981 1852 4.
1007 1815 1103 1860 (vol.
1118 1816 1163 1850 X.
1188 1811 1354 1856 FascA.)
1379 1823 1412 1856 p.
1429 1811 1512 1846 389.

119 1895 164 1902 —
187 1875 386 1910 Dictionem
406 1886 572 1920 praeceps
594 1876 648 1910 irc
670 1874 925 1910 illustravimus
949 1875 993 1910 ad
1016 1876 1091 1911 Cat.
1116 1874 1295 1915 xxxvn,
1319 1872 1352 1907 4.
1378 1885 1412 1918 p.
1430 1861 1512 1907 172.

118 1937 166 1972 11.
190 1936 216 1971 l.
248 1935 424 1982 significat
447 1936 490 1969 de
512 1937 626 1982 gradu
647 1936 823 1981 potentiae
846 1936 960 1971 deiici.
992 1957 1038 1963 —
1076 1938 1184 1980 Quem
1210 1945 1356 1980 regnum
1382 1944 1512 1978 parare

119 1999 284 2040 aiebant,
322 2001 360 2032 ut
381 1997 523 2031 Laelius
553 1997 684 2032 iudicat
715 1998 809 2042 apud
834 1998 1038 2033 Ciceronem
1061 1997 1104 2031 de
1126 1995 1267 2031 Amicit.
1302 2006 1331 2029 c.
1359 1993 1423 2036 12,
1453 1993 1511 2029 4⁰.

123 2059 279 2095 Tiberius
302 2058 478 2093 Gracchus
501 2070 650 2104 regnum
674 2071 841 2104 occupare
864 2064 1008 2094 conatus
1027 2063 1089 2100 est,
1113 2059 1168 2092 vel
1191 2056 1356 2102 regnavit
1381 2056 1411 2089 is
1435 2054 1511 2100 qui-

119 2121 198 2156 dem
218 2131 348 2165 paucos
369 2130 511 2155 menses.
558 2120 829 2156 Accuratissime
862 2126 1018 2155 veterum
1049 2131 1090 2155 ac
1121 2118 1353 2154 recentiorum
1377 2115 1512 2150 iudicia

120 2180 165 2215 de
186 2180 432 2215 Gracchorum
455 2178 698 2223 πολιτεύμασι
722 2182 942 2227 comparavit
966 2182 1046 2217 Car.
1070 2180 1186 2215 Beier.
1212 2179 1256 2214 ad
1282 2178 1352 2212 Cic.
1372 2177 1415 2211 de
1439 2176 1511 2211 Off.

119 2242 174 2284 Π,
196 2239 262 2282 12,
285 2239 343 2275 43·
366 2252 402 2285 P·
426 2239 472 2275 84
486 2253 560 2285 sqq·
608 2243 702 2287 Quid
726 2243 913 2278 Sallustius
946 2244 1020 2288 ipse
1051 2241 1217 2283 senserit,
1251 2237 1445 2273 declaravit
1477 2248 1510 2273 c.

120 2301 240 2344 XLII,
265 2301 298 2336 1.
327 2321 361 2326 -
407 2303 633 2345 Quaestiones
656 2309 735 2341 sunt
758 2305 890 2340 iudicia
917 2305 953 2339 in
976 2315 1015 2339 re
1037 2302 1206 2347 capitali;
1240 2301 1285 2335 cf.
1315 2301 1348 2342 ἓ.
1371 2298 1428 2333 13.
1452 2297 1509 2334 18.

121 2375 153 2399 c.
177 2364 262 2405 XL,
285 2363 320 2397 1.
348 2361 382 2397 4.
406 2362 442 2399 5.
488 2364 643 2399 Eandem
675 2377 751 2400 rem
783 2366 890 2401 tradit
914 2366 1003 2400 Vell.
1028 2365 1080 2407 11,
1103 2364 1148 2406 7,
1171 2362 1206 2397 3.
1246 2361 1408 2395 Crudeles
1431 2370 1511 2394 mox

121 2425 338 2470 muliones
368 2425 404 2458 in
437 2425 565 2459 amicos
587 2427 791 2472 clientesque
814 2426 1050 2461 'Gracchorum
1075 2424 1219 2458 habitae
1244 2425 1336 2456 sunt.
1382 2420 1510 2456 Nostro

65 2518 67 2522 ,
122 2485 200 2520 loeo
231 2485 268 2519 in
301 2485 422 2521 multis
454 2486 552 2522 codd.
575 2499 707 2532 graves
730 2486 888 2522 additum
919 2490 991 2529 θείς
1030 2485 1122 2530 quod
1146 2493 1363 2528 quamquam
1388 2493 1450 2526 per
1473 2492 1512 2515 se

122 2546 208 2581 ferri
239 2550 372 2591 potest,
408 2550 524 2582 tamen
557 2559 599 2582 eo
623 2549 726 2584 valde
747 2552 944 2593 suspectum
968 2547 1028 2589 fit,
1061 2545 1153 2590 quod
1173 2545 1219 2579 ab
1243 2542 1385 2588 optimis
1409 2542 1510 2577 codd.

122 2607 283 2642 omnibus
304 2602 423 2653 abest,
447 2609 485 2643 in
507 2609 635 2644 ceteris
659 2615 778 2645 autem
801 2611 859 2644 vel
882 2613 962 2644 ante
984 2607 1220 2653 quaestiones,
1253 2605 1308 2638 vel
1332 2606 1409 2648 post
1431 2614 1511 2637 eam

124 2675 244 2702 vocem
267 2668 418 2715 legitur,
447 2673 487 2705 ut
511 2670 666 2706 dubitari
689 2674 857 2716 nequeat,
889 2669 973 2715 quin
996 2680 1038 2702 ex
1062 2666 1221 2712 margine
1243 2665 1280 2699 in
1304 2668 1439 2700 textum
1462 2663 1513 2698 ir-

123 2728 283 2773 nep-erit.
329 2729 405 2764 Non
429 2730 512 2766 satis
544 2731 796 2777 circumspecte
819 2731 928 2777 igitur
949 2731 1065 2764 Faber
1087 2739 1217 2775 graves
1240 2726 1405 2770 defendit,
1431 2725 1514 2769 quia

123 2788 196 2824 sine
226 2789 293 2826 isto
327 2792 500 2828 vocabulo
525 2794 743 2839 quaestiones
766 2792 880 2827 lenius
912 2791 1044 2827 dictum
1076 2790 1141 2835 sit,
1175 2787 1382 2833 praesertim
1404 2796 1513 2830 quum

192 2862 247 2907 11.
936 2879 939 2883 ·
1175 2860 1239 2905 12
