1826 3276
480 161 849 206 IUGURTHA.
909 156 1038 207 CAP.
1066 163 1126 206 Χ.
1465 170 1523 210 49

115 280 256 326 finem
293 281 410 326 vitae
453 280 614 327 adesse
651 281 958 343 intellegeret,
994 295 1147 326 coram
1177 281 1328 328 amicis
1357 288 1404 328 et
1437 299 1518 330 co-

111 378 286 440 gnatis,
319 378 521 438 itemque
558 378 824 424 Adherbale
870 386 915 424 et
945 378 1211 439 Hiempsale
1240 381 1365 438 filiis,
1402 381 1516 425 dici-

112 480 186 519 tur
211 473 523 521 huiuscemodi
555 477 693 521 verba
721 491 822 520 cum
853 476 1074 537 Iugurtha
1103 475 1328 523 habuisse.

250 573 307 618 X.
378 574 573 618 Parvum
610 589 699 633 ego
738 581 782 617 te
802 607 815 629 ‚
860 571 1107 633 Iugurtha,
1163 572 1324 618 amisso
1367 578 1514 631 patre,

111 670 207 714 sine
236 685 347 730 spe,
393 671 486 714 sine
516 670 679 730 opibus
716 670 759 713 in
788 684 939 713 meum
972 652 1164 730 regnum
1200 670 1379 729 accepi,
1416 670 1513 713 exi-

109 771 305 811 stumans
342 781 433 811 non
480 767 621 811 minus
662 783 736 811 me
776 767 855 812 tibi
892 781 1029 825 quam
1084 768 1119 811 si
1160 767 1420 828 genuissem
1450 767 1511 810 ob

105 861 326 908 beneficia
354 870 508 909 carum
543 864 670 918 fore3
707 881 854 924 neque
879 880 932 910 ea
959 880 1031 908 res
1054 864 1218 909 falsum
1239 879 1313 908 me
1342 863 1510 908 habuit.

103 999 230 1042 postea
246 997 364 1034 alieno
390 1000 470 1035 loco
488 999 524 1035 in
544 1003 675 1035 textum
696 999 838 1035 illatum
857 1005 920 1035 est.
938 1020 984 1026 —
1004 1000 1091 1045 Spes
1115 1004 1151 1035 et
1172 1011 1254 1045 opes
1268 999 1392 1035 eodem
1408 1010 1511 1033 sensu

103 1058 257 1101 dietum,
282 1064 322 1094 ut
339 1060 428 1096 alias
448 1073 529 1107 opes
551 1065 587 1096 et
604 1073 659 1097 res
677 1062 961 1107 coniunguntur,
985 1061 1029 1095 de
1049 1071 1118 1105 qua
1139 1061 1291 1096 dictione
1310 1072 1343 1096 v.
1365 1060 1410 1095 ad
1431 1060 1511 1095 Cat.

103 1119 183 1164 XX,
206 1119 261 1156 13.
286 1140 334 1146 --
367 1122 409 1156 In
441 1134 556 1157 meum
589 1135 740 1169 regnum
765 1124 942 1168 accepi.
990 1125 1156 1170 Accipere
1186 1135 1255 1158 non
1272 1134 1313 1157 eo
1335 1134 1435 1157 seusu
1454 1122 1509 1156 iu-

100 1180 346 1227 tenigendum,
373 1194 442 1228 quo
461 1185 570 1230 vulgo
592 1185 688 1219 valet
707 1197 763 1219 res
781 1186 918 1220 oblatas
940 1197 1010 1220 non
1027 1187 1182 1230 reiicere,
1209 1185 1267 1220 sed
1284 1179 1509 1228 propria'vo-

101 1240 152 1276 cis
171 1242 208 1276 vi
227 1246 280 1278 est
299 1243 348 1278 ad
371 1255 410 1279 se
434 1257 578 1290 capere,
615 1245 639 1282 i.
663 1257 695 1281 e.
725 1245 883 1291 recipere
913 1247 970 1281 vel
1001 1247 1189 1292 suscipere.
1215 1246 1260 1280 cf.
1289 1245 1447 1279 GronoV.
1474 1247 1509 1279 et

69 1297 72 1299 “
99 1303 367 1342 Drakenborch.
393 1307 437 1341 ad
466 1306 542 1342 Liv.
573 1299 735 1350 vl1,‘30,
766 1307 801 1343 4.
856 1307 910 1342 Ne
934 1320 996 1343 nos
1022 1309 1058 1343 in
1079 1309 1271 1343 amiciciam
1297 1306 1509 1352 accipia—

66 1362 71 1368 '
98 1375 203 1400 mur.
229 1365 304 1401 Cic.
334 1368 426 1412 Epp.
454 1368 497 1402 ad
524 1367 630 1403 Attio.
660 1368 718 1412 11,
735 1368 790 1403 22.
845 1370 1067 1405 Numestium
1096 1371 1245 1405 libenter
1275 1367 1440 1412 accepi
1470 1367 1509 1402 in

29 1414 34 1422 ’
99 1427 307 1463 amicitiam.
331 1429 510 1463 Drakenb.
543 1429 588 1463 ad
622 1430 678 1472 lv,
705 1429 741 1472 3,
767 1429 824 1466 14.
878 1432 1066 1466 Claudiam
1094 1436 1237 1477 gentem
1263 1431 1299 1464 in
1327 1430 1507 1463 civitatem

98 1490 378 1536 accepimus.
404 1501 437 1524 V.
461 1491 569 1524 etiam
598 1491 789 1525 Forcellini
811 1493 893 1526 Lex.
912 1492 989 1527 Lat.
1015 1494 1070 1530 ed.
1091 1493 1212 1527 Germ.
1245 1503 1277 1536 p.
1300 1491 1358 1525 27.
1406 1490 1508 1524 Cete-

96 1561 177 1584 rum
194 1551 307 1586 verba
330 1551 367 1585 ἰπ
389 1563 438 1586 re
446 1563 585 1598 gnum
611 1554 732 1598 accepi
754 1565 824 1587 non
856 1558 1012 1599 spectant
1032 1555 1077 1589 ad
1105 1567 1135 1590 c.
1155 1554 1196 1597 V,
1213 1553 1246 1587 7.
1294 1552 1507 1598 Iugurtham

98 1611 218 1646 eodem
242 1613 359 1654 cultu,
394 1626 460 1659 quo
486 1614 612 1648 liberos
635 1627 714 1648 suos
746 1617 840 1650 domi
867 1617 1008 1658 habuit,
1035 1617 1095 1651 sed
1122 1615 1352 1661 intelligenda
1367 1617 1445 1649 sunt
1462 1614 1506 1648 de

97 1674 312 1708 consortione
343 1675 500 1719 imperii,
531 1686 602 1719 qua
632 1675 783 1720 Micipsa
811 1677 1021 1722 Iugurtham
1049 1678 1155 1712 simul
1179 1689 1259 1711 cum
1286 1676 1390 1716 filiis,
1426 1676 1507 1720 ipso

97 1737 260 1780 mortuo,
285 1735 339 1770 uti
367 1736 488 1773 voluit.
512 1737 559 1770 cf.
589 1748 628 1772 c.·
650 1737 712 1778 XI,
734 1737 768 1771 6.
822 1738 938 1782 Ipsum
958 1741 1056 1773 illum
1075 1739 1187 1773 tribus
1205 1739 1383 1783 proxumis
1402 1738 1506 1772 annis

96 1795 326 1841 adoptatione
348 1797 394 1831 in
417 1808 605 1843 regnum
626 1799 919 1843 pervenisse.
948 1801 1062 1842 XXII,
1086 1799 1120 1833 2.
1171 1799 1220 1833 Ob
1247 1800 1388 1834 easdem
1414 1799 1504 1833 artis

95 1857 144 1891 ἰπ
164 1868 354 1903 reguum
380 1859 654 1904 adoptatum
678 1872 786 1896 esse.
812 1861 928 1897 Tacit.
950 1861 1104 1904 Ann.11,
1123 1860 1159 1905 4,
1178 1859 1211 1894 1.
1230 1859 1307 1894 Liv.
1327 1859 1506 1901 xxxvii,

93 1917 152 1962 25,
170 1917 230 1954 ll.
280 1920 283 1922 “
1038 1932 1040 1934 ·

185 1992 255 2015 non
277 1980 393 2015 minus
416 1992 471 2015 me
494 1981 559 2016 tibi
581 1992 688 2027 quam
710 1984 743 2016 si
766 1984 966 2028 genuissem
998 1984 1039 2017 ob
1073 1983 1240 2027 beneficia
1266 1993 1385 2016 carum
1405 1983 1499 2027 fore]

90 2040 134 2076 Iu
161 2041 325 2076 omnibus
344 2042 445 2076 codd.
466 2047 546 2088 post
576 2055 681 2089 quam
707 2045 865 2081 additum
893 2045 1026 2091 legitur
1053 2045 1191 2087 liberis,
1216 2046 1308 2090 quod
1330 2045 1504 2080 sententia

90 2100 161 2136 Ioci
175 2102 372 2146 postulante
386 2103 516 2139 eiicere
535 2117 605 2139 nou
623 2106 878 2147 dubitavimus,
907 2107 999 2141 idem
1019 2107 1093 2142 iam
1114 2106 1242 2142 Ursino
1263 2111 1296 2142 et
1310 2106 1502 2142 Ciaccouio

91 2162 326 2200 suadentibus.
371 2166 462 2201 Nam
489 2167 582 2211 quod
608 2168 818 2203 Gerlachius
850 2168 936 2204 dicit
961 2169 1149 2214 Micipsam
1177 2175 1279 2210 tunc,
1305 2180 1415 2212 quum
1443 2168 1501 2202 Iu-

16 2216 19 2218 ’
90 2225 262 2270 gur-tham
278 2226 314 2260 in
342 2227 486 2262 donnum
509 2228 704 2273 reciperet,
737 2229 868 2264 liberos
886 2231 1039 2265 nondum
1058 2231 1247 2272 habuisse,
1272 2229 1308 2264 id
1327 2241 1440 2273 neque
1458 2241 1501 2263 ex

28 2292 30 2294 ’
90 2297 123 2320 c.
140 2286 184 2330 V,
198 2286 234 2324 7.
254 2287 400 2332 probari
421 2292 552 2332 potest,
579 2301 670 2334 quae
688 2292 798 2325 verba
818 2291 935 2336 potius
954 2303 996 2326 eo
1021 2292 1152 2326 ducunt
1178 2291 1349 2336 Micipsae
1370 2292 1502 2324 liberos

89 2345 166 2383 iam
182 2347 562 2393 fuisse(Adherba1em
583 2357 617 2386 ct
638 2353 876 2398 Hiempsalem
899 2365 940 2387 ex
959 2365 1033 2387 sese
1057 2354 1240 2399 genuit,
1267 2353 1499 2399 Iugurtham-

88 2410 317 2454 que'eodem
343 2411 449 2452 cultu,
473 2424 539 2456 quo
563 2413 742 2447 liberos
766 2425 873 2447 snos
894 2414 1035 2459 habuit)
1059 2427 1173 2459 neque
1192 2413 1334 2448 omnino
1358 2414 1403 2448 ad
1422 2426 1499 2448 rem

24 2472 35 2512 s
88 2471 248 2516 pertinet.
296 2472 376 2506 Hoc
398 2473 493 2506 enim
519 2474 596 2507 vult
617 2474 784 2518 Micipsa,
810 2475 974 2520 beneficia
991 2487 1054 2510 sua
1083 2476 1176 2520 apud
1195 2476 1405 2522 Iugurtham
1428 2487 1498 2509 non

22 2535 48 2570 ἲ
88 2532 262 2568 minorem
282 2533 356 2568 vim
387 2534 520 2568 habere
550 2535 698 2577 debere,
724 2546 831 2579 quam
861 2542 1012 2570 naturae
1039 2538 1203 2578 vincula,
1228 2538 1321 2583 quod
1340 2538 1390 2572 ita
1410 2537 1498 2572 dixit

22 2590 43 2661 ’ξ
87 2595 233 2639 quamn·
242 2595 316 2640 (te)
333 2595 557 2641 gem¹issem5
580 2596 763 2639 multoque
778 2596 924 2642 gravius
937 2601 989 2630 est
1005 2598 1097 2630 hanc
1115 2602 1262 2633 naturae
1282 2599 1497 2633 coniunctio-

26 2651 47 2687 δ’
85 2666 166 2693 ηοω
192 2657 238 2690 ad
265 2657 381 2701 ipsum
412 2657 624 2699 Iugurtham
658 2656 786 2702 dirigi,
818 2669 925 2701 quam
954 2658 996 2692 ad
1025 2658 1164 2691 liberos.
1215 2661 1497 2704 lnterpolationis

85 2727 209 2751 caussa
226 2718 323 2752 haud
338 2718 537 2760 recondita3
561 2730 644 2753 nam
661 2730 771 2762 quum
792 2719 929 2753 librarii
954 2719 1133 2763 oppositas
1159 2723 1351 2756 sententias
1377 2723 1407 2756 si
1431 2733 1497 2767 ge-

20 2783 31 2822 }
86 2778 237 2813 ’inissem
260 2782 294 2813 et
323 2780 362 2813 ob
394 2779 560 2820 beneficia
587 2791 654 2814 non
681 2786 866 2824 caperent,
892 2781 951 2815 sed
980 2781 1043 2816 tibi
1066 2783 1239 2818 vocabulo
1263 2784 1415 2818 alterum
1434 2795 1497 2827 op-

7 2898 43 3276 ξ
