1826 3276
457 164 816 211 IUGURTHA.
868 162 996 208 CAP.
1027 161 1124 206 Lx.
1407 164 1492 208 321

101 287 231 333 alteri
265 285 429 331 alteros
477 284 700 340 sauciare,
744 296 882 340 quam
922 286 1065 325 semet
1097 284 1284 340 tegere;
1324 280 1532 334 clamor2

98 384 345 447 permixtus
380 381 659 438 hortatione,
694 378 885 435 laetitia,
918 378 1112 439 gemitu,
1141 376 1250 422 item
1284 378 1492 439 strepitus

101 492 328 528 armorum
371 479 434 524 ad
479 479 658 548 coelum
709 477 847 533 ferri,
916 475 1008 520 tela
1059 473 1283 533 utrimque
1325 475 1493 521 volare.

101 578 221 624 sed.
241 578 326 632 illi,
373 577 451 636 qui
494 576 672 621 moenia
703 571 1024 628 defensabant,
1070 571 1148 616 ubi
1174 570 1327 617 hostes
1362 573 1533 634 paul-3

101 677 199 722 lum
249 674 389 731 modo
428 687 649 735 pugnam
714 670 977 715 remiserant
999 701 1013 725 ,
1068 668 1221 712 intenti
1274 671 1496 730 proelium

102 820 285 856 commode
315 819 436 855 abesse
466 829 532 864 que
563 816 797 852 concedimus.
829 833 875 839 -—
907 813 1098 858 Sequentia
1132 812 1228 848 haud
1257 824 1328 848 uno
1357 815 1498 851 nomine

101 884 148 917 ab
171 881 362 918 editoribus
391 882 524 913 tentata
555 882 645 913 sunt.
692 876 856 911 Primum
885 874 978 909 enim
1007 873 1133 916 multi,
1165 873 1201 908 in
1226 874 1353 918 quibus
1375 876 1497 922 Bipp.‚

100 943 295 978 Muellerus
323 945 359 976 et
387 937 619 980 Gerlachius,
652 941 732 982 post
763 947 872 982 agere
892 939 1083 970 commate
1108 934 1362 980 distinxerunt,
1404 940 1498 983 quod

101 1006 286 1046 propterea
320 1000 408 1035 terri
436 999 578 1044 nequit,
612 1000 696 1043 quia
726 1010 836 1046 agere
867 1009 968 1032 sensu
1000 1008 1023 1031 a
1056 996 1281 1040 sequentibus
1305 998 1424 1034 verbis
1446 999 1498 1035 ita

101 1062 239 1106 differt,
261 1065 300 1097 nt
322 1062 392 1097 hoc
411 1061 448 1096 in
472 1061 675 1096 universum
696 1065 731 1096 et
753 1059 965 1106 generaliter
983 1058 1205 1093 obsessorum
1229 1059 1415 1096 conamina
1438 1062 1497 1096 de-

100 1123 240 1169 signet,
269 1122 340 1158 illis
376 1127 494 1158 autem
526 1123 711 1168 peculiaris
746 1122 840 1157 ratio
878 1118 1062 1155 resistendi
1095 1118 1324 1164 significetur.
1379 1121 1498 1166 Quare

101 1185 194 1220 haec
220 1183 360 1219 diversa
390 1195 460 1219 non
490 1188 636 1229 possunt
667 1194 736 1218 uno
759 1187 879 1218 tenore
901 1179 1037 1223 efferri,
1070 1179 1130 1214 sed
1162 1179 1296 1215 maiore
1318 1181 1498 1227 interpun-

103 1245 219 1282 ctione
242 1246 474 1292 disiungenda
505 1249 597 1280 sunt.
643 1245 716 1280 Sed
747 1243 894 1289 gravior
917 1242 1089 1276 dissensus
1114 1244 1167 1276 est
1199 1240 1428 1286 interpretum
1455 1244 1499 1279 de

102 1307 221 1343 verbis
241 1318 448 1353 oppugnare
471 1312 536 1343 aut
562 1318 714 1352 parare,
748 1316 839 1350 quae
861 1302 968 1338 multi
997 1301 1044 1336 ad
1066 1302 1159 1336 solos
1182 1301 1375 1346 oppidanos
1405 1304 1498 1338 refe-

102 1371 206 1412 runt,
231 1367 371 1403 Gor-tius
395 1372 514 1404 autem
537 1369 587 1404 ita
609 1367 723 1413 posita
746 1369 882 1409 censet,
903 1368 943 1400 ut
966 1362 1064 1407 prius
1087 1363 1132 1397 ad
1157 1362 1334 1398 Romanos
1356 1368 1500 1409 spectet,

103 1428 279 1476 posterius
301 1430 549 1464 tantummodo
573 1430 619 1464 ad
644 1429 857 1475 oppidanos,
893 1420 1334 1468 assentiente‘Gerlachio,
1359 1425 1420 1468 qui
1443 1437 1501 1460 sa—

105 1491 152 1526 tis
173 1490 389 1526 inconsultos
421 1502 537 1535 „quae
574 1500 803 1535 personarum
827 1485 998 1528 mutatio,
1034 1485 1169 1530 inquit,
1201 1485 1370 1521 solemnis
1405 1488 1500 1532 apud

104 1551 352 1588 Sallustium.“
398 1551 510 1595 Quasi
539 1563 624 1586 vero
646 1550 732 1584 huic
754 1547 918 1594 scriptori
943 1547 1099 1582 solemne
1120 1546 1166 1581 sit
1196 1547 1360 1591 perplexe
1388 1552 1424 1584 et
1445 1548 1501 1583 vi-

107 1613 199 1648 tiose
219 1611 347 1646 dicere.
393 1611 540 1647 Praeter
571 1611 804 1646 Gerlachium
829 1610 930 1652 enim,
945 1609 1005 1644 vix
1028 1609 1212 1653 quisquam
1238 1608 1416 1654 intelligat
1437 1621 1500 1655 op-

105 1684 271 1721 pugnare
292 1673 336 1707 de
349 1672 530 1707 Romanis
553 1671 647 1714 dici,
677 1683 784 1717 quum
809 1674 932 1706 auctor
955 1681 1034 1704 eam
1059 1668 1260 1704 certaminis
1283 1669 1501 1705 describendi

108 1735 282 1770 rationem
304 1733 442 1776 inierit,
465 1735 505 1767 ut
527 1732 642 1776 primo
664 1733 744 1767 loco
766 1734 810 1766 de
831 1730 1004 1766 Romanis
1027 1729 1130 1772 dicat,
1154 1734 1230 1764 tum
1254 1730 1298 1764 de
1320 1731 1502 1775 oppidanis

103 1798 208 1841 agat,
239 1793 389 1840 denique
413 1796 581 1839 utrosque
598 1793 705 1828 simul
727 1797 861 1839 tangat.
910 1793 1029 1837 Quare
1052 1801 1160 1836 quum
1183 1791 1326 1825 secundi
1351 1792 1503 1827 membri

109 1856 307 1892 subiectum
329 1855 398 1890 sint
421 1855 611 1900 oppidani,
639 1855 686 1889 ad
720 1867 808 1900 quos
838 1865 948 1899 agere
974 1858 1008 1887 et
1033 1863 1164 1898 parare
1195 1852 1322 1886 referri
1344 1853 1504 1889 concedit

111 1916 343 1959 Gerlachius,
375 1917 474 1951 nulio
505 1917 611 1951 modo
639 1915 719 1950 fieri
750 1918 882 1959 potest,
919 1918 960 1949 ut
988 1914 1144 1948 medium
1176 1913 1323 1948 verbnm
1357 1925 1400 1948 ex
1429 1915 1504 1950 alio

112 1977 293 2020 subiecto,
326 1980 362 2012 et
391 1976 534 2022 quidem
564 1976 651 2011 huic
683 1977 844 2011 membro
877 1986 1019 2020 prorsus
1049 1974 1187 2016 alieno,
1221 1975 1380 2017 pendeat.
1426 1975 1504 2018 Non

111 2038 258 2081 minoris
277 2042 395 2074 autom
428 2037 597 2073 momenti
627 2037 672 2072 ad
702 2047 905 2082 perversam
937 2035 1143 2070 sententiam
1175 2035 1403 2070 refellendam
1435 2036 1505 2071 hoc

40 2115 47 2124 ‚
112 2105 166 2137 est
180 2129 189 2144 ,
212 2100 306 2145 quod
327 2110 533 2146 oppugnare
557 2103 592 2134 et
612 2110 746 2144 parare
778 2098 887 2133 verba
920 2100 986 2132 aut
1007 2095 1182 2140 particula
1213 2095 1390 2131 disiuncta
1413 2100 1504 2140 sunt,

113 2171 204 2206 quae
222 2160 420 2206 praed-‘cah‘
450 2160 610 2206 bipartiti
640 2160 732 2196 ratio
764 2163 890 2203 suapte
922 2157 1063 2192 notione
1094 2157 1175 2191 luce
1200 2155 1332 2191 clarius
1356 2157 1503 2192 demon—

113 2225 222 2264 strat,
244 2220 440 2256 subiectum
463 2233 573 2256 unum
595 2234 692 2266 esse,
717 2231 786 2255 non
810 2219 947 2265 duplex.
996 2219 1176 2253 Hactenus
1199 2216 1236 2250 in
1258 2228 1297 2251 re
1320 2216 1398 2261 ipsa
1421 2229 1505 2252 con-

113 2282 283 2319 sentimus
305 2292 385 2319 oum
414 2283 474 2317 Fr.
499 2282 700 2326 Gromvio,
734 2281 796 2325 qui
826 2280 864 2315 in
889 2280 1087 2315 Observatt.
1109 2279 1156 2313 lv
1165 2302 1174 2318 ,
1198 2276 1255 2312 19.
1286 2288 1320 2320 1».
1344 2277 1427 2311 749.
1452 2277 1505 2311 ed.

113 2343 212 2389 Lips.
243 2343 390 2378 eandem
419 2342 490 2379 loci
521 2343 792 2387 explicationem
823 2340 1072 2385 amplectitur3
1108 2340 1168 2374 sed
1203 2337 1296 2382 quod
1328 2336 1423 2372 idem
1445 2349 1508 2383 op-

111 2415 277 2451 pugnare
306 2403 346 2438 in
374 2415 613 2450 propugnare
652 2403 712 2438 vel
743 2401 940 2438 uolentibus
971 2400 1134 2435 omnibus
1169 2397 1269 2434 libris
1299 2399 1509 2433 mutandum

116 2468 250 2508 eon-et,
281 2463 318 2498 id
347 2466 470 2509 nobis,
502 2475 715 2510 quamquam
750 2463 788 2498 in
819 2463 926 2498 Bern.
951 2462 986 2496 1.
1018 2472 1143 2496 revera
1174 2459 1226 2495 ita
1251 2458 1420 2503 scriptum
1441 2464 1507 2503 est,

116 2529 190 2563 n'ou
206 2525 387 2570 persuasit.
434 2526 487 2561 Ac
508 2537 592 2561 sane
615 2536 739 2561 verum
762 2527 834 2567 est,
869 2533 942 2567 quo
963 2523 1023 2557 ine
1046 2523 1255 2568 argumento
1277 2520 1423 2563 nititur,
1446 2520 1507 2565 qui

117 2587 274 2631 moenia,
315 2592 452 2630 castra,
492 2598 599 2622 naves
630 2590 752 2627 contra
789 2585 947 2620 hostium
978 2583 1148 2627 impetum
1178 2581 1381 2625 defendant,
1424 2592 1508 2626 pro-

114 2659 291 2695 pugnare,
305 2655 350 2684 et
369 2654 649 2694 propugnatores
669 2645 740 2681 dici
762 2646 828 2690 (cf.
853 2644 1076 2689 Oudendorp.
1099 2643 1143 2679 ad
1168 2643 1266 2679 Caes.
1289 2642 1334 2677 B.
1360 2642 1405 2677 G.
1429 2642 1504 2684 vll,

110 2708 179 2752 ⁴25,
201 2709 238 2747 3.
259 2709 338 2746 Liv.
362 2711 428 2754 lx,
449 2709 509 2753 39,
534 2709 569 2743 7.
595 2708 721 2750 XXVI,
745 2707 779 2751 6,
803 2706 880 2750 1.);
915 2705 976 2740 sed
1007 2703 1088 2739 inde
1118 2714 1188 2739 non
1212 2702 1369 2747 sequitur
1389 2705 1507 2738 nostro

106 2771 198 2807 ‘loco
219 2782 433 2818 oppugnare
461 2771 592 2808 falsum
616 2781 704 2806 esse.
751 2767 1016 2813 oppidanorum
1045 2765 1139 2801 enim
1169 2764 1207 2800 in
1239 2765 1421 2804 Romanos
1452 2763 1507 2798 ira

124 2858 127 2864 ·
191 2843 245 2887 11.
1074 2903 1078 2907 .
1163 2836 1225 2880 21
