1826 3276
467 184 828 229 IUGURTHA.
889 182 1030 229 cAP.
1057 160 1212 228 x'cm.
1426 190 1512 231 497

114 301 224 348 tium
254 307 413 348 natura
446 301 558 357 fert3
588 300 726 348 ¹cuius
742 321 745 324 ¹
763 301 897 347 ramis
932 301 1094 359 modo,
1135 301 1277 347 modo
1312 302 1510 348 eminen-

113 400 232 445 tibus
263 399 377 445 saxis
412 399 532 444 nisus
567 400 710 461 Ligus
744 400 791 444 in
826 399 993 461 castelli
1032 400 1262 460 planitiem
1290 401 1508 460 pervenit,

90 496 238 557 -quod
282 496 431 562 cuncti
471 496 696 542 Numidae
740 497 896 542 intenti
942 496 1263 557 proeliantibus
1309 497 1507 543 aderant.

110 661 172 696 sed
195 671 239 696 ne
260 660 577 697 verisimilitudinis
608 660 750 704 quidem
781 661 947 695 habeant.
995 659 1134 695 Tamen
1167 671 1272 704 quam
1295 661 1415 697 inania
1438 662 1509 698 ista

110 724 224 757 essent
244 733 313 757 non
336 721 420 758 satis
443 721 533 756 vidit
559 721 687 765 Faber,
709 721 746 756 iu
770 733 811 756 eo
835 732 972 766 quoque
999 721 1121 763 falsus,
1146 723 1237 765 quod
1263 735 1328 767 pro
1353 724 1508 758 animum

108 783 218 818 vortit
240 783 380 829 scripsit
401 795 460 817 an.
485 782 725 823 advortit,
758 782 949 815 vernacula
973 782 1222 826 interpretatus
1246 784 1304 818 die
1327 785 1507 830 Begierde

107 847 246 889 regte
275 845 355 879 ihn
389 855 467 886 an,
493 843 554 887 qui
578 853 698 877 sensus
722 853 834 885 neque
855 842 892 876 in
918 844 1028 878 verbo
1054 844 1132 888 ipso
1156 843 1263 886 inest,
1297 856 1409 890 neque
1433 847 1507 881 col-

107 904 190 940 latis
212 905 258 939 ab
282 905 346 941 illo
368 904 551 950 exemplis,
567 904 645 939 Liv.
669 904 698 946 1,
720 903 780 946 12,
804 904 862 938 10.
887 906 922 939 et
939 903 1028 940 Tac.
1051 903 1143 940 Hist.
1163 904 1228 947 111,
1243 904 1302 949 48,
1325 907 1371 949 1.,
1393 910 1508 952 potest

108 966 322 1004 confirmari.

180 1020 235 1070 ’5.
258 1026 293 1064 4.
344 1027 394 1062 Et
411 1027 533 1072 sorte]
566 1027 636 1061 Per
658 1031 694 1061 et
715 1026 928 1071 particulam
957 1026 995 1063 h.
1021 1026 1045 1063 Ι.
1069 1025 1110 1061 fit
1132 1025 1296 1062 transitus
1319 1028 1364 1062 ad
1387 1029 1504 1064 decla-

106 1086 255 1121 randum
288 1087 449 1132 effectum
478 1087 554 1123 eius
586 1087 660 1130 rei,
693 1088 737 1122 de
768 1099 839 1133 qua
872 1092 952 1123 ante
976 1087 1108 1122 dictum
1126 1077 1229 1130 >erat3
1262 1100 1294 1122 v.
1319 1090 1435 1125 Hand.
1460 1091 1504 1126 do

47 1162 60 1200 ξ
105 1145 258 1182 Particc.
281 1147 374 1183 Latt.
398 1149 477 1184 Vol.
505 1150 549 1184 11.
580 1161 616 1194 p.
642 1149 722 1185 489.
755 1152 788 1193 §—
812 1149 848 1184 5.
872 1169 918 1175 —
953 1149 1160 1184 Grandis
1191 1150 1261 1183 ilex
1283 1151 1427 1195 proprie
1449 1151 1504 1186 di-

55 1202 61 1214 ²
106 1210 204 1243 ctum
226 1210 306 1260 est3
330 1220 415 1244 nam
439 1221 549 1254 quum
572 1213 722 1256 grandis
745 1212 919 1258 originem
942 1211 1072 1245 referat
1099 1210 1143 1245 ad
1167 1204 1501 1256 crescereverbum,

105 1269 263 1315 grandia
286 1273 385 1314 sunt,
420 1283 511 1316 quae
537 1271 722 1306 crescendo
753 1271 831 1313 vel,
866 1276 904 1305 ut
937 1271 1259 1307 Pseudo-Fronto
1294 1271 1363 1316 ait,
1389 1273 1502 1308 incro-
1550 1268 1554 1269 ⁷

105 1333 223 1365 mento
255 1330 301 1365 ad
331 1330 463 1366 iustum
494 1335 530 1366 et
566 1331 791 1376 conspicuum
821 1332 965 1366 modum
996 1336 1076 1366 sunt
1099 1335 1222 1374 aucta,
1256 1343 1367 1375 eoque
1389 1334 1503 1377 specie
1535 1374 1541 1378 ἱ

80 1413 90 1416 -
105 1394 249 1426 externa
289 1402 355 1427 sua
391 1392 566 1436 quandam
611 1397 749 1436 copiam
783 1396 818 1427 ct
858 1393 1073 1438 gravitatem
1114 1393 1285 1437 produnt,
1326 1404 1417 1436 quae
1448 1394 1502 1429 vis

103 1452 272 1495 translato
295 1463 398 1488 sensu
426 1453 619 1497 praevalet.
653 1454 699 1487 cf.
732 1442 933 1490 Doederlin.
956 1453 1192 1499 Synonymm.
1216 1453 1309 1488 Latt.
1335 1455 1412 1489 Vol.
1439 1455 1500 1489 111.-

103 1523 140 1557 p.
163 1511 245 1547 223.
270 1514 304 1555 §-
329 1513 364 1550 4.
395 1517 430 1548 et
453 1525 487 1558 p.
507 1513 590 1548 228.
614 1516 646 1557 §.
671 1514 728 1550 14.
761 1519 795 1549 et
825 1515 978 1550 Forcell.
1016 1515 1099 1549 nex.
1125 1513 1172 1549 T.
1201 1514 1246 1548 II.
1276 1526 1311 1558 p.
1334 1515 1415 1550 373.
1440 1515 1501 1560 qui

104 1573 196 1608 bene
218 1573 324 1608 huius
347 1575 444 1609 vocis
469 1586 571 1609 usum
595 1575 765 1619 exposuit.
791 1595 838 1600 -—
868 1575 1004 1609 Deinde
1040 1575 1158 1619 plures
1181 1573 1265 1608 libri
1288 1575 1419 1610 habent
1442 1588 1500 1611 ac·-

105 1637 229 1670 eurate
251 1635 392 1677 collati3
423 1635 533 1671 ceteri
564 1636 668 1678 dein,
701 1639 740 1670 ut
770 1636 879 1680 vulgo
902 1635 1077 1669 scribitur.
1110 1653 1157 1659 —-
1191 1635 1438 1680 Giguentinm,
1463 1649 1497 1672 v.

105 1695 151 1730 ad
175 1706 206 1729 c.
230 1680 395 1740 Lxxl'x5
417 1697 451 1732 6.
476 1717 521 1723 —
559 1698 666 1731 Modo
695 1696 916 1741 geminatum
952 1696 989 1730 in
1021 1694 1140 1729 multis
1165 1695 1262 1729 codd.
1286 1698 1395 1730 semel
1420 1701 1496 1733 tan·
1552 1723 1556 1725 -

103 1760 181 1791 tum
203 1755 358 1801 legitur,
380 1755 474 1800 quod
497 1755 626 1790 erroris
647 1768 760 1801 genus
783 1757 921 1801 saepius
944 1755 1255 1799 animadvertitur3
1281 1768 1315 1793 v.
1340 1758 1433 1792 Cort.
1455 1760 1500 1794 ad

105 1828 137 1852 c.
160 1817 291 1860 XXIII,
315 1818 350 1851 1.
373 1817 551 1851 Drakenb.
584 1817 630 1851 ad
653 1817 734 1853 Liv.
758 1819 928 1862 XXXIII,
950 1817 1009 1859 27,
1033 1817 1067 1851 5.
1092 1819 1127 1851 et
1150 1817 1194 1850 ad
1224 1818 1415 1862 XXXVIII,
1439 1819 1500 1863 56,

104 1877 141 1912 6.
164 1897 208 1903 —
232 1878 285 1912 In
317 1879 454 1913 castelli
474 1879 661 1924 planitiem
691 1880 934 1924 pervenit,
968 1882 1008 1913 ut
1040 1877 1176 1922 primus
1205 1878 1358 1913 scribere
1392 1892 1499 1916 ausus

103 1949 210 1982 sum,
231 1941 345 1974 exstat
367 1939 404 1973 in
429 1939 513 1975 satis
545 1940 646 1975 bonis
669 1939 791 1982 libris,
821 1941 904 1975 Bas.
930 1939 965 1973 1.
988 1938 1101 1974 Paris.
1125 1939 1161 1976 b.
1186 1949 1215 1972 c.
1240 1950 1272 1975 Χ.
1297 1951 1327 1973 z.
1353 1940 1497 1975 Fabric.

104 2001 142 2037 1.
163 2011 213 2035 m.
237 2011 306 2035 sec.
340 2001 415 2035 Erl.
450 2001 569 2035 Guelf.
593 2001 627 2035 3.
659 2005 694 2036 et
725 2001 899 2036 nonnuliis
932 1999 1121 2034 ciacconii.
1168 2000 1222 2034 Ex
1246 2001 1370 2034 ceteris
1393 2002 1499 2047 longe

103 2061 252 2107 plurimi
266 2061 415 2104 ‘habent
447 2045 782 2107 perscribit‚¹'pauci
811 2061 1013 2107 perscripsit
1044 2061 1102 2095 vel
1137 2061 1368 2106 perscribere,
1405 2064 1498 2106 quod

104 2123 229 2159 eodem
259 2122 363 2157 redit.
409 2123 602 2169 vulgatum
631 2123 817 2170 perscribit
850 2135 913 2157 cur
942 2123 1041 2157 nullo
1077 2122 1182 2157 modo
1215 2122 1358 2157 tolerari
1386 2124 1499 2168 possit

105 2185 298 2228 luculenter
326 2183 447 2219 docuit
468 2185 608 2230 Faber,
631 2197 736 2230 quem
766 2184 962 2229 sequimur.
1004 2183 1097 2218 Nam
1121 2183 1212 2227 quod
1236 2184 1357 2219 volunt
1388 2184 1498 2221 inter-

55 2277 58 2279 .
104 2248 220 2289 protes
247 2244 460 2289 perscribere
489 2238 690 2291 significare
715 2247 820 2280 oculis
841 2247 1080 2290 perlustrare,
1113 2247 1174 2279 aut
1196 2246 1391 2289 concipere,
1411 2257 1496 2290 per-

106 2307 257 2348 discere,
289 2306 394 2350 idque
417 2307 582 2350 probasse
615 2319 653 2342 se
674 2311 800 2352 putant
825 2306 994 2351 exemplis
1016 2304 1242 2350 huiusmodi,
1278 2306 1362 2340 Ter.
1387 2307 1494 2341 Andr.

105 2367 147 2410 Ι,
167 2365 214 2410 5,
235 2365 294 2403 48.
340 2366 554 2402 Etiamnunc
584 2368 672 2402 mihi
699 2367 886 2412 scripta
907 2367 974 2401 illa
1007 2371 1113 2401 sunt
1144 2366 1190 2400 in
1224 2367 1373 2401 animo
1398 2360 1496 2403 dicia

109 2427 308 2472 Chrysidis3
337 2427 461 2462 Senec.
495 2427 615 2462 Praef.
646 2427 684 2463 in
713 2429 742 2464 1.
778 2429 942 2463 Controv.
992 2427 1122 2462 Aiebat
1144 2438 1181 2461 se
1203 2428 1299 2461 scri
1308 2428 1415 2463 bere
1447 2428 1496 2463 in

106 2488 285 2530 animm
314 2491 376 2523 aut
407 2489 496 2524 adeo
526 2489 638 2534 Sopb.
668 2490 819 2525 Philoct.
857 2489 962 2524 1325.
994 2487 1059 2524 καὶ
1091 2485 1203 2523 ταῦτ’
1242 2486 1404 2532 ἐπίστω(
1430 2488 1496 2525 καὶ.

105 2547 298 2594 γράφου
330 2550 518 2596 φρενῶν
551 2548 649 2593 ἔσω,
671 2553 707 2585 et
727 2551 896 2597 Aeschyl.
919 2551 1040 2586 Prom.
1063 2547 1145 2583 ⁷88.
1169 2548 1383 2585 πολύδονον
1403 2547 1495 2585 πλοί-

106 2621 177 2654 νην
212 2607 368 2655 φράσω,
397 2606 447 2655 ἢν
480 2608 738 2656 ἐγγράφου
772 2610 816 2647 σύ
840 2610 1027 2656 μνήμοσιν
1059 2609 1254 2652 δέλτοις
1286 2611 1495 2656 φρενῶν,

34 2690 38 2692 -
107 2668 453 2715 equidem-dubites,
483 2675 603 2705 utrum
636 2671 704 2707 sibi
734 2672 842 2718 ipsis,
873 2684 919 2708 an
951 2671 1141 2706 lectoribus
1173 2671 1288 2716 magis
1312 2671 1496 2709 illuserint.

105 2731 227 2774 Aeque
251 2734 398 2786 peccant
417 2735 537 2767 contra
561 2733 727 2777 loquendi
749 2724 873 2776 neuin,
898 2733 959 2780 qui
978 2733 1162 2778 planitiem
1181 2732 1364 2777 perscribit
1387 2731 1496 2766 iuter-

106 2793 290 2835 amantur
308 2792 472 2838 planitiei
487 2796 683 2838 formam
713 2794 955 2831 describit
980 2798 1016 2830 et
1037 2793 1160 2839 primis
1184 2791 1286 2837 quasi
1306 2792 1409 2827 lineis
1435 2792 1495 2827 de-

173 2863 230 2909 11.
1152 2864 1218 2911 32
