1826 3276
355 179 385 218 8
708 171 754 213 C.
783 167 1116 212 SALLUSTI
1144 167 1368 210 GRISPI

358 301 492 346 quam
538 290 745 346 regerent
788 297 933 338 casuS,
986 286 1032 326 et
1064 295 1119 325 eo
1152 281 1459 341 magnitudinis
1492 281 1715 341 procede-

360 387 483 440 rent,
516 382 579 425 uti
613 394 699 440 pro
731 376 986 422 mortalibus
1019 375 1164 436 gloria
1191 377 1357 420 aeterni
1380 378 1548 422 fierent.

360 630 462 674 plane
483 628 586 663 modo
608 626 736 662 Graeci
757 626 874 661 dicunt
894 625 937 664 τό
960 624 1056 663 πολύ
1066 652 1077 671 ,
1100 625 1143 662 τὸ
1167 625 1315 670 λοιπόν,
1337 626 1410 662 alia
1431 625 1601 671 plurima;
1629 625 1722 671 apud

361 689 500 723 Latinos
532 688 684 722 eiusdem
716 686 852 731 generis
874 690 925 721 est
942 688 1162 731 plerumque,
1195 687 1380 721 maximam
1399 692 1555 731 partem,
1587 686 1633 720 de
1653 696 1723 730 qua

361 747 548 782 accusativi
569 747 701 782 ratione
723 747 769 781 cf,
793 746 1017 780 Ramshornii
1040 746 1195 780 Gramm.
1217 747 1293 781 Lat.
1316 749 1349 789 §.
1369 747 1449 788 132,
1469 745 1502 780 5.
1522 757 1556 790 p.
1572 744 1654 780 236.
1677 763 1722 770 —-—

362 807 548 851 Sequentia
579 807 724 851 pessime
751 807 884 851 accepit
916 807 1158 848 Rumam-dtus,
1192 807 1343 850 protasin
1365 810 1443 850 post
1463 816 1563 840 casus
1585 805 1724 838 demum

360 866 566 910 finiendam,
590 869 816 911 copulamque
839 867 1018 900 delendam
1038 877 1187 908 censens,
1210 856 1419 910 quamquam
1440 877 1484 899 ne
1505 865 1626 899 caussa
1647 863 1725 908 qui-

361 925 440 959 dem
462 929 534 960 tam
555 926 689 970 ineptae
709 926 908 961 mutationis
930 925 1057 968 addita,
1079 925 1146 959 nisi
1167 926 1257 960 forte
1285 937 1392 970 neque
1413 945 1459 950 —
1483 929 1517 959 et
1537 923 1727 968 particulae

361 986 455 1020 male
483 997 564 1019 eum
591 987 796 1020 habuerunt.
841 986 910 1020 Sed
939 996 1059 1019 earum
1087 997 1188 1020 usum
1212 984 1283 1018 iam
1306 984 1442 1019 Cottius
1463 984 1547 1019 satis
1569 984 1727 1017 illustra-

362 1047 479 1086 verat,
516 1045 595 1079 coll.
620 1045 697 1090 lug.
723 1046 802 1086 XX,
824 1043 857 1080 5.
890 1046 1016 1087 XXIV,
1038 1043 1071 1080 5.
1103 1046 1231 1086 XXXI,
1256 1044 1311 1079 16.
1342 1045 1465 1084 LXIX,
1489 1044 1522 1078 1.
1545 1043 1668 1084 LXXI,
1692 1041 1727 1078 5.

362 1103 516 1146 LXXIV,
540 1104 574 1138 1.
617 1105 805 1148 LXXXIV,
828 1104 863 1140 3.
905 1105 1076 1147 LXXXV,
1101 1104 1134 1139 6.
1181 1105 1263 1140 Ter.
1285 1105 1376 1138 Eun.
1403 1105 1444 1146 V,
1470 1102 1506 1146 5,
1527 1103 1584 1137 21.
1625 1102 1726 1136 Ovid.

361 1164 505 1198 Metam.
528 1164 620 1206 XIV,
642 1163 721 1200 841.
760 1165 805 1198 οἱ.
836 1164 942 1199 etiam
972 1166 1113 1199 Passov.
1147 1165 1191 1199 ad
1213 1162 1331 1197 Taciti
1352 1163 1470 1198 Germ.
1493 1175 1524 1199 c.
1549 1163 1592 1197 11.
1615 1173 1650 1207 p.
1670 1162 1726 1197 86.

363 1224 444 1258 Car.
466 1223 581 1259 Beier.
605 1224 650 1258 ad
674 1224 746 1261 Cic.
769 1224 812 1259 de
835 1224 907 1258 off.
928 1226 954 1267 I,
971 1225 1028 1267 21,
1045 1225 1102 1261 ’12.
1119 1236 1152 1268 p.
1171 1223 1248 1257 169.
1273 1227 1308 1258 et
1330 1224 1373 1257 ad
1395 1224 1458 1265 111,
1471 1223 1506 1266 4,
1526 1223 1581 1257 20.
1597 1235 1630 1267 p.
1644 1221 1726 1257 215.

361 1284 528 1317 Kuehuer
550 1284 594 1318 ad
617 1283 689 1321 Cic.
716 1284 822 1320 Tusc.
846 1285 874 1326 1,
898 1283 930 1318 4.
953 1284 987 1320 7.
1009 1284 1128 1328 Neque
1151 1287 1264 1318 tamen
1286 1283 1531 1328 negligendum
1552 1285 1615 1326 est,
1638 1282 1730 1326 quod

363 1343 586 1377 Frotscherus
608 1343 743 1377 monuit
764 1343 808 1378 ad
832 1343 995 1387 Quinctil.
1005 1344 1049 1387 X,
1067 1343 1100 1384 1,
1119 1343 1154 1377 2.
1173 1355 1207 1387 p.
1216 1343 1250 1378 9.
1273 1343 1334 1376 ubi
1358 1347 1434 1387 post
1455 1353 1563 1387 neque
1584 1346 1731 1386 ponatur

365 1407 410 1444 et,
433 1403 670 1448 gradationem
688 1403 776 1446 fieri,
801 1404 1014 1437 Graecorum
1034 1414 1167 1446 quoque
1183 1399 1267 1438 οὔτε
1288 1421 1334 1427 -
1356 1415 1393 1438 τε
1409 1402 1584 1446 particulis
1599 1401 1731 1436 indica-

363 1466 447 1497 tam.
472 1464 567 1498 Idem
586 1463 725 1497 uberius
741 1466 938 1506 persecutus
956 1466 1007 1497 est
1020 1463 1172 1507 Herzog.
1184 1463 1228 1497 ad
1241 1463 1341 1499 catil.
1352 1464 1495 1506 XXXII,
1507 1463 1539 1497 1.
1550 1474 1583 1507 p.
1594 1462 1674 1496 164.
1684 1481 1732 1487 —
1798 1460 1803 1475 ⁶

363 1522 469 1556 Haud
491 1522 592 1566 pauci
615 1522 713 1557 codd.
737 1522 836 1556 vario
858 1523 934 1556 loco
957 1523 1092 1556 casibus
1114 1523 1171 1555 vel
1194 1534 1217 1556 α
1241 1524 1373 1558 casibus
1394 1523 1565 1563 inserunt,
1601 1521 1732 1556 scilicet

364 1584 403 1616 ut
426 1581 472 1615 ad
493 1582 687 1626 legitimam
710 1585 920 1616 structuram
942 1582 1030 1615 nihil
1048 1581 1153 1623 desit;
1175 1582 1234 1615 sed
1257 1594 1299 1621 v..
1316 1583 1359 1616 ad
1383 1583 1457 1618 Cat.
1480 1593 1509 1616 c.
1533 1581 1591 1623 LI,
1611 1580 1668 1615 38.

456 1643 510 1675 uti
528 1653 592 1686 pro
615 1643 834 1686 mortalibus]
861 1643 975 1686 Vulgo
997 1642 1163 1675 edebatur
1184 1642 1244 1674 ubi
1261 1652 1324 1685 pro
1347 1647 1444 1677 mort.
1452 1655 1466 1684 ‚-
1498 1643 1558 1678 sed
1580 1643 1634 1678 utu·
1650 1653 1733 1678 vera

365 1700 533 1744 scriptura
556 1706 631 1745 est,
654 1703 794 1736 firmata
818 1701 1021 1735 auctoritate
1043 1701 1141 1736 codd.
1164 1701 1234 1734 Inc.
1257 1701 1290 1734 2.
1316 1702 1434 1736 Guelf.
1451 1704 1484 1737 2.
1501 1704 1535 1740 4.
1560 1703 1731 1738 Commel.

363 1759 439 1793 Pal.
463 1760 497 1794 6.
521 1760 554 1796 9.
578 1761 683 1795 Bern.
708 1762 742 1795 3.
766 1765 800 1795 et
821 1761 937 1796 Berol.
960 1761 1015 1802 2.,
1047 1760 1171 1803 quibus
1201 1761 1366 1795 accedunt
1397 1762 1515 1797 Guelf.
1538 1763 1596 1799 10.
1620 1763 1675 1797 12.
1699 1766 1734 1797 et

364 1818 440 1854 Pal.
471 1818 527 1853 10.
551 1823 590 1854 ut
613 1821 845 1854 ostendentem·
888 1821 975 1854 Eam
999 1819 1204 1854 Gerlachius
1227 1820 1263 1853 in
1286 1824 1378 1854 textu
1401 1822 1543 1856 maioris
1564 1822 1617 1856 ed.
1641 1826 1734 1857 recte

365 1888 560 1921 expressam
583 1882 616 1914 et
639 1879 676 1913 in
699 1880 905 1914 Commentt.
930 1892 962 1923 p.
986 1879 1066 1913 215.
1090 1880 1283 1922 defensam,
1314 1892 1430 1914 rursus
1458 1881 1494 1915 in
1525 1881 1658 1916 minore
1679 1883 1733 1917 ed.

364 1937 512 1982 pessime
545 1939 714 1982 deseruit,
746 1941 894 1984 vulgata
925 1938 1093 1973 restituta.
1145 1940 1210 1973 Ubi
1241 1939 1332 1974 euim
1361 1941 1405 1975 ad
1429 1952 1467 1975 eo
1487 1941 1636 1975 relatum
1667 1953 1734 1976 non

365 2000 478 2041 potest
511 1998 578 2032 nisi
611 2000 675 2034 loci
705 2003 906 2043 potestatem
937 1999 1085 2041 habere,
1115 1999 1184 2032 hoc
1213 2011 1330 2034 sensu:
1362 2001 1407 2035 ad
1430 2004 1560 2034 certum
1584 2000 1735 2044 aliquem

367 2057 614 2102 magnitudinis
635 2058 786 2103 gradum
809 2061 843 2093 et
865 2058 963 2102 quasi
993 2058 1179 2092 terminum
1208 2060 1516 2104 progrederentur,
1548 2072 1647 2104 quem
1677 2062 1737 2096 ubi

368 2117 584 2161 attigerunt,
621 2129 688 2151 non
711 2117 861 2161 amplius
882 2119 1044 2152 mortales
1067 2122 1165 2159 sunt,
1196 2120 1254 2152 sed
1289 2119 1449 2154 continuo
1471 2120 1586 2166 gloria
1607 2122 1738 2156 aeterni

367 2176 464 2211 fiunt.
511 2177 609 2220 Quae
629 2177 796 2211 sententia
817 2188 922 2220 quam
944 2189 1067 2222 parum
1089 2178 1172 2211 huic
1195 2178 1272 2212 loco
1294 2179 1476 2214 conveniat
1497 2180 1610 2224 quivis
1631 2180 1737 2224 videt,

369 2246 478 2278 quum
501 2234 684 2270 Sallustius
706 2237 774 2270 hoc
796 2236 911 2280 potius
933 2237 1046 2271 dicere
1067 2224 1170 2279 velit,
1192 2237 1351 2271 homines
1371 2243 1515 2274 naturae
1536 2251 1620 2274 suae
1638 2239 1735 2275 infir-

369 2294 527 2328 mitatem
549 2295 716 2331 industria
737 2298 920 2331 emendare
941 2309 1059 2341 posse,
1090 2303 1267 2342 tantosque
1279 2299 1382 2342 fieri,
1413 2304 1452 2334 ut
1482 2311 1586 2343 supra
1607 2304 1738 2335 morta-

370 2355 442 2388 lem
473 2355 705 2390 condicionem
735 2358 817 2391 elati
849 2358 964 2402 gloria
989 2358 1119 2392 aeterni
1151 2359 1245 2392 fiant.
1291 2359 1332 2392 Iu
1355 2365 1516 2403 promptu
1538 2363 1590 2393 est
1610 2363 1738 2403 autem,

371 2413 532 2448 librarios
555 2426 613 2456 eo,
644 2417 736 2459 quod
758 2428 838 2451 cum
860 2416 1014 2463 genitivo
1038 2417 1074 2450 in
1095 2428 1201 2451 unam
1230 2418 1331 2461 quasi
1359 2419 1531 2452 notionem
1554 2418 1644 2460 coit,
1674 2430 1738 2462 pro

372 2472 539 2517 primario
572 2476 763 2511 sententiae
793 2477 964 2512 vocabulo
997 2470 1189 2519 habuisse,
1222 2478 1323 2522 eique
1352 2479 1499 2513 alteram
1530 2478 1740 2522 particulam

374 2531 637 2566 accommodare
658 2535 819 2571 voluisse.
866 2537 963 2571 Tum
984 2549 1045 2581 per
1067 2549 1104 2572 se
1126 2540 1238 2581 patet,
1263 2550 1327 2582 pro
1349 2543 1447 2574 mort.
1469 2539 1506 2572 h.
1529 2538 1554 2572 1.
1578 2549 1646 2572 non
1667 2550 1740 2574 esse

376 2595 540 2634 quantum
574 2593 668 2628 cadit
697 2595 734 2628 in
766 2596 936 2640 homines,
964 2602 1130 2642 quantam
1153 2599 1190 2632 in
1212 2598 1402 2632 hominibus
1413 2599 1498 2642 fieri
1517 2603 1647 2643 potest,
1681 2599 1740 2633 sed

378 2651 549 2685 hominum
572 2653 663 2695 loco,
696 2654 719 2687 i.
749 2665 780 2688 c.
811 2659 913 2690 exuta
943 2658 1143 2691 mortalium
1167 2657 1417 2694 imbecillitate.
1462 2659 1578 2703 [Idem
1605 2658 1674 2693 dici
1699 2670 1740 2693 es:

378 2710 578 2746 mortalibus
601 2716 747 2757 poterat.
795 2714 842 2748 cf.
864 2715 954 2750 iufra
969 2717 1014 2758 X,
1031 2717 1066 2754 2.
1095 2717 1186 2762 Fa]
