1826 3276
344 111 402 151 72
709 107 753 148 G.
784 103 1102 147 SALLUSTI
1133 105 1351 147 cnlsl’l

347 213 484 266 homo
515 220 736 270 omnium,
773 232 885 275 quos
924 221 1042 260 terra
1084 218 1285 274 sustinet,
1321 218 1707 272 sceleratissumus,

349 319 603 374 contempto
636 312 825 372 imperio
855 316 1003 355 vostro
1037 310 1296 356 Masinissae
1322 327 1394 357 me
1426 319 1637 372 nepotem
1667 318 1711 356 et

349 412 437 454 iam
479 409 536 451 ab
583 408 720 466 stirpe
777 406 947 449 socium
991 411 1037 449 et
1090 407 1280 450 amicum
1326 407 1486 466 populi
1519 407 1713 451 Romani

319 506 495 562 3regno
531 501 808 558 fortunisque
831 501 1033 546 omnibus
1064 501 1243 562 expulit.
1273 526 1275 529 ⁴
1304 501 1454 560 Atque
1488 507 1591 562 ego,
1622 503 1713 546 Pa-

441 673 473 713 §.
496 670 531 704 2.
577 676 764 716 praecepta
784 671 941 715 parentis
962 672 1044 716 mei]
1077 672 1176 706 Haec
1199 671 1336 706 Cottius
1356 670 1430 705 siue
1450 669 1574 704 idonea
1595 680 1717 704 caussa

351 734 516 774 tanquam
539 731 657 775 spuria
679 731 812 765 uncinis
841 730 1003 772 inclusit,
1035 731 1108 765 iam
1139 732 1288 765 Grutero
1316 731 1410 766 idem
1430 730 1603 766 suadente.
1648 730 1717 764 Sed

350 793 590 834 praeterquam
621 793 713 836 quod
746 793 814 826 mei
832 792 877 826 ab
906 791 1079 825 nonnullis
1112 792 1230 833 abest,
1261 795 1297 825 et
1323 802 1386 835 pro
1406 791 1560 836 parentis
1582 790 1618 824 in
1640 791 1718 825 aliis

349 850 460 894 patris
486 861 528 884 ex
556 851 837 896 interpretatione
866 851 1019 896 legitur,
1051 851 1140 885 nihil
1167 854 1238 893 est,
1262 852 1354 895 quod
1374 854 1448 886 tam
1469 851 1581 884 levem
1604 851 1718 894 suspi-

353 909 487 944 cionem
519 911 709 946 confirmet.
757 911 950 956 Praecepta
982 911 1169 955 agitare
1198 922 1279 944 cum
1314 911 1350 944 vi
1385 910 1515 944 (lictum
1545 910 1720 955 significat

352 959 461 1005 totum
493 982 563 1005 esse
588 972 625 1005 ἰη
653 972 846 1016 praeceptis
882 970 1108 1006 observandis.
1154 969 1316 1004 Ceterum
1345 980 1416 1005 uon
1446 970 1528 1004 satis
1557 980 1720 1015 assequor

352 1030 434 1074 quid
457 1031 663 1065 Gerlachius
682 1031 831 1066 voluerit
852 1031 939 1064 haec
954 1033 1140 1063 annotans:
1162 1029 1274 1071 „haec
1295 1029 1402 1063 verba
1420 1030 1552 1077 (praec.
1567 1033 1718 1075 pamm.)

352 1089 442 1124 mihi
464 1091 584 1125 eodem
606 1091 682 1124 fere
704 1091 828 1134 modo,
862 1093 900 1124 ut
922 1099 1048 1133 supra,
1082 1089 1202 1123 addita
1232 1088 1413 1130 videntur-3
1449 1093 1488 1124 ut
1508 1090 1640 1125 scilicet
1660 1101 1720 1125 ex—

351 1149 519 1193 plicarent
534 1176 544 1192 ,
575 1151 667 1194 quod
689 1150 868 1184 obscurius
889 1150 1018 1182 dictum
1041 1160 1115 1182 esse
1143 1149 1376 1190 videbatur;“
1406 1148 1473 1182 nisi
1504 1150 1593 1183 forte
1614 1150 1654 1184 V.
1678 1152 1720 1185 Ι).

352 1210 485 1253 putavit
505 1221 619 1254 praec.
642 1221 720 1255 pur.
743 1221 789 1243 m.
821 1209 1071 1253 appositionem
1103 1220 1176 1243 esse
1206 1208 1349 1243 relativi
1381 1209 1472 1243 nude
1501 1209 1628 1254 positi,
1653 1221 1722 1244 non

352 1268 501 1303 sentiens
529 1281 618 1314 quae
637 1276 825 1314 praecepta
847 1268 1010 1314 coniungi
1033 1269 1168 1302 debere.
1185 1288 1231 1294 —-—
1247 1269 1397 1303 Sustinet
1419 1279 1486 1302 non
1504 1280 1545 1303 ex
1567 1281 1724 1304 sermone

353 1329 493 1373 vulgari
516 1330 662 1372 petitum
686 1334 758 1373 est,
780 1333 819 1363 ut
842 1330 1051 1364 Gerlachius
1074 1330 1167 1371 vult;
1189 1329 1248 1364 sed
1270 1340 1378 1373 quum
1401 1330 1568 1363 sustinere
1589 1329 1633 1364 sit
1656 1330 1722 1364 ali-

353 1389 436 1432 quid
458 1401 537 1423 cum
561 1389 767 1424 difficultate
795 1390 851 1423 vel
873 1388 1035 1423 molestia
1057 1390 1171 1432 ferre,
1203 1400 1236 1422 v.
1261 1389 1306 1423 ad
1330 1390 1405 1424 Cat.
1422 1389 1510 1431 Lm,
1533 1389 1582 1430 2.,
1605 1389 1724 1423 Sallu·-

353 1449 439 1483 etius
460 1450 636 1495 eleganter
659 1451 727 1483 hoc
759 1450 929 1493 vocabulo
947 1449 1180 1483 Adherbalem
1206 1450 1249 1483 de
1268 1449 1460 1494 Iugurthae
1490 1449 1644 1493 nequitia
1666 1450 1724 1484 vix

354 1510 497 1544 ferenda
520 1514 720 1554 querentem
752 1510 852 1544 facit.
884 1529 929 1534 —
957 1509 1008 1542 Ab
1032 1509 1230 1559 stirpernon
1252 1513 1303 1544 est
1334 1509 1358 1544 i.
1382 1521 1416 1552 q.
1439 1509 1544 1552 stirpe
1567 1509 1624 1543 vel
1644 1520 1725 1553 per

354 1571 514 1615 stirpem,
540 1581 650 1614 neque
673 1571 767 1604 valet
790 1571 870 1604 inde
894 1581 917 1602 a
939 1570 1103 1602 nascendi
1122 1569 1242 1610 initio,
1264 1569 1323 1602 sed
1346 1579 1444 1612 resp
1457 1571 1552 1602 ectu
1575 1571 1725 1613 generis,

355 1630 430 1665 eive
454 1632 622 1664 maiorum
651 1631 772 1664 habita
802 1630 958 1668 ratione5
992 1639 1073 1662 nam
1108 1629 1152 1661 ab
1186 1631 1372 1672 usurpatur
1393 1628 1438 1661 ad
1459 1627 1724 1672 significandum

356 1702 417 1725 nos
442 1702 515 1724 rem
540 1702 582 1724 ex
604 1690 723 1733 aliqua
746 1694 844 1733 parte
867 1688 1094 1722 considerare.
1118 1698 1150 1720 v.
1165 1687 1281 1721 Hand.
1302 1687 1345 1721 de
1366 1687 1474 1721 Partt.
1498 1687 1586 1722 Latt.
1610 1687 1726 1723 v01.1.

357 1763 391 1796 p.
407 1749 464 1786 56.
487 1750 531 1793 ΙΙ,
554 1750 587 1784 1.
604 1761 678 1793 sqq.
703 1749 781 1782 con.
807 1748 867 1782 Fr.
889 1747 1099 1792 Heusinger.
1122 1747 1167 1781 ad
1190 1747 1260 1781 cic.
1285 1747 1328 1781 de
1351 1747 1422 1782 Off.
1438 1748 1467 1789 1,
1491 1747 1526 1790 2,
1549 1748 1607 1782 11.
1631 1749 1726 1783 Goe-

356 1823 449 1846 reuz.
473 1812 516 1846 ad
539 1810 641 1844 eund.
664 1810 706 1843 de
727 1809 828 1843 Finn.
851 1809 880 1850 1,
896 1809 930 1850 5,
946 1807 1004 1842 14.
1026 1819 1060 1851 p.
1079 1807 1134 1842 19.
1154 1807 1417 1841 Drakenborch.
1441 1808 1486 1842 ad
1509 1808 1585 1842 [ἄν.
1598 1810 1727 1853 xxiv,

357 1872 415 1913 3⁰,
439 1873 473 1906 1.
497 1871 631 1910 xxw,
656 1869 690 1910 l,
712 1868 746 1902 3.
793 1869 918 1902 Paullo
949 1868 1069 1910 aliter,
1102 1878 1312 1911 quamquam
1345 1878 1447 1901 sensu
1475 1879 1543 1902 non
1575 1870 1727 1903 multum

357 1931 516 1971 diverso,
540 1930 655 1964 Haud.
679 1929 703 1962 l.
727 1929 751 1962 l.
782 1939 814 1971 p.
839 1927 897 1961 24.
920 1929 952 1969 5.
975 1927 1009 1963 3.
1033 1927 1180 1971 explicat
1202 1929 1282 1962 inde
1306 1928 1350 1962 ab
1370 1939 1447 1962 avo.
1492 1928 1591 1962 Unde
1613 1932 1726 1963 tamen

359 1992 399 2025 V.
422 1991 466 2026 D.
489 2003 551 2034 pro
572 1995 604 2024 et
626 1990 697 2024 iam
715 1987 887 2030 scripserit
907 1988 1040 2032 utiquc,
1061 2000 1131 2022 non
1151 1999 1326 2032 assequor.
1345 2007 1392 2014 —
1409 1990 1521 2033 Atque
1542 1991 1621 2022 ante
1639 1989 1729 2022 ami-

358 2063 434 2085 cum
458 2050 616 2094 plerique
638 2049 736 2083 codd.
760 2049 911 2089 habent3
943 2048 1080 2083 Curtius
1114 2053 1148 2083 et
1170 2049 1330 2092 scripsit,
1365 2059 1486 2083 caussa
1507 2060 1575 2082 non
1598 2048 1726 2083 addita.

359 2111 495 2146 Pariter
518 2111 552 2144 in
587 2109 744 2144 omnibus
769 2110 841 2142 fere
863 2109 962 2142 libris
985 2112 1036 2142 est
1059 2120 1128 2142 am.
1150 2110 1269 2154 populi
1291 2109 1441 2142 Romani
1449 2133 1460 2150 ‚
1489 2119 1552 2151 pro
1573 2118 1642 2150 quo
1667 2107 1730 2140 ille

361 2184 395 2206 α.
417 2173 541 2216 populo
566 2172 720 2205 Romano
746 2169 865 2203 edidit.
911 2169 979 2202 Sed
995 2168 1167 2214 genitivus
1183 2181 1249 2203 non
1267 2170 1380 2204 solum
1403 2167 1611 2203 auctoritate
1631 2167 1730 2203 codd.

358 2240 483 2266 verum
493 2231 597 2266 etiam
617 2242 716 2264 sensu
733 2233 909 2274 praestat,
936 2240 1042 2272 quum
1074 2234 1212 2274 propter
1232 2239 1472 2274 praegressum
1486 2237 1610 2262 nomeu
1628 2238 1731 2271 nepo-

359 2297 426 2326 tem
451 2292 594 2336 gravius
617 2294 652 2325 et
674 2290 873 2324 concinnius
895 2290 939 2324 sit
963 2291 1089 2324 socium
1111 2293 1146 2324 et
1167 2290 1314 2324 amicum
1338 2286 1545 2323 substantivi
1566 2289 1731 2330 potestate

358 2351 517 2396 intelligi.
562 2351 678 2385 Minus
700 2351 745 2384 ad
767 2362 842 2384 rem
864 2350 1031 2393 pertinet,
1066 2350 1157 2394 quod
1181 2348 1386 2383 Gerlachius
1405 2350 1581 2392 sequentes
1603 2347 1729 2382 ablati—

361 2424 423 2447 vos
445 2423 552 2457 regno
569 2411 789 2455 fortunisque
812 2410 931 2444 dativo
954 2411 1091 2444 obstare
1114 2410 1209 2444 (licit.

449 2473 481 2514 §-
506 2471 538 2505 3.
586 2472 696 2515 Atque
720 2475 802 2516 ego]
828 2468 939 2514 Atque
955 2470 1112 2504 Handius
1128 2471 1170 2504 de
1187 2469 1334 2504 Pal-tice.
1351 2469 1440 2503 Latt.
1459 2467 1535 2501 Vol.
1557 2467 1583 2500 1.
1603 2477 1636 2510 p.
1650 2465 1729 2501 495.

358 2531 627 2577 praesumptioni
657 2530 823 2565 inservire
853 2531 956 2573 dicit,
990 2542 1060 2574 qua
1093 2530 1244 2573 aliquid,
1276 2529 1366 2573 quod
1398 2526 1528 2572 opponi
1558 2529 1620 2560 aut
1649 2526 1730 2560 addi

361 2591 489 2636 possit,
520 2591 776 2634 antecapiatur‚
805 2602 894 2634 quae
927 2590 1094 2624 sententia
1127 2590 1216 2624 mihi
1239 2589 1274 2622 in
1299 2589 1371 2623 hoc
1394 2598 1482 2620 nexu
1505 2597 1628 2630 parum
1651 2596 1730 2629 pro—

360 2651 484 2686 babilis
508 2651 654 2687 xidetur.
700 2650 901 2694 Simplicior
923 2650 1013 2685 ratio
1036 2654 1086 2684 est
1102 2674 1113 2692 ‚
1147 2649 1175 2684 si
1204 2652 1334 2683 statuas
1355 2658 1418 2692 per
1446 2651 1549 2692 atque
1580 2645 1730 2690 particu-
