1826 3276
530 84 534 102 Ι
1129 80 1138 100 ἵ

365 169 449 209 892
729 162 774 203 c.
804 128 1120 203 sALLusm
1147 160 1366 204 calsrl
1412 169 1419 174 ·

368 278 460 322 fide
490 275 772 336 popularium
804 274 947 317 minus
971 254 1197 327 crederet3
1230 275 1313 330 ita,
1347 289 1624 336 quocumque
1656 280 1726 323 iu·-

333 372 595 426 2tenderat‚
635 383 707 411 res
752 367 964 412 advorsae
1000 374 1134 413 erant.
1204 369 1298 413 Sed
1331 370 1444 414 inter
1477 387 1550 416 eas
1582 388 1727 418 moras

371 470 555 525 repente
597 477 693 506 sese
727 461 936 506 Metellus
971 477 1073 506 cum
1109 464 1302 508 exercitu
1326 465 1539 520 ostendit3
1571 468 1729 512 Numi-

375 559 460 603 dae
505 558 562 600 ab
604 556 823 616 Iugurtha
867 571 951 617 pro
993 564 1198 618 tempore
1244 561 1386 618 parati
1429 561 1733 620 instructique3

345 661 369 699 3
385 653 486 696 dein
523 652 743 712 proelium
785 652 1003 712 incipitur.
1071 653 1175 708 Qua
1206 653 1251 697 in
1284 660 1412 714 parte
1445 670 1524 700 rex
1555 671 1735 717 pugnae
1780 671 1781 674 ’

376 790 538 825 tenderat
567 789 942 834 plusquamperfectum
974 802 1035 836 pro
1067 792 1271 836 imperfecto
1312 793 1464 837 positum
1501 806 1577 829 use
1613 799 1738 832 comet.

378 850 482 894 Quod
505 849 634 883 falsum
658 860 730 883 esse
751 849 864 893 quiris
886 850 990 885 facile
1023 851 1173 894 videbit,
1205 853 1266 896 qui
1295 854 1523 897 reputaverit,
1561 856 1738 890 eonsilium

379 920 516 953 semper
538 909 742 953 praecedere
764 921 838 943 rem
862 910 1038 950 effectam,
1072 923 1183 956 eoque
1201 915 1294 947 recte
1316 913 1402 947 illud
1422 914 1587 955 verbum,
1618 915 1654 948 in
1671 927 1740 959 quo

382 968 517 1002 consilii
541 968 634 1002 notio
655 969 765 1012 inest,
789 970 1124 1014 plusquamperfecto
1146 971 1331 1006 enunciari.
1376 972 1452 1006 Non
1475 973 1548 1007 alia>
1565 974 1658 1009 ratio
1678 979 1740 1019 est,

382 1040 445 1062 cur
467 1028 575 1062 verba
595 1039 715 1072 pesse,
748 1030 856 1071 velle,
889 1030 988 1072 licet,
1015 1032 1129 1074 placet
1161 1031 1208 1064 ad
1239 1032 1392 1064 futurum
1424 1036 1556 1075 tempus
1577 1034 1687 1068 relata
1707 1038 1742 1069 et

383 1099 465 1122 cum
496 1087 567 1121 alia
599 1087 734 1121 actione
768 1089 964 1123 consociata
994 1091 1111 1124 futuro
1134 1093 1252 1124 exacto
1276 1093 1466 1133 ponantur,
1493 1092 1575 1126 dam
1595 1094 1742 1129 alterum

383 1147 529 1181 verbum
562 1147 678 1180 futuro
710 1148 822 1190 primo
848 1149 1002 1185 effertur.
1047 1151 1100 1183 De
1122 1160 1191 1194 qua
1212 1160 1250 1183 re
1276 1159 1443 1191 perquam
1464 1151 1646 1194 prudenter
1667 1154 1743 1188 Au-

385 1211 510 1252 gustus
534 1206 699 1240 Matthias
722 1207 758 1240 iu
783 1208 939 1242 Excursu
955 1208 1005 1242 'ad
1031 1208 1103 1243 Cic.
1128 1219 1179 1243 or.
1203 1207 1238 1241 in
1261 1207 1362 1243 Catil.
1384 1209 1442 1253 IV,
1466 1211 1501 1254 6,
1525 1211 1583 1245 11.
1607 1223 1642 1256 p.
1664 1214 1743 1249 239.

387 1266 526 1311 ‚‚Mihi,
549 1266 678 1309 inquit,
700 1267 735 1300 in
759 1267 815 1301 his
838 1267 989 1302 Romani
1012 1267 1047 1300 id
1070 1271 1243 1311 spectasse
1264 1267 1446 1308 videntur,
1476 1271 1588 1314 quod,
1610 1272 1747 1308 etiamsi

387 1328 558 1367 actiones,
592 1338 681 1369 quae
708 1327 820 1360 verbis
848 1338 966 1371 posse,
999 1327 1104 1367 velle,
1127 1330 1191 1360 etc.
1218 1327 1454 1368 declarantur,
1475 1330 1665 1366 continuari
1687 1343 1748 1367 ne-

387 1398 480 1420 cesse
502 1386 567 1427 sit,
591 1386 674 1419 dum
697 1386 787 1419 actio
811 1387 856 1419 ab
880 1386 922 1419 iis
946 1386 1102 1428 protecta
1124 1386 1319 1429 perficitur,
1354 1391 1469 1420 tamen
1489 1394 1663 1432 potestas,
1686 1403 1748 1426 uo-
1802 1380 1809 1383 “

389 1448 521 1487 luntas,
545 1449 609 1478 etc.
631 1446 834 1487 praecedere
857 1445 964 1479 etiam
988 1445 1112 1479 debent
1135 1445 1245 1488 ipsam
1268 1456 1342 1478 rem
1356 1469 1367 1486 ‚
1397 1457 1460 1479 noc
1481 1447 1663 1492 quisquam
1682 1462 1749 1485 un..

389 1516 495 1550 quam
518 1515 591 1537 rem
614 1504 839 1548 aggreditur,
871 1505 936 1538 nisi
960 1509 1110 1548 potestas
1140 1515 1182 1539 ac
1204 1505 1363 1539 voluntas
1393 1515 1472 1539 eam
1493 1511 1528 1542 et
1547 1509 1750 1555 suscipiendi

389 1570 424 1600 et
444 1563 642 1608 perficiendi
664 1568 765 1598 antea
787 1564 938 1598 affuerit.
947 1566 970 1583 “

480 1626 513 1666 §.
536 1623 571 1658 2.
598 1626 632 1657 et
655 1623 688 1657 3.
735 1625 975 1669 instructique]
1001 1624 1039 1656 ln
1061 1623 1180 1658 multis
1202 1624 1300 1657 codd.
1323 1624 1460 1659 additur
1480 1632 1570 1671 sunt,
1594 1628 1631 1664 in
1660 1631 1750 1666 duo.

390 1686 456 1719 bus
478 1687 595 1724 erunt,
626 1684 686 1716 sed
707 1695 775 1716 non
799 1685 917 1717 eodem
942 1684 1029 1716 loco.
1075 1684 1183 1717 Recte
1206 1695 1288 1717 vcro
1309 1685 1410 1718 abest
1428 1687 1573 1721 verbum
1593 1690 1753 1727 substan-

391 1744 504 1779 tivum
528 1754 550 1776 a
573 1743 671 1776 codd.
705 1742 882 1784 Putwhii,
915 1741 1078 1784 Gruteri,
1109 1741 1226 1777 Leidd.
1258 1748 1399 1786 excepto
1420 1745 1478 1788 K„
1502 1746 1616 1782 Man-k.
1640 1752 1684 1785 Γ.
1707 1755 1750 1789 Α,

392 1803 526 1839 Bodlei.
558 1802 636 1836 Sen.
669 1802 775 1836 Fabr.
809 1803 841 1836 l.
863 1802 896 1836 2.
930 1802 1076 1836 Eccard.
1109 1803 1228 1849 Guell'.
1260 1803 1293 1836 2.
1328 1803 1384 1837 10.
1416 1804 1471 1837 12-
1502 1805 1620 1843 Batoi.
1652 1811 1687 1847 1.
1715 1812 1749 1848 2.

394 1864 497 1898 Misn.
518 1862 629 1897 Paris.
652 1863 686 1895 b.
712 1873 742 1894 c.
765 1871 798 1896 x,
821 1873 851 1895 z.
878 1881 924 1887 —
963 1862 1106 1906 Pugnae
1138 1863 1232 1897 deest
1254 1863 1290 1896 in
1321 1863 1400 1897 Seu.
1424 1863 1458 1897 2.
1480 1865 1604 1901 neusa.
1634 1870 1751 1906 Guelf.

392 1924 427 1961 4.
443 1924 499 1958 11.
518 1927 552 1958 et
572 1922 663 1968 Med.
685 1920 718 1956 9.
744 1920 872 1955 Omisit
894 1922 1043 1962 Cottius,
1067 1933 1251 1965 recoquens
1273 1923 1435 1956 cramben
1451 1935 1551 1959 suam
1574 1927 1617 1962 de
1639 1930 1754 1965 brevi..

395 1987 468 2019 tate
486 1982 710 2024 Sallustiana,
736 1992 825 2024 quae
847 1982 950 2016 istam
965 1992 1084 2015 vocem
1105 1986 1269 2025 tanquam
1291 1993 1579 2025 supervacaneam
1595 1995 1752 2033 respuat3

397 2043 431 2078 ei
455 2042 601 2077 credidit
626 2041 830 2075 Gerlachius
854 2046 948 2084 tum,
979 2053 1085 2085 quum
1118 2043 1154 2076 iu
1185 2042 1268 2077 Ven.
1292 2042 1324 2075 1.
1347 2041 1531 2078 invenisset
1555 2056 1615 2080 rea·
1638 2050 1755 2092 adfuit

394 2113 549 2148 pugnae.
596 2101 664 2134 Sed
698 2101 880 2145 egregium
915 2113 1060 2137 acumen
1093 2113 1195 2136 suum
1227 2101 1262 2135 in
1292 2101 1497 2136 Commentt.
1525 2114 1558 2145 p.
1590 2103 1672 2139 311.
1699 2107 1756 2142 ht·

398 2162 514 2197 verbis
539 2160 731 2205 proditu-ne
756 2162 871 2202 „unde
892 2167 1023 2206 patet
1054 2172 1195 2206 pugnae
1218 2172 1240 2195 a
1261 2161 1414 2194 librariis
1435 2161 1635 2205 additnm‚“
1655 2165 1756 2202 nihili

399 2233 474 2256 esse
495 2221 530 2254 in
553 2221 604 2254 ed.
630 2220 713 2255 min.
738 2222 904 2263 ostendit,
937 2222 997 2255 ubi
1031 2223 1075 2256 ad
1098 2223 1279 2265 vulgatam
1309 2220 1422 2254 rediit.
1468 2221 1605 2258 Merito.
1650 2225 1758 2262 Nulla

399 2282 492 2316 enim
516 2291 639 2314 caussa
663 2286 733 2321 est,
765 2292 826 2315 cur
848 2282 951 2325 pauci
973 2282 1070 2317 codd.
1103 2281 1268 2325 protritae
1298 2280 1509 2316 auctoritatis
1528 2283 1632 2327 longe
1655 2295 1758 2328 prae-

401 2340 617 2375 stantissimis
639 2341 887 2384 praeferantur.
911 2361 956 2366 -
988 2342 1070 2375 Post
1093 2347 1260 2375 certatum
1284 2341 1382 2384 pauci
1405 2341 1486 2374 libri
1508 2340 1673 2375 adiiciunt
1694 2347 1757 2385 ert,

401 2411 470 2444 quo
499 2411 567 2433 non
600 2405 652 2434 cst
682 2412 780 2444 opus.
811 2419 856 2427 —-
887 2402 926 2435 Iu
958 2401 1065 2434 verba
1105 2402 1208 2434 ceteri
1240 2402 1312 2435 eius
1343 2401 1467 2435 milites
1506 2401 1646 2444 plurimi
1675 2402 1758 2436 libri

403 2471 516 2493 omnes
550 2459 726 2519 inser-unm
759 2462 816 2494 sed
850 2472 956 2504 quum
983 2461 1050 2494 hoc
1074 2461 1280 2494 vocabulum
1312 2461 1347 2494 in
1370 2461 1449 2495 aliis
1471 2464 1546 2504 poet
1568 2462 1690 2503 ceteri,
1721 2461 1758 2496 in

405 2519 482 2553 aliis
506 2523 581 2562 post
605 2520 676 2552 eius
707 2521 914 2554 collocatum
936 2520 999 2562 sit,
1034 2531 1057 2554 a
1088 2521 1192 2553 Bern.
1209 2532 1305 2554 >vero
1329 2519 1361 2553 1.
1394 2521 1469 2554 Erl.
1495 2519 1594 2554 Man.
1620 2521 1699 2555 Veu.
1724 2521 1758 2554 1.

406 2578 492 2612 Min.
517 2578 551 2611 2.
577 2579 668 2611 Med.
692 2569 725 2612 4.
753 2583 786 2612 et
809 2580 952 2613 Barber.
976 2579 1010 2613 5.
1034 2579 1142 2621 absit,
1176 2581 1242 2613 hoc
1263 2579 1348 2613 satis
1369 2584 1498 2613 certum
1521 2581 1759 2615 documentum

406 2641 477 2679 est,
501 2648 522 2671 a
546 2636 696 2671 librariis
720 2634 916 2681 profectum
939 2651 1030 2679 esse,
1056 2639 1180 2682 quibus
1203 2639 1359 2673 Sallustii
1383 2639 1487 2672 verba
1509 2638 1552 2672 ad
1577 2638 1759 2682 perspicui-

404 2700 512 2731 tatem
537 2697 589 2730 vel
612 2697 821 2741 gravitatem
844 2698 1028 2733 sententiae
1057 2710 1124 2733 nou
1156 2699 1314 2733 sufficere
1345 2697 1549 2733 viderentur.
1594 2699 1761 2733 Perverse
