1826 3276
410 194 493 232 116
774 188 819 229 C.
850 188 1172 229 SALLUSTI
1201 189 1415 232 CRISPI

347 308 396 347 12
409 302 725 362 Carthaginem
765 301 973 344 Numidia
1015 303 1276 361 appellatur.
1353 304 1526 347 Deinde
1574 304 1768 362 utrique,

409 398 552 441 alteris
586 396 709 452 freti,
742 396 960 440 finitumos
995 397 1125 441 armis
1160 402 1235 440 aut
1269 403 1390 440 metu
1423 398 1504 442 sub
1533 399 1768 458 imperium

407 507 532 535 suum
584 505 800 551 coegere,
855 505 1014 535 nomen
1061 492 1336 551 gloriamque
1391 492 1482 536 sibi
1530 492 1768 548 addidere,

406 587 550 646 magis
583 585 653 641 hi,
701 585 775 642 qui
811 585 869 628 ad
903 592 1097 630 nostrum
1133 601 1254 630 mare
1285 594 1616 645 processerant,
1658 588 1769 646 ¹quia.

405 700 540 734 nomine
556 699 767 739 Numidiae,-
789 699 915 743 quippe
940 699 977 733 in
999 703 1161 744 promptu
1183 703 1254 740 est,
1279 700 1412 733 nullam
1433 699 1560 734 harum
1582 699 1769 744 interpola-

406 760 539 794 tionum
563 757 706 802 procudi
729 758 900 802 potuisse,
922 759 988 794 nisi
1009 759 1147 794 librarii
1169 759 1407 804 inprimitiva
1438 759 1608 803 scriptura
1635 761 1769 794 nominc

406 819 633 854 offendissent.
647 837 694 843 —-
710 818 894 853 Possedere
917 818 1126 863 explicatum
1150 820 1195 854 ad
1218 831 1248 854 c.
1273 821 1362 862 xvi,
1387 819 1420 853 5.
1443 821 1539 854 Male
1562 819 1770 854 Gerlachius

404 878 442 912 in
467 879 520 912 ed.
545 877 627 912 mai.
652 877 808 913 Curtium
831 883 966 913 secutus
989 877 1128 922 scripsit
1148 879 1339 922 possidere,
1373 880 1464 922 quod
1495 879 1532 913 iu
1564 879 1702 913 Fabric.
1733 879 1767 913 1.

405 938 439 972 2.
465 937 568 972 Acad.
586 937 703 971 Struv.
728 939 851 972 Franc.
876 940 972 973 Vrat.
999 938 1033 971 2.
1058 939 1137 972 Ecc.
1163 939 1280 972 Guelf.
1303 938 1337 972 2.
1361 937 1395 971 3.
1420 937 1454 972 9.
1477 937 1534 972 11.
1557 938 1613 972 12.
1638 938 1717 973 Bas.
1734 937 1768 974 l.

404 997 438 1031 4.
462 998 564 1031 Bern.
589 997 624 1031 1.
646 997 680 1030 3.
705 998 815 1032 Paris.
848 999 891 1031 B.
915 999 956 1031 D.
990 998 1080 1043 Teg.
1114 998 1216 1032 Misn.
1242 1001 1276 1031 et
1299 996 1447 1031 Goerlit.
1469 997 1650 1040 reperitur.
1694 997 1769 1030 Re-

402 1056 487 1091 licui
516 1057 697 1101 vulgatam
734 1058 924 1102 praebent,
952 1067 1044 1100 quae
1075 1058 1149 1091 sola
1179 1058 1263 1091 huic
1291 1058 1369 1091 loco
1402 1056 1581 1098 convenit3
1602 1067 1683 1091 nam
1705 1056 1768 1091 inf.

402 1116 588 1150 historicus
621 1127 727 1159 quum
758 1127 820 1159 per
848 1127 884 1151 se
918 1127 940 1150 a
971 1116 1062 1150 nuda
1092 1117 1143 1151 rei
1173 1117 1287 1151 factae
1320 1115 1489 1150 relatione
1529 1117 1662 1151 alienus
1702 1119 1765 1158 est,

402 1181 477 1212 tum
500 1187 522 1211 a
544 1180 615 1210 tota
637 1175 742 1209 huius
763 1174 832 1210 loci
856 1174 990 1209 ratione
1012 1176 1195 1218 abhorret,
1218 1177 1279 1210 ubi
1302 1180 1423 1210 auctor
1447 1176 1563 1210 omnia
1585 1187 1646 1219 per
1668 1186 1768 1219 prue-

401 1236 542 1270 teritum
577 1235 709 1270 extulit,
755 1235 845 1269 Nam
880 1235 957 1278 quis
986 1236 1107 1271 credat
1141 1235 1347 1270 Sallustium
1378 1239 1451 1270 tam
1480 1235 1604 1279 parum
1633 1235 1700 1271 sibi
1731 1235 1767 1269 in

402 1297 573 1330 narrando
596 1300 775 1337 constare,
799 1299 859 1336 ut,
883 1306 990 1338 quum
1013 1295 1092 1330 inde
1115 1307 1136 1330 a
1158 1299 1191 1339 §.
1213 1297 1247 1331 4.
1281 1295 1420 1330 dixisset
1451 1306 1673 1340 occupavere,
1700 1295 1768 1328 ha-

402 1358 526 1398 buere,
556 1356 742 1396 miscuere,
775 1355 1013 1397 appellavere,
1045 1367 1235 1398 accessere,
1261 1357 1432 1396 habuere,
1457 1365 1656 1399 corrupere,
1680 1354 1766 1388 ado-

402 1417 505 1458 levit,
529 1426 691 1461 coegere,
712 1413 896 1454 addidere,
914 1425 1070 1457 possessa
1093 1420 1163 1456 est,
1186 1426 1395 1458 concessere,
1423 1418 1460 1448 ut
1483 1414 1538 1447 hie
1570 1424 1682 1458 praes.
1713 1412 1766 1446 in-

400 1472 572 1510 finitivum
605 1475 770 1514 inferret,
799 1474 902 1506 rebus
931 1485 999 1508 non
1030 1475 1198 1509 mutatis?
1231 1476 1301 1509 Sed
1331 1473 1482 1508 maxime
1503 1473 1699 1517 perfectum
1725 1483 1766 1506 eo

400 1537 641 1577 confirmatur,
673 1533 764 1577 quod
795 1533 946 1568 narratio
975 1534 1156 1578 particulis
1176 1547 1218 1569 ac
1238 1538 1400 1578 postea
1422 1532 1651 1567 continuatur.
1695 1531 1766 1566 Ne-

399 1607 467 1640 que
495 1595 562 1629 sibi
586 1593 738 1628 constitit
759 1593 856 1627 Gerl.
879 1593 916 1626 in
939 1593 992 1627 ed.
1016 1593 1213 1628 novissima.
1245 1613 1291 1618 —
1314 1593 1415 1637 Quod
1436 1603 1604 1636 proxuma
1625 1590 1763 1635 scripsi·

399 1668 496 1698 mus,
518 1655 683 1690 audacius
705 1652 816 1686 videri
838 1656 967 1696 potest3
989 1657 1023 1688 et
1047 1664 1128 1687 sane
1151 1654 1316 1698 profiteor
1336 1653 1387 1686 ita
1408 1653 1577 1686 fluctuare
1594 1651 1637 1685 de
1658 1651 1763 1685 huius

399 1715 469 1749 loci
494 1713 730 1748 constituenda
752 1712 922 1756 scriptura
952 1712 1117 1747 iudicium
1133 1739 1143 1754 ‚
1176 1716 1215 1747 ut
1233 1723 1352 1747 veram
1375 1712 1523 1746 auctoris
1545 1722 1685 1746 manum
1708 1721 1765 1744 me

400 1774 533 1808 dedisse
554 1784 621 1807 non
644 1784 708 1816 pro
730 1776 823 1807 certo
846 1773 1106 1808 affirmaverim.
1140 1773 1281 1808 Codices
1303 1772 1394 1806 enim
1417 1773 1490 1806 fero
1512 1782 1630 1808 onmes
1651 1773 1766 1807 tenent

397 1845 560 1878 proxume
583 1833 851 1877 Carthaginem,
871 1833 966 1877 quod
989 1844 1051 1876 per
1071 1844 1107 1867 se
1128 1845 1171 1867 ne
1193 1833 1374 1867 minimam
1397 1832 1534 1876 quidem
1550 1830 1764 1873 corruptelae

399 1890 629 1934 suspicionem
659 1893 813 1936 praebet.
860 1893 927 1927 Sed
959 1893 1058 1927 Arus.
1084 1894 1215 1937 Messus
1237 1905 1269 1927 v.
1299 1902 1483 1937 proxumus
1505 1892 1563 1926 iilo
1586 1890 1763 1934 (Granum.

399 1952 476 1985 Lat.
502 1951 577 1984 Vol.
602 1952 627 1984 1.
654 1964 688 1995 p.
711 1951 793 1986 252.
817 1953 935 1996 Lina.)
959 1954 1050 1987 hunc
1073 1954 1187 1987 locum
1211 1954 1260 1988 ita
1284 1954 1408 1987 refert:
1429 1963 1595 1996 proxuma
1615 1950 1763 1984 Cartha—

397 2010 500 2055 gine,
522 2011 614 2052 quod
637 2010 783 2044 mirifice
807 2022 828 2045 a
851 2013 999 2056 vulgata
1020 2013 1202 2056 discrepat.
1257 2013 1374 2056 Quum
1407 2015 1523 2045 autem
1550 2009 1649 2042 nullo
1677 2005 1762 2040 scri-

396 2074 533 2113 ptorum
557 2072 713 2114 exemplo
745 2076 875 2106 constet
906 2072 1045 2107 Latinos
1072 2073 1245 2116 proximus
1267 2084 1349 2106 cum
1373 2072 1526 2106 ablativo
1549 2066 1763 2103 coniunxisse

397 2131 627 2174 (quamquam
651 2131 797 2166 fortasse
820 2133 883 2166 iste
905 2144 1003 2166 casus
1027 2132 1162 2167 defendi
1184 2133 1309 2176 possit,
1342 2133 1372 2166 si
1403 2135 1532 2166 statuas
1562 2124 1762 2172 propinqui-

397 2191 483 2235 tatis
495 2189 669 2224 notionem
691 2192 824 2235 concipi
848 2203 914 2226 non
938 2197 1103 2236 quatenus
1128 2194 1302 2226 acceditur
1325 2193 1369 2226 ad
1392 2192 1525 2231 locum,
1557 2188 1619 2223 sed
1640 2189 1761 2231 quate-

397 2242 462 2283 nus
486 2250 671 2285 disceditur
685 2252 728 2285 ab
747 2253 839 2295 loco,
864 2256 902 2286 ut
924 2252 958 2286 in
991 2253 1176 2286 vernacula
1206 2252 1275 2286 dici
1306 2254 1417 2296 potest
1445 2250 1536 2285 nahe
1560 2259 1626 2282 von
1657 2251 1763 2282 ema·

398 2310 477 2353 ab),
511 2310 718 2345 Arusianum
751 2323 818 2345 non
847 2313 930 2346 satis
963 2313 1142 2347 emendato
1173 2313 1328 2356 exemplo
1352 2313 1533 2355 deceptum
1555 2311 1658 2352 puto3
1679 2317 1760 2340 nam
1783 2327 1786 2329 ’

402 2370 444 2403 Μ
474 2369 590 2405 littera
623 2371 726 2405 facile
757 2372 935 2406 absorberi
967 2372 1088 2415 potuit.
1142 2372 1239 2406 Idem
1271 2372 1364 2405 valet
1394 2371 1436 2404 de
1469 2371 1577 2405 altero
1600 2368 1694 2408 loco,
1718 2377 1760 2399 ex

397 2429 473 2474 lug.
491 2442 520 2464 c.
537 2431 637 2472 xlx,
663 2431 697 2466 5.
720 2432 765 2466 ab
787 2433 909 2466 eodem
931 2432 980 2466 sic
1004 2433 1135 2466 allato:
1158 2431 1367 2476 proxumi
1389 2427 1618 2474 Hispania
1643 2425 1761 2460 Mauri

395 2494 497 2530 sunt,
532 2501 596 2533 pro
630 2502 698 2533 quo
730 2492 828 2526 codd.
856 2503 1019 2537 proxume
1044 2492 1252 2536 Hispaniam
1284 2492 1428 2525 habent.
1470 2490 1510 2524 ln
1531 2488 1589 2523 his
1611 2491 1650 2521 ut
1671 2486 1760 2520 nihil

395 2549 614 2583 tribuendum
636 2554 719 2593 puto
742 2551 936 2586 testimonio
957 2552 999 2585 de
1022 2552 1176 2586 ablativo
1200 2563 1301 2594 casu,
1334 2551 1385 2585 ita
1407 2560 1475 2584 non
1497 2552 1549 2583 est
1575 2559 1639 2582 cur
1661 2547 1759 2581 adie-

395 2608 521 2642 ctivum
544 2620 607 2652 pro
630 2610 791 2644 adverbio
811 2611 1003 2645 exhibitum
1026 2623 1089 2655 pro
1113 2613 1202 2646 falso
1234 2612 1402 2651 habeam,
1426 2609 1630 2652 praesertim
1651 2618 1757 2651 quum

394 2666 491 2700 codd.
515 2667 583 2702 hoc
607 2669 747 2711 quidem
770 2671 844 2704 loco
869 2682 935 2704 non
969 2674 1071 2716 plane
1093 2682 1288 2716 repugnare
1310 2671 1499 2704 videantur.
1538 2670 1629 2706 Nam
1649 2678 1755 2711 quum

393 2726 551 2762 Wassius
573 2729 674 2763 tacite
697 2729 855 2765 edidisset
876 2742 1043 2775 proxuma
1066 2732 1331 2776 Carthaginem,
1355 2729 1643 2773 quemadmodum
1666 2726 1757 2771 apud
