<?xml version="1.0" encoding="UTF-8"?>
<!DOCTYPE html PUBLIC "-//W3C//DTD XHTML 1.0 Transitional//EN"
    "http://www.w3.org/TR/xhtml1/DTD/xhtml1-transitional.dtd">
<html xmlns="http://www.w3.org/1999/xhtml" xml:lang="en" lang="en">
 <head>
  <title>
</title>
<meta http-equiv="Content-Type" content="text/html;charset=utf-8" />
  <meta name='ocr-system' content='tesseract 3.04.00' />
  <meta name='ocr-capabilities' content='ocr_page ocr_carea ocr_par ocr_line ocrx_word'/>
</head>
<body>
  <div class='ocr_page' id='page_1' title='image "./operaquaesupers02salluoft_0063.png"; bbox 0 0 1826 3276; ppageno 0'>
   <div class='ocr_carea' id='block_1_1' title="bbox 427 164 1465 219">
    <p class='ocr_par' dir='ltr' id='par_1_1' title="bbox 427 164 1465 219">
     <span class='ocr_line' id='line_1_1' title="bbox 427 164 1465 219; baseline 0 -3"><span class='ocrx_word' id='word_1_1' title='bbox 427 172 789 219; x_wconf 87' lang='lat' dir='ltr'>IUGURTHA.</span> <span class='ocrx_word' id='word_1_2' title='bbox 853 164 991 216; x_wconf 73' lang='lat' dir='ltr'>cA&#39;P.</span> <span class='ocrx_word' id='word_1_3' title='bbox 1019 170 1114 214; x_wconf 89' lang='lat' dir='ltr'>VII.</span> <span class='ocrx_word' id='word_1_4' title='bbox 1410 176 1465 216; x_wconf 79' lang='lat'>41</span> 
     </span>
    </p>
   </div>
   <div class='ocr_carea' id='block_1_2' title="bbox 71 288 1502 546">
    <p class='ocr_par' dir='ltr' id='par_1_2' title="bbox 71 288 1502 546">
     <span class='ocr_line' id='line_1_2' title="bbox 71 288 1500 350; baseline -0.004 -13"><span class='ocrx_word' id='word_1_5' title='bbox 71 293 160 343; x_wconf 79' lang='lat' dir='ltr'>bat.</span> <span class='ocrx_word' id='word_1_6' title='bbox 215 290 328 343; x_wconf 57' lang='lat' dir='ltr'>‚Sed</span> <span class='ocrx_word' id='word_1_7' title='bbox 363 306 418 335; x_wconf 83' lang='lat' dir='ltr'>ea</span> <span class='ocrx_word' id='word_1_8' title='bbox 446 306 516 335; x_wconf 83' lang='lat' dir='ltr'>res</span> <span class='ocrx_word' id='word_1_9' title='bbox 546 290 683 350; x_wconf 85' lang='lat' dir='ltr'>longe</span> <span class='ocrx_word' id='word_1_10' title='bbox 712 289 866 346; x_wconf 80' lang='lat' dir='ltr'>aliter,</span> <span class='ocrx_word' id='word_1_11' title='bbox 903 304 956 334; x_wconf 89' lang='lat' dir='ltr'>ac</span> <span class='ocrx_word' id='word_1_12' title='bbox 988 294 1108 332; x_wconf 83' lang='lat' dir='ltr'>ratus</span> <span class='ocrx_word' id='word_1_13' title='bbox 1144 293 1263 344; x_wconf 81' lang='lat' dir='ltr'>erat,</span> <span class='ocrx_word' id='word_1_14' title='bbox 1301 288 1500 332; x_wconf 83' lang='lat' dir='ltr'>evenit.3</span> 
     </span>
     <span class='ocr_line' id='line_1_3' title="bbox 71 383 1502 449; baseline -0.005 -16"><span class='ocrx_word' id='word_1_15' title='bbox 71 389 189 439; x_wconf 86' lang='lat' dir='ltr'>Nam</span> <span class='ocrx_word' id='word_1_16' title='bbox 226 387 466 449; x_wconf 84' lang='lat' dir='ltr'>Iugurtha,</span> <span class='ocrx_word' id='word_1_17' title='bbox 513 394 560 432; x_wconf 88' lang='lat' dir='ltr'>ut</span> <span class='ocrx_word' id='word_1_18' title='bbox 595 394 691 433; x_wconf 89' lang='lat' dir='ltr'>erat</span> <span class='ocrx_word' id='word_1_19' title='bbox 731 387 927 447; x_wconf 85' lang='lat' dir='ltr'>impigro</span> <span class='ocrx_word' id='word_1_20' title='bbox 966 392 1102 445; x_wconf 86' lang='lat' dir='ltr'>atque</span> <span class='ocrx_word' id='word_1_21' title='bbox 1140 386 1230 429; x_wconf 88' lang='lat' dir='ltr'>acri</span> <span class='ocrx_word' id='word_1_22' title='bbox 1265 383 1502 446; x_wconf 80' lang='lat' dir='ltr'>ingenio‚4</span> 
     </span>
     <span class='ocr_line' id='line_1_4' title="bbox 72 483 1470 546; baseline -0.003 -15"><span class='ocrx_word' id='word_1_23' title='bbox 72 485 147 531; x_wconf 93' lang='lat' dir='ltr'>ubi</span> <span class='ocrx_word' id='word_1_24' title='bbox 171 491 376 531; x_wconf 85' lang='lat' dir='ltr'>naturam</span> <span class='ocrx_word' id='word_1_25' title='bbox 406 486 458 530; x_wconf 89' lang='lat' dir='ltr'>P.</span> <span class='ocrx_word' id='word_1_26' title='bbox 484 485 731 546; x_wconf 81' lang='lat' dir='ltr'>Scipionis,</span> <span class='ocrx_word' id='word_1_27' title='bbox 766 484 844 542; x_wconf 82' lang='lat' dir='ltr'>qui</span> <span class='ocrx_word' id='word_1_28' title='bbox 875 490 978 528; x_wconf 90' lang='lat' dir='ltr'>tunc</span> <span class='ocrx_word' id='word_1_29' title='bbox 1015 483 1231 527; x_wconf 85' lang='lat' dir='ltr'>Romanis</span> <span class='ocrx_word' id='word_1_30' title='bbox 1268 483 1470 543; x_wconf 81' lang='lat' dir='ltr'>impera-</span> 
     </span>
    </p>
   </div>
   <div class='ocr_carea' id='block_1_3' title="bbox 0 579 1472 641">
    <p class='ocr_par' dir='ltr' id='par_1_3' title="bbox 0 579 1472 641">
     <span class='ocr_line' id='line_1_5' title="bbox 0 579 1472 641; baseline -0.005 -9"><span class='ocrx_word' id='word_1_31' title='bbox 0 630 2 632; x_wconf 66' lang='lat'><em>,</em></span> <span class='ocrx_word' id='word_1_32' title='bbox 70 589 142 629; x_wconf 84' lang='lat' dir='ltr'>tor</span> <span class='ocrx_word' id='word_1_33' title='bbox 179 590 298 637; x_wconf 83' lang='lat' dir='ltr'>erat,</span> <span class='ocrx_word' id='word_1_34' title='bbox 345 589 391 628; x_wconf 86' lang='lat' dir='ltr'>et</span> <span class='ocrx_word' id='word_1_35' title='bbox 422 597 595 628; x_wconf 88' lang='lat' dir='ltr'>morem</span> <span class='ocrx_word' id='word_1_36' title='bbox 628 581 826 625; x_wconf 86' lang='lat' dir='ltr'>hostium</span> <span class='ocrx_word' id='word_1_37' title='bbox 858 581 1093 641; x_wconf 84' lang='lat' dir='ltr'>cognovit,</span> <span class='ocrx_word' id='word_1_38' title='bbox 1139 581 1282 625; x_wconf 89' lang='lat' dir='ltr'>multo</span> <span class='ocrx_word' id='word_1_39' title='bbox 1312 579 1472 625; x_wconf 88' lang='lat' dir='ltr'>labore</span> 
     </span>
    </p>
   </div>
   <div class='ocr_carea' id='block_1_4' title="bbox 40 679 67 687">
    <p class='ocr_par' dir='ltr' id='par_1_4' title="bbox 40 679 67 687">
     <span class='ocr_line' id='line_1_6' title="bbox 40 679 67 687; baseline 0 0"><span class='ocrx_word' id='word_1_40' title='bbox 40 679 67 687; x_wconf 70' lang='lat' dir='ltr'>-v</span> 
     </span>
    </p>
   </div>
   <div class='ocr_carea' id='block_1_5' title="bbox 74 676 1474 740">
    <p class='ocr_par' dir='ltr' id='par_1_5' title="bbox 74 676 1474 740">
     <span class='ocr_line' id='line_1_7' title="bbox 74 676 1474 740; baseline -0.001 -15"><span class='ocrx_word' id='word_1_41' title='bbox 74 681 304 740; x_wconf 84' lang='lat' dir='ltr'>multaque</span> <span class='ocrx_word' id='word_1_42' title='bbox 347 694 477 735; x_wconf 80' lang='lat' dir='ltr'>cura,</span> <span class='ocrx_word' id='word_1_43' title='bbox 522 684 760 739; x_wconf 87' lang='lat' dir='ltr'>praeterea</span> <span class='ocrx_word' id='word_1_44' title='bbox 795 676 1137 721; x_wconf 81' lang='lat' dir='ltr'><strong>modestissume</strong></span> <span class='ocrx_word' id='word_1_45' title='bbox 1177 678 1391 737; x_wconf 70' lang='lat' dir='ltr'>parendo,</span> <span class='ocrx_word' id='word_1_46' title='bbox 1426 684 1474 723; x_wconf 86' lang='lat' dir='ltr'>et</span> 
     </span>
    </p>
   </div>
   <div class='ocr_carea' id='block_1_6' title="bbox 75 772 1474 839">
    <p class='ocr_par' dir='ltr' id='par_1_6' title="bbox 75 772 1474 839">
     <span class='ocr_line' id='line_1_8' title="bbox 75 772 1474 839; baseline -0.002 -15"><span class='ocrx_word' id='word_1_47' title='bbox 75 794 211 839; x_wconf 80' lang='lat' dir='ltr'>saepe</span> <span class='ocrx_word' id='word_1_48' title='bbox 241 772 426 829; x_wconf 76' lang='lat' dir='ltr'>¹obviam</span> <span class='ocrx_word' id='word_1_49' title='bbox 453 775 603 822; x_wconf 88' lang='lat' dir='ltr'>eundo</span> <span class='ocrx_word' id='word_1_50' title='bbox 633 774 843 836; x_wconf 85' lang='lat' dir='ltr'>periculis</span> <span class='ocrx_word' id='word_1_51' title='bbox 872 775 918 819; x_wconf 93' lang='lat' dir='ltr'>in</span> <span class='ocrx_word' id='word_1_52' title='bbox 955 779 1125 819; x_wconf 84' lang='lat' dir='ltr'>tantam</span> <span class='ocrx_word' id='word_1_53' title='bbox 1165 775 1474 821; x_wconf 84' lang='lat' dir='ltr'>claritudinem</span> 
     </span>
    </p>
   </div>
   <div class='ocr_carea' id='block_1_7' title="bbox 0 935 1534 2830">
    <p class='ocr_par' dir='ltr' id='par_1_7' title="bbox 0 935 1484 1662">
     <span class='ocr_line' id='line_1_9' title="bbox 74 935 1478 984; baseline -0.001 -9"><span class='ocrx_word' id='word_1_54' title='bbox 74 940 179 982; x_wconf 70' lang='lat' dir='ltr'>dmm</span> <span class='ocrx_word' id='word_1_55' title='bbox 202 939 343 981; x_wconf 68' lang='lat' dir='ltr'>Curtius</span> <span class='ocrx_word' id='word_1_56' title='bbox 365 938 460 974; x_wconf 89' lang='lat' dir='ltr'>enim</span> <span class='ocrx_word' id='word_1_57' title='bbox 484 950 675 984; x_wconf 75' lang='lat' dir='ltr'><strong>pronomen</strong></span> <span class='ocrx_word' id='word_1_58' title='bbox 708 938 777 973; x_wconf 82' lang='lat' dir='ltr'>tide</span> <span class='ocrx_word' id='word_1_59' title='bbox 807 937 907 973; x_wconf 83' lang='lat' dir='ltr'><strong>codd.</strong></span> <span class='ocrx_word' id='word_1_60' title='bbox 942 937 1077 973; x_wconf 84' lang='lat' dir='ltr'>Guelff.</span> <span class='ocrx_word' id='word_1_61' title='bbox 1104 935 1138 972; x_wconf 84' lang='grc'><strong>4.</strong></span> <span class='ocrx_word' id='word_1_62' title='bbox 1162 936 1195 973; x_wconf 79' lang='lat'>7.</span> <span class='ocrx_word' id='word_1_63' title='bbox 1220 937 1254 973; x_wconf 82' lang='lat'>6.</span> <span class='ocrx_word' id='word_1_64' title='bbox 1279 937 1336 972; x_wconf 83' lang='lat'>10.</span> <span class='ocrx_word' id='word_1_65' title='bbox 1361 937 1478 974; x_wconf 84' lang='lat' dir='ltr'>eiece-</span> 
     </span>
     <span class='ocr_line' id='line_1_10' title="bbox 0 999 1476 1046; baseline -0.001 -10"><span class='ocrx_word' id='word_1_66' title='bbox 0 1019 2 1021; x_wconf 97' lang='lat'>·</span> <span class='ocrx_word' id='word_1_67' title='bbox 74 1005 140 1038; x_wconf 78' lang='lat' dir='ltr'>rat.</span> <span class='ocrx_word' id='word_1_68' title='bbox 185 1001 289 1046; x_wconf 80' lang='lat' dir='ltr'>Quod</span> <span class='ocrx_word' id='word_1_69' title='bbox 311 1013 419 1046; x_wconf 87' lang='lat' dir='ltr'>quum</span> <span class='ocrx_word' id='word_1_70' title='bbox 444 1000 653 1037; x_wconf 85' lang='lat' dir='ltr'>Gerlachius</span> <span class='ocrx_word' id='word_1_71' title='bbox 675 1011 831 1045; x_wconf 84' lang='lat' dir='ltr'>quoque,</span> <span class='ocrx_word' id='word_1_72' title='bbox 857 999 918 1044; x_wconf 89' lang='lat' dir='ltr'>qni</span> <span class='ocrx_word' id='word_1_73' title='bbox 937 999 1086 1034; x_wconf 80' lang='lat' dir='ltr'>intexta</span> <span class='ocrx_word' id='word_1_74' title='bbox 1103 999 1304 1043; x_wconf 79' lang='lat' dir='ltr'>reliquerat,</span> <span class='ocrx_word' id='word_1_75' title='bbox 1326 1011 1349 1034; x_wconf 88' lang='lat' dir='ltr'>a</span> <span class='ocrx_word' id='word_1_76' title='bbox 1367 1000 1476 1045; x_wconf 83' lang='lat' dir='ltr'>Neap.</span> 
     </span>
     <span class='ocr_line' id='line_1_11' title="bbox 73 1059 1478 1107; baseline -0.003 -8"><span class='ocrx_word' id='word_1_77' title='bbox 73 1062 214 1107; x_wconf 48' lang='lat' dir='ltr'>&amp;Mod</span> <span class='ocrx_word' id='word_1_78' title='bbox 250 1063 285 1098; x_wconf 88' lang='lat'>1.</span> <span class='ocrx_word' id='word_1_79' title='bbox 305 1062 340 1097; x_wconf 80' lang='lat'>2.</span> <span class='ocrx_word' id='word_1_80' title='bbox 367 1064 427 1100; x_wconf 87' lang='lat' dir='ltr'>ll.</span> <span class='ocrx_word' id='word_1_81' title='bbox 460 1064 544 1099; x_wconf 66' lang='lat' dir='ltr'>ven.</span> <span class='ocrx_word' id='word_1_82' title='bbox 568 1062 603 1097; x_wconf 92' lang='grc'><strong>1.</strong></span> <span class='ocrx_word' id='word_1_83' title='bbox 634 1062 668 1096; x_wconf 76' lang='lat'>2.</span> <span class='ocrx_word' id='word_1_84' title='bbox 694 1062 805 1096; x_wconf 79' lang='lat' dir='ltr'>Barb.</span> <span class='ocrx_word' id='word_1_85' title='bbox 838 1059 872 1095; x_wconf 86' lang='lat'>5.</span> <span class='ocrx_word' id='word_1_86' title='bbox 896 1064 931 1096; x_wconf 88' lang='lat' dir='ltr'>et</span> <span class='ocrx_word' id='word_1_87' title='bbox 954 1061 1031 1095; x_wconf 70' lang='lat' dir='ltr'>Vnt.</span> <span class='ocrx_word' id='word_1_88' title='bbox 1051 1060 1084 1096; x_wconf 87' lang='grc'><strong>1.</strong></span> <span class='ocrx_word' id='word_1_89' title='bbox 1115 1061 1240 1096; x_wconf 64' lang='lat' dir='ltr'>abesse</span> <span class='ocrx_word' id='word_1_90' title='bbox 1260 1061 1417 1104; x_wconf 73' lang='lat' dir='ltr'>vidisset,</span> <span class='ocrx_word' id='word_1_91' title='bbox 1442 1060 1478 1096; x_wconf 90' lang='lat' dir='ltr'>in</span> 
     </span>
     <span class='ocr_line' id='line_1_12' title="bbox 75 1110 1479 1170; baseline -0.001 -10"><span class='ocrx_word' id='word_1_92' title='bbox 75 1110 286 1160; x_wconf 69' lang='lat' dir='ltr'>Cdmmentt.</span> <span class='ocrx_word' id='word_1_93' title='bbox 309 1136 346 1170; x_wconf 87' lang='lat' dir='ltr'>p.</span> <span class='ocrx_word' id='word_1_94' title='bbox 368 1122 451 1159; x_wconf 80' lang='lat'>224.</span> <span class='ocrx_word' id='word_1_95' title='bbox 486 1127 538 1159; x_wconf 91' lang='lat' dir='ltr'>tot</span> <span class='ocrx_word' id='word_1_96' title='bbox 558 1123 733 1158; x_wconf 85' lang='lat' dir='ltr'>librorum</span> <span class='ocrx_word' id='word_1_97' title='bbox 756 1122 940 1164; x_wconf 79' lang='lat' dir='ltr'>consensui</span> <span class='ocrx_word' id='word_1_98' title='bbox 962 1122 1155 1157; x_wconf 87' lang='lat' dir='ltr'>cedendum</span> <span class='ocrx_word' id='word_1_99' title='bbox 1177 1123 1329 1168; x_wconf 72' lang='lat' dir='ltr'>putavit,</span> <span class='ocrx_word' id='word_1_100' title='bbox 1354 1135 1479 1167; x_wconf 82' lang='lat' dir='ltr'>quam-</span> 
     </span>
     <span class='ocr_line' id='line_1_13' title="bbox 77 1183 1481 1231; baseline -0.001 -11"><span class='ocrx_word' id='word_1_101' title='bbox 77 1197 185 1231; x_wconf 65' lang='lat' dir='ltr'>quam</span> <span class='ocrx_word' id='word_1_102' title='bbox 209 1185 284 1221; x_wconf 85' lang='lat' dir='ltr'>eius</span> <span class='ocrx_word' id='word_1_103' title='bbox 308 1197 495 1220; x_wconf 83' lang='lat' dir='ltr'>consensus</span> <span class='ocrx_word' id='word_1_104' title='bbox 518 1185 554 1219; x_wconf 90' lang='lat' dir='ltr'>in</span> <span class='ocrx_word' id='word_1_105' title='bbox 578 1185 633 1220; x_wconf 89' lang='lat' dir='ltr'>ed.</span> <span class='ocrx_word' id='word_1_106' title='bbox 657 1183 793 1219; x_wconf 88' lang='lat' dir='ltr'>minore</span> <span class='ocrx_word' id='word_1_107' title='bbox 815 1195 958 1228; x_wconf 85' lang='lat' dir='ltr'>prorsus</span> <span class='ocrx_word' id='word_1_108' title='bbox 979 1184 1178 1220; x_wconf 85' lang='lat' dir='ltr'>immemor.</span> <span class='ocrx_word' id='word_1_109' title='bbox 1223 1184 1296 1219; x_wconf 88' lang='lat' dir='ltr'>Nos</span> <span class='ocrx_word' id='word_1_110' title='bbox 1318 1196 1403 1219; x_wconf 85' lang='lat' dir='ltr'>vero</span> <span class='ocrx_word' id='word_1_111' title='bbox 1421 1196 1481 1219; x_wconf 85' lang='lat' dir='ltr'>ce-</span> 
     </span>
     <span class='ocr_line' id='line_1_14' title="bbox 0 1245 1480 1292; baseline -0.001 -10"><span class='ocrx_word' id='word_1_112' title='bbox 0 1259 6 1264; x_wconf 90' lang='lat'><em>·</em></span> <span class='ocrx_word' id='word_1_113' title='bbox 77 1247 193 1282; x_wconf 74' lang='lat' dir='ltr'>dimus</span> <span class='ocrx_word' id='word_1_114' title='bbox 225 1247 425 1282; x_wconf 80' lang='lat' dir='ltr'>auctoritati</span> <span class='ocrx_word' id='word_1_115' title='bbox 448 1247 653 1292; x_wconf 66' lang='lat' dir='ltr'>optimorum</span> <span class='ocrx_word' id='word_1_116' title='bbox 681 1246 781 1280; x_wconf 81' lang='lat' dir='ltr'>codd.</span> <span class='ocrx_word' id='word_1_117' title='bbox 805 1246 975 1280; x_wconf 81' lang='lat' dir='ltr'>Commel.</span> <span class='ocrx_word' id='word_1_118' title='bbox 1009 1245 1137 1280; x_wconf 84' lang='lat' dir='ltr'>Nazar.</span> <span class='ocrx_word' id='word_1_119' title='bbox 1168 1245 1253 1280; x_wconf 85' lang='lat' dir='ltr'>Bas.</span> <span class='ocrx_word' id='word_1_120' title='bbox 1279 1245 1314 1282; x_wconf 87' lang='lat'>1.</span> <span class='ocrx_word' id='word_1_121' title='bbox 1336 1246 1480 1281; x_wconf 82' lang='lat' dir='ltr'>Fabric.</span> 
     </span>
     <span class='ocr_line' id='line_1_15' title="bbox 79 1306 1480 1354; baseline 0 -13"><span class='ocrx_word' id='word_1_122' title='bbox 79 1306 114 1341; x_wconf 89' lang='lat' dir='ltr'>l.</span> <span class='ocrx_word' id='word_1_123' title='bbox 138 1307 258 1343; x_wconf 86' lang='lat' dir='ltr'>Senat.</span> <span class='ocrx_word' id='word_1_124' title='bbox 282 1308 318 1342; x_wconf 91' lang='lat'>1.</span> <span class='ocrx_word' id='word_1_125' title='bbox 342 1308 433 1354; x_wconf 79' lang='lat' dir='ltr'>Teg.</span> <span class='ocrx_word' id='word_1_126' title='bbox 456 1308 557 1344; x_wconf 87' lang='lat' dir='ltr'>Leid.</span> <span class='ocrx_word' id='word_1_127' title='bbox 580 1309 622 1344; x_wconf 73' lang='lat'>1..</span> <span class='ocrx_word' id='word_1_128' title='bbox 644 1312 679 1342; x_wconf 87' lang='lat' dir='ltr'>et</span> <span class='ocrx_word' id='word_1_129' title='bbox 704 1307 846 1343; x_wconf 89' lang='lat' dir='ltr'>relicuis</span> <span class='ocrx_word' id='word_1_130' title='bbox 869 1306 1056 1352; x_wconf 89' lang='lat' dir='ltr'>plurimis,</span> <span class='ocrx_word' id='word_1_131' title='bbox 1088 1318 1176 1351; x_wconf 88' lang='lat' dir='ltr'>quos</span> <span class='ocrx_word' id='word_1_132' title='bbox 1198 1317 1261 1340; x_wconf 87' lang='lat' dir='ltr'>cur</span> <span class='ocrx_word' id='word_1_133' title='bbox 1282 1307 1395 1341; x_wconf 87' lang='lat' dir='ltr'>multo</span> <span class='ocrx_word' id='word_1_134' title='bbox 1417 1307 1480 1341; x_wconf 86' lang='lat' dir='ltr'>de-</span> 
     </span>
     <span class='ocr_line' id='line_1_16' title="bbox 74 1367 1481 1414; baseline -0.001 -10"><span class='ocrx_word' id='word_1_135' title='bbox 74 1369 266 1405; x_wconf 75' lang='lat' dir='ltr'>terioribus</span> <span class='ocrx_word' id='word_1_136' title='bbox 295 1369 392 1406; x_wconf 84' lang='lat' dir='ltr'>Italis</span> <span class='ocrx_word' id='word_1_137' title='bbox 415 1370 690 1414; x_wconf 77' lang='lat' dir='ltr'>posthabeamus</span> <span class='ocrx_word' id='word_1_138' title='bbox 720 1371 821 1404; x_wconf 82' lang='lat' dir='ltr'>nulla</span> <span class='ocrx_word' id='word_1_139' title='bbox 843 1380 967 1405; x_wconf 80' lang='lat' dir='ltr'>caussa</span> <span class='ocrx_word' id='word_1_140' title='bbox 990 1373 1053 1405; x_wconf 83' lang='lat' dir='ltr'>est.</span> <span class='ocrx_word' id='word_1_141' title='bbox 1101 1368 1223 1412; x_wconf 82' lang='lat' dir='ltr'>Neque</span> <span class='ocrx_word' id='word_1_142' title='bbox 1245 1367 1481 1413; x_wconf 75' lang='lat' dir='ltr'>suspicionem</span> 
     </span>
     <span class='ocr_line' id='line_1_17' title="bbox 79 1428 1481 1476; baseline 0 -11"><span class='ocrx_word' id='word_1_143' title='bbox 79 1428 200 1466; x_wconf 79' lang='lat' dir='ltr'>inserti</span> <span class='ocrx_word' id='word_1_144' title='bbox 222 1442 246 1466; x_wconf 90' lang='lat' dir='ltr'>a</span> <span class='ocrx_word' id='word_1_145' title='bbox 267 1431 424 1467; x_wconf 85' lang='lat' dir='ltr'>librariis</span> <span class='ocrx_word' id='word_1_146' title='bbox 447 1432 662 1476; x_wconf 81' lang='lat' dir='ltr'>pronominis</span> <span class='ocrx_word' id='word_1_147' title='bbox 679 1442 823 1466; x_wconf 80' lang='lat' dir='ltr'>movere</span> <span class='ocrx_word' id='word_1_148' title='bbox 846 1434 960 1476; x_wconf 86' lang='lat' dir='ltr'>potest</span> <span class='ocrx_word' id='word_1_149' title='bbox 979 1431 1074 1474; x_wconf 86' lang='lat' dir='ltr'>quod</span> <span class='ocrx_word' id='word_1_150' title='bbox 1090 1429 1126 1464; x_wconf 90' lang='lat' dir='ltr'>in</span> <span class='ocrx_word' id='word_1_151' title='bbox 1142 1429 1270 1464; x_wconf 79' lang='lat' dir='ltr'>Guels.</span> <span class='ocrx_word' id='word_1_152' title='bbox 1288 1428 1322 1464; x_wconf 88' lang='grc'>5.</span> <span class='ocrx_word' id='word_1_153' title='bbox 1340 1429 1481 1465; x_wconf 88' lang='lat' dir='ltr'>Fabrie.</span> 
     </span>
     <span class='ocr_line' id='line_1_18' title="bbox 80 1490 1484 1537; baseline -0.001 -10"><span class='ocrx_word' id='word_1_154' title='bbox 80 1493 115 1528; x_wconf 81' lang='lat'>2.</span> <span class='ocrx_word' id='word_1_155' title='bbox 140 1493 234 1527; x_wconf 78' lang='lat' dir='ltr'>Med.</span> <span class='ocrx_word' id='word_1_156' title='bbox 261 1493 297 1528; x_wconf 83' lang='lat'>5.</span> <span class='ocrx_word' id='word_1_157' title='bbox 318 1493 408 1528; x_wconf 85' lang='lat' dir='ltr'>Min.</span> <span class='ocrx_word' id='word_1_158' title='bbox 431 1494 466 1528; x_wconf 79' lang='lat'>2.</span> <span class='ocrx_word' id='word_1_159' title='bbox 496 1495 574 1528; x_wconf 77' lang='lat' dir='ltr'>vat.</span> <span class='ocrx_word' id='word_1_160' title='bbox 596 1493 631 1528; x_wconf 84' lang='lat'>6.</span> <span class='ocrx_word' id='word_1_161' title='bbox 669 1505 748 1528; x_wconf 84' lang='lat' dir='ltr'>eum</span> <span class='ocrx_word' id='word_1_162' title='bbox 772 1497 852 1537; x_wconf 88' lang='lat' dir='ltr'>post</span> <span class='ocrx_word' id='word_1_163' title='bbox 886 1503 1089 1527; x_wconf 80' lang='lat' dir='ltr'>occasurum</span> <span class='ocrx_word' id='word_1_164' title='bbox 1121 1490 1276 1536; x_wconf 84' lang='lat' dir='ltr'>legitur,</span> <span class='ocrx_word' id='word_1_165' title='bbox 1308 1502 1401 1535; x_wconf 85' lang='lat' dir='ltr'>quae</span> <span class='ocrx_word' id='word_1_166' title='bbox 1426 1492 1484 1526; x_wconf 85' lang='lat' dir='ltr'>vel</span> 
     </span>
     <span class='ocr_line' id='line_1_19' title="bbox 81 1553 1482 1600; baseline 0 -12"><span class='ocrx_word' id='word_1_167' title='bbox 81 1553 299 1600; x_wconf 76' lang='lat' dir='ltr'>negligentia</span> <span class='ocrx_word' id='word_1_168' title='bbox 320 1559 395 1600; x_wconf 75' lang='lat' dir='ltr'>est,</span> <span class='ocrx_word' id='word_1_169' title='bbox 431 1555 488 1589; x_wconf 76' lang='lat' dir='ltr'>vel</span> <span class='ocrx_word' id='word_1_170' title='bbox 519 1555 606 1590; x_wconf 79' lang='lat' dir='ltr'>levis</span> <span class='ocrx_word' id='word_1_171' title='bbox 630 1554 855 1600; x_wconf 77' lang='lat' dir='ltr'>interpolatio</span> <span class='ocrx_word' id='word_1_172' title='bbox 887 1553 1138 1595; x_wconf 79' lang='lat' dir='ltr'>librariorum,</span> <span class='ocrx_word' id='word_1_173' title='bbox 1172 1564 1364 1598; x_wconf 86' lang='lat' dir='ltr'>pronomen</span> <span class='ocrx_word' id='word_1_174' title='bbox 1387 1565 1482 1588; x_wconf 87' lang='lat' dir='ltr'>com-</span> 
     </span>
     <span class='ocr_line' id='line_1_20' title="bbox 82 1614 1133 1662; baseline -0.002 -12"><span class='ocrx_word' id='word_1_175' title='bbox 82 1615 220 1651; x_wconf 80' lang='lat' dir='ltr'>modius</span> <span class='ocrx_word' id='word_1_176' title='bbox 243 1617 290 1651; x_wconf 86' lang='lat' dir='ltr'>ad</span> <span class='ocrx_word' id='word_1_177' title='bbox 310 1628 457 1661; x_wconf 80' lang='lat' dir='ltr'>sequens</span> <span class='ocrx_word' id='word_1_178' title='bbox 479 1617 628 1651; x_wconf 84' lang='lat' dir='ltr'>verbum</span> <span class='ocrx_word' id='word_1_179' title='bbox 650 1617 776 1652; x_wconf 85' lang='lat' dir='ltr'>referri</span> <span class='ocrx_word' id='word_1_180' title='bbox 798 1628 899 1662; x_wconf 85' lang='lat' dir='ltr'>posse</span> <span class='ocrx_word' id='word_1_181' title='bbox 922 1614 1133 1660; x_wconf 86' lang='lat' dir='ltr'>putantium.</span> 
     </span>
    </p>

    <p class='ocr_par' dir='ltr' id='par_1_8' title="bbox 84 1676 1534 2830">
     <span class='ocr_line' id='line_1_21' title="bbox 176 1676 1534 1724; baseline 0.002 -13"><span class='ocrx_word' id='word_1_182' title='bbox 176 1679 208 1720; x_wconf 68' lang='grc' dir='ltr'><strong>ἓ.</strong></span> <span class='ocrx_word' id='word_1_183' title='bbox 231 1677 266 1711; x_wconf 75' lang='lat'>4.</span> <span class='ocrx_word' id='word_1_184' title='bbox 315 1683 354 1712; x_wconf 82' lang='lat' dir='ltr'>ut</span> <span class='ocrx_word' id='word_1_185' title='bbox 378 1683 456 1712; x_wconf 82' lang='lat' dir='ltr'>erat</span> <span class='ocrx_word' id='word_1_186' title='bbox 483 1678 635 1723; x_wconf 78' lang='lat' dir='ltr'>impigro</span> <span class='ocrx_word' id='word_1_187' title='bbox 668 1679 827 1724; x_wconf 76' lang='lat' dir='ltr'>ingenio]</span> <span class='ocrx_word' id='word_1_188' title='bbox 866 1680 920 1713; x_wconf 91' lang='lat' dir='ltr'>De</span> <span class='ocrx_word' id='word_1_189' title='bbox 943 1676 979 1710; x_wconf 76' lang='lat' dir='ltr'>vi</span> <span class='ocrx_word' id='word_1_190' title='bbox 1003 1680 1039 1711; x_wconf 82' lang='lat' dir='ltr'>et</span> <span class='ocrx_word' id='word_1_191' title='bbox 1071 1686 1137 1710; x_wconf 68' lang='lat' dir='ltr'>usu</span> <span class='ocrx_word' id='word_1_192' title='bbox 1162 1679 1201 1710; x_wconf 75' lang='lat' dir='ltr'>ut</span> <span class='ocrx_word' id='word_1_193' title='bbox 1231 1676 1428 1721; x_wconf 77' lang='lat' dir='ltr'>particulae</span> <span class='ocrx_word' id='word_1_194' title='bbox 1451 1687 1486 1714; x_wconf 82' lang='lat' dir='ltr'>v.</span> <span class='ocrx_word' id='word_1_195' title='bbox 1528 1688 1534 1691; x_wconf 79' lang='grc'><em>“</em></span> 
     </span>
     <span class='ocr_line' id='line_1_22' title="bbox 84 1736 1486 1783; baseline 0.001 -12"><span class='ocrx_word' id='word_1_196' title='bbox 84 1740 207 1772; x_wconf 85' lang='lat' dir='ltr'>notata</span> <span class='ocrx_word' id='word_1_197' title='bbox 228 1737 273 1772; x_wconf 81' lang='lat' dir='ltr'>ad</span> <span class='ocrx_word' id='word_1_198' title='bbox 297 1738 400 1772; x_wconf 84' lang='lat' dir='ltr'>Catil.</span> <span class='ocrx_word' id='word_1_199' title='bbox 421 1739 548 1779; x_wconf 74' lang='lat' dir='ltr'>XXXI,</span> <span class='ocrx_word' id='word_1_200' title='bbox 562 1738 594 1772; x_wconf 71' lang='lat'>7.</span> <span class='ocrx_word' id='word_1_201' title='bbox 622 1750 655 1783; x_wconf 87' lang='lat' dir='ltr'>p.</span> <span class='ocrx_word' id='word_1_202' title='bbox 680 1739 760 1774; x_wconf 84' lang='lat'>146.</span> <span class='ocrx_word' id='word_1_203' title='bbox 785 1760 829 1765; x_wconf 75' lang='lat'><em>-</em></span> <span class='ocrx_word' id='word_1_204' title='bbox 850 1741 946 1774; x_wconf 81' lang='lat' dir='ltr'>Tunc</span> <span class='ocrx_word' id='word_1_205' title='bbox 969 1749 1033 1772; x_wconf 83' lang='lat' dir='ltr'>cur</span> <span class='ocrx_word' id='word_1_206' title='bbox 1049 1736 1291 1781; x_wconf 75' lang='lat' dir='ltr'>scripserimus</span> <span class='ocrx_word' id='word_1_207' title='bbox 1314 1750 1378 1782; x_wconf 90' lang='lat' dir='ltr'>pro</span> <span class='ocrx_word' id='word_1_208' title='bbox 1400 1743 1486 1778; x_wconf 81' lang='lat' dir='ltr'>tum,</span> 
     </span>
     <span class='ocr_line' id='line_1_23' title="bbox 85 1797 1487 1844; baseline 0 -12"><span class='ocrx_word' id='word_1_209' title='bbox 85 1801 180 1842; x_wconf 83' lang='lat' dir='ltr'>patet</span> <span class='ocrx_word' id='word_1_210' title='bbox 203 1811 246 1835; x_wconf 88' lang='lat' dir='ltr'>ex</span> <span class='ocrx_word' id='word_1_211' title='bbox 269 1798 313 1834; x_wconf 82' lang='lat' dir='ltr'>iis</span> <span class='ocrx_word' id='word_1_212' title='bbox 346 1811 435 1844; x_wconf 86' lang='lat' dir='ltr'>quac</span> <span class='ocrx_word' id='word_1_213' title='bbox 465 1799 617 1833; x_wconf 77' lang='lat' dir='ltr'>diximus</span> <span class='ocrx_word' id='word_1_214' title='bbox 651 1799 695 1834; x_wconf 84' lang='lat' dir='ltr'>ad</span> <span class='ocrx_word' id='word_1_215' title='bbox 725 1812 756 1834; x_wconf 87' lang='lat' dir='ltr'>c.</span> <span class='ocrx_word' id='word_1_216' title='bbox 783 1801 824 1843; x_wconf 86' lang='lat' dir='ltr'>V,</span> <span class='ocrx_word' id='word_1_217' title='bbox 849 1800 884 1835; x_wconf 87' lang='grc'><strong>1.</strong></span> <span class='ocrx_word' id='word_1_218' title='bbox 917 1799 1026 1834; x_wconf 88' lang='lat' dir='ltr'>Codd.</span> <span class='ocrx_word' id='word_1_219' title='bbox 1050 1810 1134 1832; x_wconf 89' lang='lat' dir='ltr'>num</span> <span class='ocrx_word' id='word_1_220' title='bbox 1162 1797 1351 1833; x_wconf 83' lang='lat' dir='ltr'>assentiant</span> <span class='ocrx_word' id='word_1_221' title='bbox 1372 1798 1487 1833; x_wconf 81' lang='lat' dir='ltr'>incer-</span> 
     </span>
     <span class='ocr_line' id='line_1_24' title="bbox 86 1859 1488 1904; baseline -0.001 -9"><span class='ocrx_word' id='word_1_222' title='bbox 86 1863 161 1895; x_wconf 86' lang='lat' dir='ltr'>tum</span> <span class='ocrx_word' id='word_1_223' title='bbox 185 1865 256 1903; x_wconf 76' lang='lat' dir='ltr'>est,</span> <span class='ocrx_word' id='word_1_224' title='bbox 287 1872 398 1904; x_wconf 85' lang='lat' dir='ltr'>quum</span> <span class='ocrx_word' id='word_1_225' title='bbox 422 1860 572 1895; x_wconf 80' lang='lat' dir='ltr'>editores</span> <span class='ocrx_word' id='word_1_226' title='bbox 597 1860 686 1895; x_wconf 86' lang='lat' dir='ltr'>nihil</span> <span class='ocrx_word' id='word_1_227' title='bbox 719 1861 938 1902; x_wconf 79' lang='lat' dir='ltr'>notaverint3</span> <span class='ocrx_word' id='word_1_228' title='bbox 970 1859 1030 1895; x_wconf 84' lang='lat' dir='ltr'>sed</span> <span class='ocrx_word' id='word_1_229' title='bbox 1053 1860 1134 1894; x_wconf 87' lang='lat' dir='ltr'>Par.</span> <span class='ocrx_word' id='word_1_230' title='bbox 1158 1860 1193 1895; x_wconf 83' lang='lat'>6.</span> <span class='ocrx_word' id='word_1_231' title='bbox 1217 1864 1252 1894; x_wconf 82' lang='lat' dir='ltr'>et</span> <span class='ocrx_word' id='word_1_232' title='bbox 1275 1859 1380 1894; x_wconf 76' lang='lat' dir='ltr'>Misn.</span> <span class='ocrx_word' id='word_1_233' title='bbox 1404 1865 1488 1895; x_wconf 77' lang='lat' dir='ltr'>tunc</span> 
     </span>
     <span class='ocr_line' id='line_1_25' title="bbox 87 1920 1487 1967; baseline -0.001 -11"><span class='ocrx_word' id='word_1_234' title='bbox 87 1921 230 1956; x_wconf 81' lang='lat' dir='ltr'>habent.</span> <span class='ocrx_word' id='word_1_235' title='bbox 251 1942 297 1948; x_wconf 87' lang='lat'>-—</span> <span class='ocrx_word' id='word_1_236' title='bbox 321 1922 488 1956; x_wconf 77' lang='lat' dir='ltr'>Romanis</span> <span class='ocrx_word' id='word_1_237' title='bbox 511 1923 701 1967; x_wconf 80' lang='lat' dir='ltr'>imperator</span> <span class='ocrx_word' id='word_1_238' title='bbox 734 1927 813 1957; x_wconf 82' lang='lat' dir='ltr'>erat</span> <span class='ocrx_word' id='word_1_239' title='bbox 835 1933 902 1956; x_wconf 88' lang='lat' dir='ltr'>non</span> <span class='ocrx_word' id='word_1_240' title='bbox 928 1922 1043 1956; x_wconf 88' lang='lat' dir='ltr'>solum</span> <span class='ocrx_word' id='word_1_241' title='bbox 1068 1921 1282 1965; x_wconf 86' lang='lat' dir='ltr'>optimorum</span> <span class='ocrx_word' id='word_1_242' title='bbox 1307 1932 1348 1954; x_wconf 83' lang='lat' dir='ltr'>ac</span> <span class='ocrx_word' id='word_1_243' title='bbox 1374 1920 1487 1965; x_wconf 83' lang='lat' dir='ltr'>pluri-</span> 
     </span>
     <span class='ocr_line' id='line_1_26' title="bbox 88 1978 1488 2026; baseline 0.001 -10"><span class='ocrx_word' id='word_1_244' title='bbox 88 1992 228 2016; x_wconf 87' lang='lat' dir='ltr'>morum</span> <span class='ocrx_word' id='word_1_245' title='bbox 261 1982 363 2017; x_wconf 83' lang='lat' dir='ltr'>codd.</span> <span class='ocrx_word' id='word_1_246' title='bbox 399 1983 460 2018; x_wconf 86' lang='lat' dir='ltr'>sed</span> <span class='ocrx_word' id='word_1_247' title='bbox 491 1978 598 2019; x_wconf 77' lang='lat' dir='ltr'>etiam</span> <span class='ocrx_word' id='word_1_248' title='bbox 631 1983 730 2018; x_wconf 80' lang='lat' dir='ltr'>Arus.</span> <span class='ocrx_word' id='word_1_249' title='bbox 762 1983 871 2017; x_wconf 83' lang='lat' dir='ltr'>Messi</span> <span class='ocrx_word' id='word_1_250' title='bbox 901 1994 937 2017; x_wconf 85' lang='lat' dir='ltr'>v,</span> <span class='ocrx_word' id='word_1_251' title='bbox 968 1983 1158 2026; x_wconf 74' lang='lat' dir='ltr'>imperator</span> <span class='ocrx_word' id='word_1_252' title='bbox 1195 1982 1377 2025; x_wconf 88' lang='lat' dir='ltr'>(Gramm.</span> <span class='ocrx_word' id='word_1_253' title='bbox 1410 1983 1488 2017; x_wconf 83' lang='lat' dir='ltr'>Lat.</span> 
     </span>
     <span class='ocr_line' id='line_1_27' title="bbox 90 2043 1488 2090; baseline 0 -12"><span class='ocrx_word' id='word_1_254' title='bbox 90 2044 166 2078; x_wconf 73' lang='lat' dir='ltr'>Vol.</span> <span class='ocrx_word' id='word_1_255' title='bbox 188 2044 216 2079; x_wconf 87' lang='lat'>1.</span> <span class='ocrx_word' id='word_1_256' title='bbox 241 2056 275 2089; x_wconf 88' lang='lat' dir='ltr'>p.</span> <span class='ocrx_word' id='word_1_257' title='bbox 299 2044 383 2079; x_wconf 78' lang='lat'>237.</span> <span class='ocrx_word' id='word_1_258' title='bbox 405 2045 460 2080; x_wconf 90' lang='lat' dir='ltr'>ed.</span> <span class='ocrx_word' id='word_1_259' title='bbox 483 2044 734 2090; x_wconf 86' lang='lat' dir='ltr'>Lindemann.)</span> <span class='ocrx_word' id='word_1_260' title='bbox 756 2044 881 2079; x_wconf 84' lang='lat' dir='ltr'>nititur</span> <span class='ocrx_word' id='word_1_261' title='bbox 902 2043 1115 2079; x_wconf 85' lang='lat' dir='ltr'>testimonio.</span> <span class='ocrx_word' id='word_1_262' title='bbox 1161 2043 1201 2077; x_wconf 91' lang='lat' dir='ltr'>In</span> <span class='ocrx_word' id='word_1_263' title='bbox 1232 2047 1411 2078; x_wconf 86' lang='lat' dir='ltr'>structura</span> <span class='ocrx_word' id='word_1_264' title='bbox 1434 2044 1488 2079; x_wconf 71' lang='lat' dir='ltr'>ot*-</span> 
     </span>
     <span class='ocr_line' id='line_1_28' title="bbox 90 2104 1489 2151; baseline -0.001 -12"><span class='ocrx_word' id='word_1_265' title='bbox 90 2104 270 2141; x_wconf 70' lang='lat' dir='ltr'>rendentes</span> <span class='ocrx_word' id='word_1_266' title='bbox 291 2105 355 2141; x_wconf 83' lang='lat' dir='ltr'>alii</span> <span class='ocrx_word' id='word_1_267' title='bbox 388 2106 600 2150; x_wconf 84' lang='lat' dir='ltr'>scripserunt</span> <span class='ocrx_word' id='word_1_268' title='bbox 624 2107 822 2148; x_wconf 76' lang='lat' dir='ltr'>Romanus,</span> <span class='ocrx_word' id='word_1_269' title='bbox 857 2105 920 2140; x_wconf 90' lang='lat' dir='ltr'>alii</span> <span class='ocrx_word' id='word_1_270' title='bbox 947 2106 1174 2151; x_wconf 79' lang='lat' dir='ltr'>imperitabat</span> <span class='ocrx_word' id='word_1_271' title='bbox 1187 2130 1198 2148; x_wconf 95' lang='lat'>,</span> <span class='ocrx_word' id='word_1_272' title='bbox 1222 2116 1313 2149; x_wconf 87' lang='lat' dir='ltr'>quae</span> <span class='ocrx_word' id='word_1_273' title='bbox 1336 2104 1489 2149; x_wconf 82' lang='lat' dir='ltr'>interpo-</span> 
     </span>
     <span class='ocr_line' id='line_1_29' title="bbox 91 2166 1491 2202; baseline 0.001 -2"><span class='ocrx_word' id='word_1_274' title='bbox 91 2166 257 2201; x_wconf 88' lang='lat' dir='ltr'>lationem</span> <span class='ocrx_word' id='word_1_275' title='bbox 292 2168 395 2202; x_wconf 89' lang='lat' dir='ltr'>olent.</span> <span class='ocrx_word' id='word_1_276' title='bbox 442 2168 575 2202; x_wconf 88' lang='lat' dir='ltr'>Parum</span> <span class='ocrx_word' id='word_1_277' title='bbox 608 2170 772 2202; x_wconf 84' lang='lat' dir='ltr'>accurate</span> <span class='ocrx_word' id='word_1_278' title='bbox 802 2171 921 2202; x_wconf 85' lang='lat' dir='ltr'>autem</span> <span class='ocrx_word' id='word_1_279' title='bbox 956 2167 1166 2201; x_wconf 84' lang='lat' dir='ltr'>Gerlachius</span> <span class='ocrx_word' id='word_1_280' title='bbox 1198 2167 1276 2201; x_wconf 79' lang='lat' dir='ltr'>Vol.</span> <span class='ocrx_word' id='word_1_281' title='bbox 1309 2167 1354 2202; x_wconf 81' lang='grc' dir='ltr'><strong>ΙΙ.</strong></span> <span class='ocrx_word' id='word_1_282' title='bbox 1386 2167 1428 2201; x_wconf 86' lang='grc' dir='ltr'><strong>Ρ.</strong></span> <span class='ocrx_word' id='word_1_283' title='bbox 1462 2167 1491 2201; x_wconf 90' lang='lat'>1.</span> 
     </span>
     <span class='ocr_line' id='line_1_30' title="bbox 91 2227 1492 2274; baseline 0.001 -13"><span class='ocrx_word' id='word_1_284' title='bbox 91 2239 125 2271; x_wconf 85' lang='lat' dir='ltr'>p.</span> <span class='ocrx_word' id='word_1_285' title='bbox 149 2227 231 2271; x_wconf 61' lang='lat'>224.</span> <span class='ocrx_word' id='word_1_286' title='bbox 254 2228 438 2273; x_wconf 50' lang='lat' dir='ltr'>„datin-us,</span> <span class='ocrx_word' id='word_1_287' title='bbox 467 2229 600 2274; x_wconf 85' lang='lat' dir='ltr'>inquit,</span> <span class='ocrx_word' id='word_1_288' title='bbox 635 2230 729 2273; x_wconf 85' lang='lat' dir='ltr'>apud</span> <span class='ocrx_word' id='word_1_289' title='bbox 763 2229 950 2264; x_wconf 85' lang='lat' dir='ltr'>historicos</span> <span class='ocrx_word' id='word_1_290' title='bbox 982 2230 1167 2274; x_wconf 84' lang='lat' dir='ltr'>frequens,</span> <span class='ocrx_word' id='word_1_291' title='bbox 1201 2229 1350 2263; x_wconf 73' lang='lat' dir='ltr'>maxime</span> <span class='ocrx_word' id='word_1_292' title='bbox 1382 2239 1492 2273; x_wconf 90' lang='lat' dir='ltr'>quum</span> 
     </span>
     <span class='ocr_line' id='line_1_31' title="bbox 91 2289 1493 2337; baseline 0.002 -15"><span class='ocrx_word' id='word_1_293' title='bbox 91 2289 231 2324; x_wconf 77' lang='lat' dir='ltr'>verbum</span> <span class='ocrx_word' id='word_1_294' title='bbox 255 2289 411 2324; x_wconf 77' lang='lat' dir='ltr'>dativum</span> <span class='ocrx_word' id='word_1_295' title='bbox 435 2291 560 2337; x_wconf 84' lang='lat' dir='ltr'>regit.’&#39;</span> <span class='ocrx_word' id='word_1_296' title='bbox 607 2290 758 2325; x_wconf 85' lang='lat' dir='ltr'>Dativus</span> <span class='ocrx_word' id='word_1_297' title='bbox 788 2291 881 2325; x_wconf 72' lang='lat' dir='ltr'>enirn</span> <span class='ocrx_word' id='word_1_298' title='bbox 906 2303 1082 2336; x_wconf 89' lang='lat' dir='ltr'>nunquam</span> <span class='ocrx_word' id='word_1_299' title='bbox 1107 2303 1175 2325; x_wconf 91' lang='lat' dir='ltr'>non</span> <span class='ocrx_word' id='word_1_300' title='bbox 1200 2302 1222 2325; x_wconf 87' lang='lat' dir='ltr'>a</span> <span class='ocrx_word' id='word_1_301' title='bbox 1255 2291 1366 2325; x_wconf 79' lang='lat' dir='ltr'>verbo</span> <span class='ocrx_word' id='word_1_302' title='bbox 1389 2294 1493 2335; x_wconf 74' lang='lat' dir='ltr'>aptus</span> 
     </span>
     <span class='ocr_line' id='line_1_32' title="bbox 92 2351 1494 2398; baseline 0.002 -14"><span class='ocrx_word' id='word_1_303' title='bbox 92 2353 167 2393; x_wconf 82' lang='lat' dir='ltr'>est,</span> <span class='ocrx_word' id='word_1_304' title='bbox 203 2362 271 2385; x_wconf 87' lang='lat' dir='ltr'>non</span> <span class='ocrx_word' id='word_1_305' title='bbox 295 2353 490 2396; x_wconf 82' lang='lat' dir='ltr'>ponendus,</span> <span class='ocrx_word' id='word_1_306' title='bbox 523 2352 592 2387; x_wconf 87' lang='lat' dir='ltr'>nisi</span> <span class='ocrx_word' id='word_1_307' title='bbox 623 2352 685 2387; x_wconf 88' lang='lat' dir='ltr'>ubi</span> <span class='ocrx_word' id='word_1_308' title='bbox 719 2353 754 2387; x_wconf 88' lang='lat' dir='ltr'>id</span> <span class='ocrx_word' id='word_1_309' title='bbox 788 2356 881 2397; x_wconf 84' lang='lat' dir='ltr'>quod</span> <span class='ocrx_word' id='word_1_310' title='bbox 903 2355 1011 2388; x_wconf 83' lang='lat' dir='ltr'>verbo</span> <span class='ocrx_word' id='word_1_311' title='bbox 1036 2354 1241 2388; x_wconf 84' lang='lat' dir='ltr'>enunciatur</span> <span class='ocrx_word' id='word_1_312' title='bbox 1265 2352 1315 2387; x_wconf 86' lang='lat' dir='ltr'>ita</span> <span class='ocrx_word' id='word_1_313' title='bbox 1339 2351 1494 2398; x_wconf 82' lang='lat' dir='ltr'>cogitari</span> 
     </span>
     <span class='ocr_line' id='line_1_33' title="bbox 94 2413 1495 2460; baseline 0.001 -15"><span class='ocrx_word' id='word_1_314' title='bbox 94 2416 223 2456; x_wconf 81' lang='lat' dir='ltr'>potest,</span> <span class='ocrx_word' id='word_1_315' title='bbox 251 2416 292 2446; x_wconf 86' lang='lat' dir='ltr'>ut</span> <span class='ocrx_word' id='word_1_316' title='bbox 314 2413 359 2446; x_wconf 89' lang='lat' dir='ltr'>ad</span> <span class='ocrx_word' id='word_1_317' title='bbox 381 2413 540 2457; x_wconf 83' lang='lat' dir='ltr'>aliquam</span> <span class='ocrx_word' id='word_1_318' title='bbox 572 2425 648 2448; x_wconf 89' lang='lat' dir='ltr'>rem</span> <span class='ocrx_word' id='word_1_319' title='bbox 683 2426 727 2448; x_wconf 83' lang='lat' dir='ltr'>ea</span> <span class='ocrx_word' id='word_1_320' title='bbox 750 2415 887 2449; x_wconf 88' lang='lat' dir='ltr'>ratione</span> <span class='ocrx_word' id='word_1_321' title='bbox 910 2415 1104 2460; x_wconf 85' lang='lat' dir='ltr'>pertineat,</span> <span class='ocrx_word' id='word_1_322' title='bbox 1136 2426 1244 2459; x_wconf 80' lang='lat' dir='ltr'>quam</span> <span class='ocrx_word' id='word_1_323' title='bbox 1267 2413 1495 2459; x_wconf 85' lang='lat' dir='ltr'>grammatici</span> 
     </span>
     <span class='ocr_line' id='line_1_34' title="bbox 93 2471 1492 2522; baseline 0.001 -15"><span class='ocrx_word' id='word_1_324' title='bbox 93 2471 269 2507; x_wconf 81' lang='lat' dir='ltr'>commodi</span> <span class='ocrx_word' id='word_1_325' title='bbox 292 2474 349 2507; x_wconf 80' lang='lat' dir='ltr'>vel</span> <span class='ocrx_word' id='word_1_326' title='bbox 381 2473 594 2509; x_wconf 80' lang='lat' dir='ltr'>incommodi</span> <span class='ocrx_word' id='word_1_327' title='bbox 623 2476 794 2510; x_wconf 82' lang='lat' dir='ltr'>vocabulo</span> <span class='ocrx_word' id='word_1_328' title='bbox 826 2476 1034 2522; x_wconf 40' lang='lat' dir='ltr'>significant.</span> <span class='ocrx_word' id='word_1_329' title='bbox 1071 2488 1106 2511; x_wconf 76' lang='lat' dir='ltr'>v·</span> <span class='ocrx_word' id='word_1_330' title='bbox 1143 2477 1312 2511; x_wconf 84' lang='lat' dir='ltr'>Goerenz.</span> <span class='ocrx_word' id='word_1_331' title='bbox 1347 2476 1392 2511; x_wconf 84' lang='lat' dir='ltr'>ad</span> <span class='ocrx_word' id='word_1_332' title='bbox 1418 2475 1492 2510; x_wconf 87' lang='lat' dir='ltr'>Cic.</span> 
     </span>
     <span class='ocr_line' id='line_1_35' title="bbox 95 2534 1493 2581; baseline 0.002 -13"><span class='ocrx_word' id='word_1_333' title='bbox 95 2534 139 2568; x_wconf 84' lang='lat' dir='ltr'>de</span> <span class='ocrx_word' id='word_1_334' title='bbox 160 2534 264 2569; x_wconf 83' lang='lat' dir='ltr'>Finn.</span> <span class='ocrx_word' id='word_1_335' title='bbox 287 2535 334 2577; x_wconf 86' lang='lat' dir='ltr'>ll,</span> <span class='ocrx_word' id='word_1_336' title='bbox 357 2535 392 2576; x_wconf 83' lang='lat'>9,</span> <span class='ocrx_word' id='word_1_337' title='bbox 417 2535 474 2570; x_wconf 72' lang='lat'>27.</span> <span class='ocrx_word' id='word_1_338' title='bbox 499 2548 532 2580; x_wconf 86' lang='lat' dir='ltr'>p.</span> <span class='ocrx_word' id='word_1_339' title='bbox 557 2536 626 2570; x_wconf 80' lang='lat'>161</span> <span class='ocrx_word' id='word_1_340' title='bbox 644 2549 696 2581; x_wconf 89' lang='lat' dir='ltr'>sq.</span> <span class='ocrx_word' id='word_1_341' title='bbox 719 2538 760 2572; x_wconf 80' lang='lat' dir='ltr'>F.</span> <span class='ocrx_word' id='word_1_342' title='bbox 779 2539 820 2573; x_wconf 82' lang='grc' dir='ltr'><strong>Α.</strong></span> <span class='ocrx_word' id='word_1_343' title='bbox 845 2539 954 2572; x_wconf 80' lang='lat' dir='ltr'>Wolf.</span> <span class='ocrx_word' id='word_1_344' title='bbox 980 2538 1022 2572; x_wconf 86' lang='lat' dir='ltr'>ad</span> <span class='ocrx_word' id='word_1_345' title='bbox 1048 2538 1120 2572; x_wconf 89' lang='lat' dir='ltr'>Cic.</span> <span class='ocrx_word' id='word_1_346' title='bbox 1145 2538 1189 2571; x_wconf 87' lang='lat' dir='ltr'>de</span> <span class='ocrx_word' id='word_1_347' title='bbox 1211 2538 1252 2574; x_wconf 89' lang='lat' dir='ltr'>N.</span> <span class='ocrx_word' id='word_1_348' title='bbox 1278 2539 1321 2573; x_wconf 84' lang='lat' dir='ltr'>D.</span> <span class='ocrx_word' id='word_1_349' title='bbox 1345 2539 1374 2573; x_wconf 90' lang='lat'>1.</span> <span class='ocrx_word' id='word_1_350' title='bbox 1399 2540 1432 2581; x_wconf 80' lang='lat'>§.</span> <span class='ocrx_word' id='word_1_351' title='bbox 1459 2537 1493 2572; x_wconf 82' lang='lat'>9.</span> 
     </span>
     <span class='ocr_line' id='line_1_36' title="bbox 96 2595 1492 2644; baseline 0.002 -16"><span class='ocrx_word' id='word_1_352' title='bbox 96 2595 176 2629; x_wconf 85' lang='lat' dir='ltr'>coll.</span> <span class='ocrx_word' id='word_1_353' title='bbox 207 2595 253 2630; x_wconf 81' lang='lat' dir='ltr'>iis</span> <span class='ocrx_word' id='word_1_354' title='bbox 283 2607 374 2640; x_wconf 91' lang='lat' dir='ltr'>quae</span> <span class='ocrx_word' id='word_1_355' title='bbox 396 2597 598 2632; x_wconf 88' lang='lat' dir='ltr'>monuimus</span> <span class='ocrx_word' id='word_1_356' title='bbox 627 2599 671 2633; x_wconf 89' lang='lat' dir='ltr'>ad</span> <span class='ocrx_word' id='word_1_357' title='bbox 705 2599 808 2634; x_wconf 86' lang='lat' dir='ltr'>Catil.</span> <span class='ocrx_word' id='word_1_358' title='bbox 840 2600 988 2641; x_wconf 78' lang='lat' dir='ltr'>xxxn,</span> <span class='ocrx_word' id='word_1_359' title='bbox 1015 2600 1050 2633; x_wconf 88' lang='lat' dir='ltr'>l.</span> <span class='ocrx_word' id='word_1_360' title='bbox 1074 2603 1110 2634; x_wconf 81' lang='lat' dir='ltr'>et</span> <span class='ocrx_word' id='word_1_361' title='bbox 1136 2600 1210 2641; x_wconf 72' lang='lat' dir='ltr'>XL,</span> <span class='ocrx_word' id='word_1_362' title='bbox 1233 2599 1267 2634; x_wconf 83' lang='lat'>3.</span> <span class='ocrx_word' id='word_1_363' title='bbox 1292 2611 1327 2644; x_wconf 91' lang='lat' dir='ltr'>p.</span> <span class='ocrx_word' id='word_1_364' title='bbox 1351 2599 1431 2634; x_wconf 82' lang='lat'>188.</span> <span class='ocrx_word' id='word_1_365' title='bbox 1458 2608 1492 2632; x_wconf 72' lang='grc' dir='ltr'>ν.</span> 
     </span>
     <span class='ocr_line' id='line_1_37' title="bbox 97 2656 1495 2708; baseline 0.004 -18"><span class='ocrx_word' id='word_1_366' title='bbox 97 2656 194 2708; x_wconf 70' lang='lat' dir='ltr'>infra</span> <span class='ocrx_word' id='word_1_367' title='bbox 217 2668 251 2691; x_wconf 88' lang='lat' dir='ltr'>c.</span> <span class='ocrx_word' id='word_1_368' title='bbox 282 2658 382 2702; x_wconf 80' lang='lat' dir='ltr'>XIV,</span> <span class='ocrx_word' id='word_1_369' title='bbox 413 2658 471 2694; x_wconf 76' lang='lat'>24.</span> <span class='ocrx_word' id='word_1_370' title='bbox 506 2661 663 2703; x_wconf 80' lang='lat' dir='ltr'>XXXV,</span> <span class='ocrx_word' id='word_1_371' title='bbox 687 2659 722 2696; x_wconf 81' lang='lat'>4.</span> <span class='ocrx_word' id='word_1_372' title='bbox 755 2661 836 2703; x_wconf 82' lang='lat' dir='ltr'>LV,</span> <span class='ocrx_word' id='word_1_373' title='bbox 859 2660 894 2695; x_wconf 87' lang='lat'>8.</span> <span class='ocrx_word' id='word_1_374' title='bbox 928 2661 1029 2704; x_wconf 77' lang='lat' dir='ltr'>mx,</span> <span class='ocrx_word' id='word_1_375' title='bbox 1054 2661 1087 2695; x_wconf 89' lang='lat'>1.</span> <span class='ocrx_word' id='word_1_376' title='bbox 1111 2681 1155 2686; x_wconf 89' lang='lat'><strong>—</strong></span> <span class='ocrx_word' id='word_1_377' title='bbox 1180 2661 1270 2697; x_wconf 80' lang='lat' dir='ltr'>Erat</span> <span class='ocrx_word' id='word_1_378' title='bbox 1291 2672 1360 2696; x_wconf 89' lang='lat' dir='ltr'>non</span> <span class='ocrx_word' id='word_1_379' title='bbox 1383 2664 1435 2696; x_wconf 86' lang='lat' dir='ltr'>est</span> <span class='ocrx_word' id='word_1_380' title='bbox 1458 2660 1495 2695; x_wconf 89' lang='lat' dir='ltr'>in</span> 
     </span>
     <span class='ocr_line' id='line_1_38' title="bbox 98 2717 1495 2769; baseline 0.003 -17"><span class='ocrx_word' id='word_1_381' title='bbox 98 2717 218 2754; x_wconf 72' lang='lat' dir='ltr'>Guelf.</span> <span class='ocrx_word' id='word_1_382' title='bbox 242 2718 278 2754; x_wconf 79' lang='lat'>9.</span> <span class='ocrx_word' id='word_1_383' title='bbox 300 2720 359 2756; x_wconf 78' lang='lat'>1⁰.</span> <span class='ocrx_word' id='word_1_384' title='bbox 381 2719 480 2756; x_wconf 78' lang='lat' dir='ltr'>Vrat.</span> <span class='ocrx_word' id='word_1_385' title='bbox 509 2720 546 2757; x_wconf 82' lang='lat'>3.</span> <span class='ocrx_word' id='word_1_386' title='bbox 567 2720 667 2756; x_wconf 81' lang='lat' dir='ltr'>Leid.</span> <span class='ocrx_word' id='word_1_387' title='bbox 698 2722 743 2757; x_wconf 87' lang='lat' dir='ltr'>D.</span> <span class='ocrx_word' id='word_1_388' title='bbox 768 2722 816 2757; x_wconf 89' lang='lat' dir='ltr'>H.</span> <span class='ocrx_word' id='word_1_389' title='bbox 848 2723 956 2758; x_wconf 90' lang='lat' dir='ltr'>Bern.</span> <span class='ocrx_word' id='word_1_390' title='bbox 975 2722 1037 2766; x_wconf 86' lang='lat'>1.;</span> <span class='ocrx_word' id='word_1_391' title='bbox 1070 2733 1134 2768; x_wconf 86' lang='lat' dir='ltr'>pro</span> <span class='ocrx_word' id='word_1_392' title='bbox 1157 2733 1200 2769; x_wconf 80' lang='lat' dir='ltr'>eo</span> <span class='ocrx_word' id='word_1_393' title='bbox 1225 2722 1307 2758; x_wconf 88' lang='lat' dir='ltr'>Seu.</span> <span class='ocrx_word' id='word_1_394' title='bbox 1328 2722 1364 2757; x_wconf 83' lang='lat'>2.</span> <span class='ocrx_word' id='word_1_395' title='bbox 1387 2722 1495 2757; x_wconf 86' lang='lat' dir='ltr'>habet</span> 
     </span>
     <span class='ocr_line' id='line_1_39' title="bbox 92 2778 1495 2830; baseline 0.004 -17"><span class='ocrx_word' id='word_1_396' title='bbox 92 2778 189 2822; x_wconf 75' lang='lat' dir='ltr'>‚rm’t3</span> <span class='ocrx_word' id='word_1_397' title='bbox 212 2779 307 2815; x_wconf 83' lang='lat' dir='ltr'>Leid.</span> <span class='ocrx_word' id='word_1_398' title='bbox 331 2781 375 2816; x_wconf 82' lang='grc' dir='ltr'><strong>Κ.</strong></span> <span class='ocrx_word' id='word_1_399' title='bbox 401 2786 435 2817; x_wconf 89' lang='lat' dir='ltr'>et</span> <span class='ocrx_word' id='word_1_400' title='bbox 454 2782 493 2819; x_wconf 88' lang='lat' dir='ltr'>L.</span> <span class='ocrx_word' id='word_1_401' title='bbox 507 2788 684 2828; x_wconf 81' lang='lat' dir='ltr'>praeerat.</span> <span class='ocrx_word' id='word_1_402' title='bbox 732 2783 802 2819; x_wconf 87' lang='lat' dir='ltr'>Sed</span> <span class='ocrx_word' id='word_1_403' title='bbox 826 2796 934 2829; x_wconf 87' lang='lat' dir='ltr'>quum</span> <span class='ocrx_word' id='word_1_404' title='bbox 958 2788 1095 2830; x_wconf 87' lang='lat' dir='ltr'>praeter</span> <span class='ocrx_word' id='word_1_405' title='bbox 1119 2787 1252 2821; x_wconf 72' lang='lat' dir='ltr'>eeteros</span> <span class='ocrx_word' id='word_1_406' title='bbox 1274 2783 1381 2822; x_wconf 80' lang='lat' dir='ltr'>etiam</span> <span class='ocrx_word' id='word_1_407' title='bbox 1405 2783 1495 2819; x_wconf 80' lang='lat' dir='ltr'>Aru—</span> 
     </span>
    </p>
   </div>
  </div>
 </body>
</html>
