1826 3276
459 148 833 199 IUGURTHA.
892 148 1018 194 GAP.
1047 148 1129 191 IX.
1437 153 1494 194 47

97 271 250 334 cipsae
283 267 517 322 redderet,
552 267 729 312 dimisit.
801 266 974 312 Earum
992 265 1208 312 sententia
1232 264 1348 311 haec
1372 271 1491 311 erat:

93 366 373 430 „Iugurthae
406 366 470 412 tui
505 365 632 411 bello
666 365 942 410 Numantino
976 365 1116 425 longe
1155 378 1364 408 maxuma
1399 364 1526 416 vir-2

92 472 162 512 tus
197 465 305 523 fuit,
339 478 478 524 quam
508 478 608 508 rem
642 462 722 508 tibi
750 468 874 508 certo
911 462 1004 508 scio
1032 461 1203 524 gaudio
1239 477 1351 506 esse.
1394 461 1495 506 No·-

90 563 160 609 bis
207 562 270 608 ob
312 561 474 607 merita
513 575 594 606 sua
639 575 765 605 carus
820 566 914 619 est3
959 560 1022 605 nti
1066 559 1190 604 idem
1234 559 1403 604 senatui
1450 564 1495 604 et

91 660 268 722 populo
297 660 509 704 Romano
543 657 623 714 sit,
657 672 832 702 summa
856 671 948 716 ope
981 657 1184 700 nitemur.
1257 656 1364 701 Tibi
1389 641 1494 715 qui-

92 757 200 805 dem
229 771 323 820 pro
357 762 512 802 nostra
546 755 739 800 amicitia
773 753 988 815 gratulor.
1060 741 1134 798 En
1166 752 1311 798 habes
1349 754 1495 798 virum

81 932 163 974 *tate
181 929 336 965 deletum
351 930 451 972 vult3
482 929 596 965 nihilo
617 928 730 964 secius
752 931 869 964 tamen
897 928 933 962 in
952 927 1010 963 ed.
1037 927 1174 961 minore
1198 936 1268 961 non
1286 927 1425 961 delevit.
1446 947 1493 954 —

92 992 194 1028 Certo
214 992 284 1026 ecio
303 991 383 1036 pari
398 992 475 1026 fere
490 991 588 1026 codd.
607 990 818 1026 auctoritate
829 990 993 1024 firmatur
1011 991 1119 1032 atque
1142 993 1269 1023 certe
1291 988 1373 1032 scio,
1398 989 1493 1034 quod

88 1052 300 1088 Gerlachius
330 1052 369 1088 in
394 1053 532 1089 maiore
560 1053 615 1088 ed.
637 1050 825 1096 expressit,
858 1050 919 1085 sed
934 1049 973 1084 in
990 1049 1183 1084 novissima
1201 1061 1283 1084 cum
1299 1055 1391 1085 certo
1413 1061 1493 1085 mu-

86 1113 188 1149 tavit.
236 1114 283 1148 Et
301 1123 386 1149 sane
411 1113 574 1151 usitatius
601 1113 672 1148 dici
693 1112 836 1147 videtur
855 1117 949 1147 certo
972 1112 1064 1154 ecio,
1088 1121 1304 1155 quamquam
1327 1122 1397 1145 non
1418 1110 1492 1146 iam

87 1186 211 1210 verum
243 1177 410 1220 putamus
442 1176 650 1219 discrimen,
697 1174 795 1219 quod
833 1173 925 1208 inter
963 1177 1055 1208 certe
1084 1176 1120 1207 et
1156 1177 1249 1207 certo
1280 1171 1494 1207 intercedere

86 1236 238 1272 diximus
254 1237 299 1272 ad
317 1236 421 1272 Catil.
442 1236 501 1279 LI,
518 1236 576 1272 16.
595 1248 630 1281 p.
650 1235 733 1271 246.
780 1235 936 1270 Meliora
954 1233 1075 1269 docuit
1100 1233 1262 1268 nandino
1278 1234 1322 1268 de
1339 1234 1493 1270 Particc.

86 1298 179 1333 Lan.
194 1298 330 1335 v01.11.
345 1310 381 1343 p.
398 1297 444 1333 15
452 1310 542 1343 sqq,
567 1303 659 1333 certo
676 1296 852 1341 particula
867 1295 1043 1331 declarari
1061 1294 1273 1330 obiectivam
1291 1286 1491 1338 veritatem,

85 1359 123 1394 in
145 1371 186 1394 re
214 1359 294 1405 ipsa
318 1359 493 1405 positam,
525 1364 619 1395 certe
642 1369 729 1393 vero
754 1356 917 1402 usurpari
944 1357 990 1392 ad
1017 1356 1248 1392 subiectivam
1275 1356 1319 1391 de
1344 1357 1494 1392 veritate

84 1420 368 1466 persuasionem,
390 1432 483 1466 quae
506 1420 670 1466 opinione
693 1420 816 1464 aliqua
838 1422 899 1454 aut
917 1417 1049 1453 iudicio
1066 1421 1219 1458 constat,
1250 1418 1491 1455 indicandam.

85 1483 135 1518 Ut
154 1482 192 1518 in
215 1482 296 1518 aliis
317 1482 430 1528 igitur
451 1481 663 1518 dictiom‘buu
677 1482 886 1527 plerumque
901 1480 938 1515 in
957 1480 1080 1525 aprico
1100 1484 1176 1523 est,
1208 1484 1289 1515 utra
1317 1481 1492 1525 particula

85 1544 171 1589 poni
188 1544 328 1586 debeat,
351 1543 405 1579 ita
426 1555 450 1579 a
471 1542 654 1588 scriptoris
672 1546 790 1578 mente
809 1553 913 1587 saepe
929 1543 1075 1587 pendet,
1100 1546 1222 1577 utrum
1238 1547 1331 1578 certo
1355 1543 1424 1578 scio
1444 1554 1491 1578 an

85 1609 179 1640 certe
203 1605 273 1639 scio
298 1604 416 1639 dicere
442 1604 540 1640 velit.
570 1624 618 1630 —-
653 1605 704 1639 Ob
733 1605 862 1639 merita
895 1615 979 1639 sua
1010 1603 1111 1638 codd.
1140 1603 1324 1648 omnibus,
1354 1609 1492 1650 praeter

85 1666 183 1701 Vrat.
196 1665 234 1701 2.
259 1665 510 1709 confirmatum
535 1665 675 1701 Cortius
697 1665 765 1701 cua
788 1664 903 1701 eiecit.
918 1685 966 1693 -—
989 1666 1060 1701 Pro
1083 1665 1175 1700 idem
1198 1666 1349 1702 Bothius
1372 1667 1491 1702 conie-

86 1727 135 1762 cit
153 1726 375 1762 scribendum
402 1737 477 1762 esse
498 1727 602 1771 item,
626 1727 723 1771 quod
743 1737 828 1762 sane
849 1727 1074 1762 commodum
1101 1727 1315 1771 iudicarem,
1337 1727 1369 1763 si
1392 1728 1492 1763 codd.

85 1788 314 1833 praeberent3
337 1788 383 1822 cf.
402 1789 449 1823 ad
473 1788 575 1823 Catil.
603 1788 747 1830 XXVII,
768 1787 803 1823 2.
830 1800 864 1832 p.
886 1787 968 1823 127.
1015 1786 1088 1822 Sed
1115 1788 1208 1822 idem
1222 1799 1291 1822 non
1308 1788 1422 1823 solum
1441 1788 1490 1823 vi-
1515 1832 1521 1837 ⁸

83 1848 134 1884 tio
148 1852 274 1892 caret,
294 1849 356 1883 sed
376 1849 484 1885 etiam
512 1849 660 1895 gravius
682 1848 814 1884 dictum
839 1847 953 1883 videri
975 1848 1105 1892 possit,
1140 1849 1264 1884 eodem
1289 1849 1493 1894 praedicato

81 1921 165 1945 oum
181 1910 219 1945 vi
234 1910 389 1955 quadam
402 1909 567 1955 repetito.
585 1929 621 1936 —-
649 1908 880 1954 sequentium
898 1910 1088 1944 verborum
1109 1911 1299 1955 vulgatum
1330 1909 1490 1945 ordinem

72 1970 309 2014 reduximus,
341 1982 446 2016 quem
471 1969 617 2016 plurimi
643 1973 824 2015 praestant
847 1970 956 2013 libri3
987 1971 1129 2006 eortius
1165 1983 1209 2006 ex
1240 1971 1363 2008 Guelf.
1392 1971 1426 2006 5.
1456 1975 1492 2007 et

82 2032 227 2068 Fabric-
243 2032 280 2068 2.
302 2032 493 2078 ecripserat
517 2032 668 2067 Senatui
686 2033 734 2069 eit
750 2037 786 2068 et
806 2043 887 2077 pop.
905 2033 1006 2068 Rom.
1031 2032 1246 2068 Gerlachius
1276 2043 1359 2067 vero
1378 2032 1414 2067 in
1434 2033 1490 2067 ed.

82 2093 220 2128 minore
240 2093 351 2129 edidit
372 2093 520 2129 Senatui
533 2093 745 2138 populoque
769 2092 886 2138 Rom„
909 2097 950 2129 ut
970 2097 1023 2129 est
1038 2093 1074 2128 in
1103 2093 1219 2130 Paris.
1242 2105 1274 2127 z.
1300 2094 1492 2131 Einsiedel.

82 2154 203 2189 Burni.
218 2154 256 2190 2.
272 2158 308 2191 et
326 2155 446 2190 Goerl.
482 2165 572 2199 quae
598 2153 706 2189 dictio
725 2157 766 2189 ut
792 2158 846 2190 est
863 2155 976 2190 multo
998 2155 1172 2200 usitatior,
1197 2154 1250 2190 ita
1268 2166 1339 2191 non
1359 2156 1491 2192 intelli-

30 2250 33 2253 ,
80 2215 195 2261 gitur,
218 2226 282 2251 cur
302 2215 442 2253 scribae
455 2216 495 2252 in
509 2216 660 2252 alteram
676 2216 825 2252 abirent.
836 2235 882 2244 —
903 2217 1076 2252 Gratulor
1093 2215 1233 2252 Cottius
1247 2229 1376 2262 parum
1393 2229 1491 2254 com-

81 2276 188 2312 mode
218 2275 472 2322 interpretatur
504 2289 560 2324 gr
571 2283 695 2314 atum
732 2279 882 2314 habeo
916 2278 981 2314 tibi
1015 2278 1124 2313 talem
1155 2278 1269 2313 vir-mn
1292 2278 1490 2325 contigt‘sse,

81 2338 178 2383 qnod
202 2338 455 2373 sententiarum
482 2339 587 2374 nexui
604 2340 709 2384 plane
730 2343 916 2386 repugnat.
962 2338 1040 2375 Non
1058 2338 1175 2374 minus
1194 2339 1312 2375 aliena
1333 2340 1380 2374 ab
1399 2340 1438 2374 h.
1463 2340 1488 2374 l.

21 2437 26 2441 ,
80 2402 135 2434 eat
163 2398 330 2433 Mueueri
351 2399 538 2444 explicatio
563 2401 676 2437 laetor
702 2407 749 2438 te
762 2414 874 2447 cnm,
899 2411 1052 2446 quocum
1079 2401 1215 2446 pariter
1243 2412 1357 2446 neque
1379 2402 1488 2457 verba

30 2488 37 2494 ,
80 2470 146 2505 pro
171 2465 294 2496 metra
321 2470 406 2496 ann.
440 2472 555 2506 neque
576 2463 757 2506 sequentia
783 2462 1004 2499 conveniunt.
1051 2461 1122 2498 Sed
1149 2462 1325 2507 optimum
1346 2474 1486 2498 sensum

16 2520 40 2554 1¹
81 2520 214 2556 habent
230 2521 341 2557 verba
356 2522 500 2568 vulgari
514 2534 624 2568 eoque
640 2523 903 2570 simplicissimo
918 2525 1026 2560 modo
1044 2523 1242 2560 intellectae
1273 2536 1343 2570 quo
1364 2537 1487 2561 sumus

16 2599 28 2612 ω
80 2581 197 2616 amieo
210 2581 248 2615 in
269 2584 306 2616 te
325 2582 445 2619 animo
471 2583 648 2620 laetamur
671 2586 715 2620 de
750 2590 813 2621 tua
845 2585 1034 2630 felicitate,
1065 2585 1128 2630 qui
1152 2587 1262 2622 talem
1283 2586 1400 2622 virum
1419 2587 1485 2622 ha-

14 2658 28 2691 ιἸ
80 2642 189 2686 bean,
213 2642 454 2689 laetitiamque
466 2649 620 2681 nostram
636 2645 702 2681 tibi
724 2647 963 2682 testificamur.
981 2667 1028 2673 —
1051 2648 1106 2682 De
1121 2659 1162 2682 ex
1180 2648 1371 2693 particula,
1395 2659 1486 2692 quac
1539 2683 1543 2686 ,

16 2735 19 2739 .
81 2713 158 2736 rem
177 2707 352 2740 monstrat
376 2707 434 2740 vel
462 2710 679 2752 praesentem
711 2712 747 2744 et
774 2712 855 2744 ante
883 2709 1004 2744 oculos
1027 2709 1198 2755 positam,
1230 2710 1289 2744 vel
1316 2709 1352 2745 in
1374 2709 1484 2745 animi

10 2780 29 2822 ζ
80 2762 296 2809 cogitatione
313 2764 418 2802 sitam
431 2792 442 2810 ,
469 2779 502 2801 v.
520 2768 637 2804 Hand.
657 2769 701 2805 de
720 2769 870 2807 Particc.
890 2770 967 2808 Lat.
984 2771 1062 2807 Vol.
1082 2771 1127 2806 11.
1148 2783 1182 2817 p.
1199 2770 1282 2807 367.
