1826 3276
468 208 842 253 IUGURTHA.
903 209 1037 254 CAP.
1069 210 1121 252 V.
1443 215 1499 255 31

91 330 191 374 nico
240 327 466 386 secundo,
515 343 606 386 quo
655 327 747 372 dux
795 326 1235 388 Carthaginiensium
1270 327 1499 372 Hannibal

88 432 195 488 post
228 405 585 487 magnitudinem
615 426 806 470 nominis
835 426 1031 470 Romani
1061 426 1218 470 Italiae
1249 441 1365 487 opes
1396 442 1496 472 ma-

22 559 24 562 ·
86 540 222 570 xume
256 524 508 579 attriverat,
544 523 784 582 Masinissa
818 539 899 570 rex
934 523 1258 583 Numidarum,
1300 525 1346 569 in
1381 526 1495 570 ami—

59 622 236 668 ‘citiam
271 627 480 682 receptus
517 637 544 664 a
578 621 632 681 P.
670 621 911 682 Scipione,
957 622 1028 666 cui
1073 629 1236 682 postea
1279 623 1527 677 Africano-

87 745 136 780 αεὶ
153 750 290 780 tantum
309 744 492 788 potentiae
504 743 699 788 fastigium
713 748 971 787 perveneruut3
996 747 1178 778 auctorem
1203 744 1298 778 enim
1321 744 1358 779 in
1377 757 1495 789 prom-

85 811 147 852 ptu
164 811 214 840 est
235 806 279 840 ad
297 805 418 850 priora
437 804 657 849 reipublicae
673 808 835 848 tempora
854 803 1096 848 respicientem
1113 806 1182 839 hoc
1203 805 1340 839 dicere:
1371 818 1498 850 quam-

83 878 189 911 quam
206 866 360 901 Romani
381 870 465 901 ante
490 870 601 901 totam
619 865 758 900 ltaliam
790 870 1000 910 occupatam
1030 865 1172 910 saepius
1191 867 1350 911 graviter
1379 868 1496 902 vexati

84 928 225 971 fuerint,
250 928 347 962 velut
363 939 385 961 a
405 928 532 970 Gallis,
557 939 579 962 a
598 927 831 972 Samnitibus,
850 939 873 961 a
891 927 1044 973 Pyrrho,
1063 932 1181 962 tamen
1204 931 1282 972 post
1300 932 1446 962 auctum
1463 933 1498 964 et

80 989 261 1024 firmatum
281 983 402 1023 eorum
419 989 606 1033 imperium
627 1001 695 1022 non
712 989 848 1030 maius,
883 1000 989 1032 quam
1015 989 1061 1023 ab
1080 989 1283 1024 Hannibale
1300 989 1497 1033 periculum

81 1050 341 1096 ipsis-allatum
361 1063 447 1086 esse.
495 1052 630 1086 Mirum
651 1055 769 1085 autem
790 1050 889 1084 Viros
908 1051 1038 1084 Doctos
1060 1057 1134 1085 tam
1156 1051 1284 1095 planae
1304 1052 1498 1086 sententiae

83 1111 190 1146 verba
210 1117 316 1156 post
343 1114 626 1158 magnitudinem
649 1125 684 1147 n.
711 1113 755 1145 R.
782 1112 905 1146 obesse
927 1117 1036 1154 ratos,
1062 1126 1170 1157 quum
1194 1113 1262 1147 ista
1281 1113 1496 1158 praepositio

81 1184 163 1208 eum
182 1173 399 1208 substantivo
422 1175 608 1208 coniuncta
629 1175 766 1219 saepius
794 1173 868 1207 vim
890 1173 999 1207 totius
1027 1175 1282 1209 enunciationis
1304 1176 1495 1218 sustineat3

81 1235 128 1272 ef.
149 1236 224 1270 cat.
246 1236 286 1280 V,
304 1235 339 1271 6.
366 1236 469 1271 Hunc
495 1240 599 1281 post
628 1235 995 1271 dominationem
1022 1236 1063 1270 L.
1091 1237 1212 1271 Sullae
1239 1237 1357 1272 lubido
1381 1239 1495 1272 maxi-

15 1294 20 1310 ’·
80 1308 140 1331 ma
165 1297 345 1332 invaserat
372 1299 457 1344 reip.
478 1298 686 1342 capiundae.
734 1299 813 1344 lug.
834 1298 911 1341 XV,
936 1297 968 1332 4.
1003 1297 1125 1343 Neque
1152 1303 1259 1342 post
1285 1299 1496 1333 insidiae

30 1371 35 1385 ·-
80 1359 275 1405 Iugurthae
291 1361 398 1406 effuso
416 1361 567 1395 exercitu
583 1359 765 1404 praedari.
790 1359 877 1403 Nep.
891 1358 1112 1403 Attic.1X,5.
1136 1359 1248 1402 Quum
1268 1360 1332 1394 illa
1343 1361 1496 1405 fundum

81 1422 228 1463 emisset,
251 1433 361 1467 neque
383 1434 408 1468 p
420 1434 465 1456 os
476 1427 492 1456 t
514 1434 531 1455 c
542 1423 587 1455 al
599 1434 622 1455 a
636 1433 667 1455 m
679 1422 692 1454 i
701 1426 713 1455 t
725 1425 800 1455 ate
811 1432 844 1454 m
868 1432 1048 1455 versuram
1066 1424 1194 1465 facere
1211 1422 1394 1466 potuisset.
1419 1422 1496 1457 Ta·-

80 1481 138 1517 cit.
149 1483 235 1517 Anu.
245 1483 274 1524 1,
289 1482 346 1518 68.
376 1484 620 1530 Inguiomerus
645 1494 669 1528 p
681 1494 700 1516 o
711 1488 751 1517 st
778 1494 799 1515 υ
810 1495 833 1516 u
844 1483 885 1515 ln
898 1495 921 1516 u
932 1495 948 1516 s
977 1494 1137 1528 pugnam
1160 1483 1325 1518 deseruit.
1373 1483 1496 1518 lustin.

79 1544 173 1587 vlu,
187 1540 264 1587 1,'6.
293 1545 403 1588 Quasi
419 1557 445 1591 p
458 1550 526 1580 ost
553 1557 644 1579 arm
657 1556 680 1578 a
706 1549 751 1579 et
773 1544 792 1577 b
805 1545 942 1578 ellum
966 1545 1076 1578 locum
1098 1544 1238 1589 iegibus
1258 1546 1494 1590 reliquissent.

80 1605 142 1650 qui
158 1606 227 1641 loci
242 1607 401 1651 plerique
417 1607 535 1641 Cortio
553 1607 733 1641 debentur.
760 1605 973 1639 Gerlachius
998 1611 1117 1639 autem
1141 1617 1267 1650 parum
1292 1606 1494 1651 intelligen—

81 1670 154 1702 tem
178 1668 345 1703 orationis
371 1667 610 1702 Sallustianae
638 1680 675 1702 se
693 1667 879 1712 praebuit,
920 1656 1143 1701 insolentiam
1169 1666 1306 1701 dicendi
1330 1678 1492 1713 crepans.

81 1728 290 1773 quaenunt:
315 1733 388 1771 θείς
413 1733 507 1764 certe
529 1729 623 1774 quod
644 1730 807 1764 usitatius
833 1729 966 1764 dictum
989 1728 1123 1763 iudicat
1143 1728 1174 1762 si
1193 1728 1386 1764 Sallustius
1406 1730 1493 1764 scri—

80 1789 204 1834 psisset
218 1802 259 1824 ex
278 1803 344 1835 quo
363 1791 515 1824 Romani
533 1792 658 1835 magni
670 1791 789 1834 facti,
824 1791 861 1824 id
882 1790 1030 1835 vulgata
1047 1791 1160 1824 multo
1178 1795 1231 1824 est
1251 1791 1420 1828 deterius.

172 1852 210 1885 in
232 1852 425 1886 amicitiam
447 1852 626 1898 receptus]
664 1851 776 1886 PariS.
797 1852 834 1887 b.
857 1863 887 1886 c.
909 1863 940 1887 z.
974 1851 1078 1885 Misn.
1103 1852 1185 1887 Bas.
1205 1853 1239 1888 1.
1261 1853 1296 1888 4.
1320 1854 1431 1888 Fabr.
1456 1853 1490 1888 l.

80 1912 175 1947 Vtut.
194 1911 229 1946 3.
252 1913 372 1947 Guelf.
393 1913 428 1948 6.
447 1913 504 1948 11.
535 1915 572 1948 in
593 1914 773 1955 amicitia,
799 1913 893 1957 quod
912 1913 1070 1957 Cottius,
1097 1913 1274 1959 Langius,
1298 1915 1492 1949 Muellerus

79 1973 198 2010 Faber
212 1977 250 2018 Aet
268 1974 481 2009 Gerlachius
498 1979 573 2009 tum
590 1975 625 2008 in
648 1975 701 2008 ed.
722 1974 825 2018 mai.‚
863 1979 938 2008 tum
959 1974 994 2008 in
1017 1975 1228 2009 commonit.
1252 1986 1286 2020 p.
1308 1976 1389 2010 221.
1413 1988 1493 2011 am—

78 2035 172 2082 plexi
189 2039 280 2078 sunt.
325 2034 399 2071 Nos
414 2035 518 2069 istam
538 2035 754 2079 barbariem,
780 2047 887 2081 quam
910 2035 1031 2069 Cortio
1051 2039 1085 2070 et
1102 2036 1296 2071 Gerlachio
1316 2038 1493 2082 placuisse

79 2108 147 2131 non
161 2097 264 2132 debet
286 2095 418 2132 mirum
439 2096 564 2138 videri,
583 2108 652 2131 non
670 2097 826 2143 amplius
841 2098 1022 2132 ferendam
1043 2109 1237 2132 censemus.
1286 2099 1491 2134 Absurdum

80 2162 132 2193 est
146 2158 260 2202 enim,
283 2163 318 2194 et
336 2163 451 2194 rectae
469 2159 599 2194 rationi
621 2163 815 2205 repugnat,
841 2160 935 2204 quod
954 2159 1012 2194 isti
1029 2160 1153 2195 volunt
1167 2184 1177 2201 ‚
1202 2160 1400 2195 ablativum
1418 2161 1491 2205 pri·

80 2216 139 2254 'sco
156 2230 254 2255 more
270 2232 335 2264 pro
357 2221 557 2256 accusativo
575 2221 677 2266 poni,
716 2232 878 2265 quaeque
896 2222 941 2256 ad
960 2234 1039 2256 eam
1059 2234 1135 2256 rem
1153 2222 1374 2267 probandam
1399 2222 1489 2257 affo-

80 2283 206 2315 runtur
232 2282 392 2327 exempla
416 2287 478 2318 aut
504 2283 599 2318 male
630 2282 811 2317 intellecta
842 2286 923 2318 sunt
948 2288 1010 2318 aut
1038 2285 1232 2333 depravata
1251 2284 1383 2319 omnia.
1433 2285 1491 2319 Ita

80 2340 175 2386 quod
195 2353 238 2376 ex
251 2340 439 2392 Phaedro,
475 2356 544 2378 non
559 2343 692 2388 optimo
709 2343 895 2378 latinitatis
912 2351 1076 2388 auctore,
1112 2346 1264 2381 laudant
1286 2346 1375 2380 Fab.
1392 2346 1432 2389 V,
1453 2345 1487 2380 1.

79 2400 137 2437 25.
181 2395 333 2447 Quinam
349 2393 515 2440 cinaedus
531 2407 591 2441 ille
610 2407 648 2440 in
664 2412 846 2451 conspectu
866 2419 940 2442 meo
961 2408 1070 2441 audet
1089 2409 1220 2449 venire,
1245 2407 1392 2441 minime
1414 2408 1488 2442 huo

80 2463 251 2517 pertinet,
284 2476 392 2509 quum
409 2467 519 2502 verba
537 2469 574 2501 in
593 2473 775 2512 conspeetu
793 2480 868 2503 meo
888 2480 956 2502 non
974 2473 1057 2513 apta
1073 2469 1140 2504 sint
1163 2481 1184 2503 a
1201 2469 1338 2511 venire,
1363 2470 1422 2503 sed
1441 2470 1486 2503 ad

79 2537 206 2560 nomen
225 2525 421 2571 pertineant
444 2526 494 2561 ita
510 2531 550 2561 ut
565 2529 713 2563 verbum
730 2530 891 2564 absolute
906 2530 1061 2574 positum
1083 2531 1138 2572 sit,
1164 2531 1232 2564 hoc
1249 2543 1371 2565 sensu:
1408 2533 1494 2575 qni-7

15 2592 18 2595 '
79 2598 163 2635 nam
180 2586 346 2622 cinaedus
364 2589 444 2631 ille,
481 2589 541 2633 qui
568 2590 604 2623 in
622 2595 810 2635 conspectu
837 2603 918 2625 meo
943 2596 1016 2635 est,
1055 2593 1160 2626 audet
1191 2590 1264 2626 linc
1290 2592 1485 2626 accedere?

78 2646 180 2684 Nihil
207 2649 413 2684 insolentiae
443 2654 496 2684 est
513 2650 622 2685 etiam
647 2651 684 2685 in
700 2652 756 2685 his
776 2652 901 2687 Planci
922 2664 980 2697 ap.
1001 2652 1075 2686 Cic.
1099 2653 1189 2698 Epp.
1217 2654 1262 2688 ad
1278 2654 1416 2689 Famm.
1438 2655 1484 2696 X,

78 2709 144 2754 ll,
167 2710 203 2745 6.
242 2706 487 2747 Animadverti
514 2714 647 2747 nullum
675 2715 786 2748 alium
815 2720 991 2760 receptum
1018 2716 1207 2749 Antonium
1237 2717 1482 2761 reliquiasque,

77 2783 168 2818 quae
184 2784 262 2807 eum
279 2785 319 2808 eo
331 2766 462 2816 essent,
478 2774 618 2817 habere,
632 2775 702 2809 nisi
719 2777 757 2810 in
781 2775 804 2809 h
816 2776 855 2810 is
878 2788 904 2822 p
915 2781 990 2812 art
1001 2777 1043 2811 ib
1056 2789 1128 2818 us‚·
1147 2789 1216 2812 non
1235 2777 1369 2823 cogitat
1387 2777 1483 2811 enim

78 2838 207 2869 notum
225 2846 263 2870 se
280 2823 495 2879 recipientis,
519 2836 579 2871 sed
595 2838 707 2871 locum
731 2837 777 2871 in
801 2850 885 2882 quo
909 2843 1067 2884 receptus
1087 2844 1158 2881 est,
1192 2839 1285 2883 quod
1303 2838 1481 2883 intellige·
