1826 3276
512 188 884 234 IUGURTHA.
945 189 1067 233 CAP.
1101 190 1154 233 V.
1477 193 1535 235 83

137 309 360 355 aiensibus
396 314 442 354 et
471 313 608 371 capto
635 306 878 370 Syphace,
916 308 1038 354 cuius
1065 308 1112 353 in
1133 307 1291 354 Africa
1317 323 1535 370 mag-num

137 414 272 468 atque
305 407 395 452 late
429 407 668 468 imperium
704 406 863 465 valuit,
886 406 1097 468 ⁸populus
1125 406 1361 451 Romanus
1395 421 1534 466 quas-

135 529 327 564 auctoritas
362 540 431 564 non
462 532 598 566 tantum
631 529 744 571 valet,
779 532 818 563 ut
854 529 1022 574 vulgatae
1054 528 1293 574 praeferamus
1315 528 1352 563 ἰπ
1376 528 1535 563 amicitia

134 597 304 636 receptus,
329 602 420 636 quac
442 589 647 635 depravatio
669 601 711 623 ex
735 590 850 624 deleta
873 601 978 633 super
1001 602 1024 623 a
1047 576 1200 624 litteram
1222 590 1366 633 lineola,
1391 600 1538 624 accusa-

135 653 200 688 tivi
225 653 339 698 signo,
362 658 440 686 orta
463 655 524 686 est.
550 671 594 676 ——
619 651 780 684 Ceterum
805 650 848 683 dc
879 650 1073 683 Masinissa>
1090 663 1176 696 rege
1199 650 1273 684 iam
1299 651 1438 685 Cortius
1453 661 1536 684 con-

134 714 215 749 tulit
239 715 320 758 [Sil.
345 713 424 748 Ital.
448 712 507 753 16,
527 711 607 746 117.
631 712 718 757 Fun]
740 711 819 745 Liv.
844 711 972 752 XXIX,
998 711 1045 745 29
1056 723 1119 755 sqq
1150 711 1270 745 lustin.
1289 712 1486 753 XXXVIII,
1501 711 1537 746 6.

226 772 421 818 Africano]
459 773 565 807 Fabr.
591 773 625 807 2.
651 777 685 807 et
709 773 828 807 Gucll’.
853 772 911 806 1⁰.
945 772 1155 816 Africanus,
1189 771 1282 815 quod
1307 772 1446 806 Cortius
1469 783 1538 806 non

134 835 251 870 dicere
281 834 432 869 debebat
462 838 584 868 contra
615 845 750 868 morem
781 833 1011 868 classicorum
1043 834 1257 879 scriptorum
1290 843 1385 875 esse,
1428 843 1539 876 quum

133 895 388 931 nominativum
423 905 537 939 aeque
569 905 612 928 ac
643 895 804 930 dativum
829 906 851 929 a
874 894 1104 938 scriptoribus
1131 892 1297 939 usurpari
1328 893 1452 938 ingens
1476 893 1539 927 do·-

132 961 212 993 ceat
241 957 483 1001 exemplorum
515 967 694 992 numerus.
740 957 783 990 cf.
811 957 904 991 Gell.
928 957 1004 998 XV,
1030 955 1088 990 29.
1133 956 1312 990 Drakenb.
1337 955 1382 989 ad
1407 955 1485 989 Liv.
1507 955 1540 999 1,

132 1019 169 1062 1,
193 1018 228 1055 5.
256 1021 292 1054 et
319 1018 376 1052 11.
401 1017 502 1051 eund.
529 1017 573 1051 ad
598 1016 664 1051 Sil.
685 1018 748 1059 XI,
773 1017 826 1053 58.
860 1017 1074 1052 Ruddiman.
1099 1015 1225 1050 Institt.
1252 1015 1411 1051 Gramm.
1429 1016 1475 1052 T.
1492 1017 1537 1052 11.

132 1092 169 1126 p.
185 1079 267 1115 125.
303 1080 468 1125 Krueger
491 1079 535 1113 de
558 1079 708 1113 Attract.
731 1079 834 1124 Ling.
859 1079 936 1113 Lat.
961 1078 982 1123 ξ
1016 1077 1074 1112 20.
1099 1090 1133 1122 p.
1152 1077 1211 1112 43.
1237 1077 1359 1112 Bremi
1383 1078 1428 1112 ad
1452 1078 1539 1122 Nep.

132 1141 277 1177 Aristid.
302 1142 330 1183 Ι,
353 1141 386 1177 2.
418 1139 478 1186 qui
510 1141 596 1175 scite
626 1144 746 1175 monet
771 1139 991 1175 nominativo
1015 1138 1167 1174 nominis
1198 1139 1312 1182 posito
1338 1139 1540 1174 absolutam

134 1202 249 1239 videri
281 1202 358 1237 eius
389 1202 556 1237 vocabuli
580 1206 806 1237 structuram.
853 1201 965 1235 Plura
988 1201 1177 1235 decadem
1201 1212 1241 1234 re
1263 1200 1411 1244 protulit
1435 1199 1539 1234 Hoff-

133 1276 282 1300 mannus
304 1263 340 1299 in
364 1262 480 1298 Iahnii
503 1263 642 1298 Annali.
666 1263 799 1297 Philol.
823 1266 859 1296 et
881 1262 1039 1307 Paedag.
1065 1272 1099 1296 a.
1125 1260 1230 1297 1828.
1258 1262 1301 1296 Τ.
1323 1262 1368 1295 11.
1390 1263 1489 1296 Fasc.
1504 1260 1541 1295 1.

132 1339 167 1371 p.
192 1325 239 1361 13
275 1323 532 1360 nominativum
558 1336 600 1358 eo
623 1324 780 1359 maxime
804 1323 950 1358 consilio
974 1322 1293 1368 poni'observans‚
1326 1326 1365 1356 ut
1388 1323 1541 1358 nominis

132 1388 250 1422 sonna
283 1398 391 1431 quam
421 1386 684 1420 accuratissime
719 1389 973 1432 cognoscatur,
1017 1385 1122 1429 idque
1161 1383 1240 1418 fieri
1280 1387 1356 1419 tum
1386 1384 1448 1418 ubi
1485 1384 1542 1420 vis

132 1448 306 1493 quaedam
336 1446 506 1481 orationis
537 1447 757 1492 requiratur,
791 1452 867 1482 tum
903 1447 939 1481 in
977 1445 1174 1491 peregrinis
1199 1444 1397 1487 vocabulis,
1434 1444 1542 1480 tertio

133 1516 221 1545 casu
243 1509 419 1544 interdum
442 1508 558 1543 minus
581 1509 800 1554 conspicuis,
835 1519 1053 1553 quamquam
1086 1506 1298 1550 scriptorum
1331 1506 1480 1541 arbitrio
1503 1505 1541 1540 in

132 1571 190 1606 his
215 1571 367 1605 multum
390 1570 650 1604 concedendum
674 1571 729 1605 sit.
763 1571 866 1614 Quod
890 1569 1046 1616 Langius
1070 1572 1189 1602 autem
1211 1567 1321 1602 etiam
1344 1567 1541 1613 genitivum

133 1632 173 1667 in
203 1631 360 1666 formula
391 1631 477 1665 mihi
518 1637 586 1667 est
620 1644 746 1666 nomen
779 1632 862 1676 poni
896 1641 997 1675 posse
1030 1634 1170 1670 censet,
1203 1629 1333 1662 falsum
1367 1631 1440 1671 est3
1472 1639 1543 1673 quo

136 1691 231 1727 enim
263 1692 366 1726 unico
398 1693 560 1736 exemplo
602 1694 647 1727 ad
677 1694 713 1728 id
745 1693 965 1738 probandum
1004 1695 1170 1733 utuntur,
1211 1691 1328 1725 Plaut.
1363 1690 1543 1734 Amphitr.

135 1754 232 1789 Prol.
258 1765 310 1788 vs.
335 1753 393 1788 19.
423 1765 548 1788 nomen
578 1755 808 1790 Mercurii
833 1761 884 1789 est
907 1754 1016 1795 mihi,
1043 1756 1252 1796 corruptum
1280 1756 1355 1794 est,
1386 1752 1541 1786 scriben-

135 1814 290 1859 dumque
328 1814 518 1856 Mercurio,
563 1817 602 1849 ut
632 1815 746 1859 poscit
774 1815 940 1859 loquendi
972 1826 1079 1856 usus,
1125 1818 1222 1847 recta
1255 1812 1392 1848 rationo
1434 1813 1542 1848 nisus.

134 1875 227 1911 Nam
261 1887 370 1920 quum
399 1875 579 1921 genitivus
611 1876 788 1922 significet
819 1876 877 1920 id,
922 1877 1014 1926 unde
1054 1875 1189 1919 aliquid
1223 1874 1444 1918 desumptum
1477 1878 1541 1916 est,
1581 1886 1584 1892 ’

116 1924 202 1973 *isto
236 1949 320 1972 casu
351 1935 472 1982 nequit
504 1948 632 1972 nomen
664 1938 808 1981 efferri,
842 1938 936 1983 quod
959 1937 1039 1983 quis
1061 1946 1189 1971 revera
1211 1935 1333 1969 habet.
1381 1934 1464 1969 Alia
1485 1946 1543 1970 res

134 2002 210 2041 est,
231 1998 264 2033 si
286 1997 344 2032 cui
368 2010 411 2032 ex
433 1997 615 2032 abstracto
637 1999 814 2033 vocabulo
838 2010 965 2033 nomen
989 1998 1050 2040 fit3
1074 1996 1260 2042 quominus
1284 1994 1379 2030 enim
1403 1995 1543 2031 dicatur

108 2060 218 2101 fluuio
242 2071 283 2095 ex
305 2060 436 2095 virtute
460 2059 582 2094 Iusti
606 2070 796 2105 cognomen
812 2060 900 2104 suit,
925 2059 1016 2094 nihil
1039 2057 1197 2102 impedit.
1222 2076 1268 2083 --
1296 2057 1350 2090 De
1373 2069 1415 2092 ex
1439 2069 1543 2104 prae-

136 2120 308 2167 positione
338 2130 500 2155 caussam
529 2119 752 2166 significante
785 2133 819 2156 v.
852 2124 976 2156 notata
1008 2121 1053 2155 ad
1090 2120 1167 2157 eat.
1193 2119 1272 2161 XII,
1296 2118 1330 2155 2.
1354 2130 1389 2163 p.
1412 2118 1472 2156 63.
1495 2139 1540 2145 —

135 2183 192 2217 De
221 2182 372 2228 copula,
404 2193 475 2226 qua
509 2183 657 2217 multum
690 2195 771 2217 cum
803 2182 979 2218 adiectivo
1010 2180 1083 2216 alio
1114 2179 1299 2225 iungitur,
1332 2191 1366 2214 V.
1393 2181 1438 2215 ad
1460 2181 1541 2227 lug.

137 2244 213 2286 cll,
243 2243 300 2280 1⁰.
333 2263 380 2270 —
413 2244 498 2279 Rei
533 2244 774 2279 militaris
801 2244 970 2288 facinora
1006 2253 1071 2287 pro
1105 2241 1278 2275 militaria
1303 2243 1382 2284 sac.
1415 2243 1541 2277 eodem

63 2334 65 2337 ⁴
103 2295 107 2298 “
136 2305 243 2340 modo
266 2304 399 2340 «lictum
421 2308 495 2350 est,
521 2308 560 2340 ut
583 2305 677 2350 apud
700 2305 774 2341 Cic.
799 2317 835 2350 p.
860 2305 955 2339 Mur.
980 2317 1011 2339 c.
1036 2303 1093 2346 1⁰,
1117 2303 1176 2338 22.
1201 2303 1255 2337 rei
1279 2303 1447 2337 militaris
1467 2304 1541 2338 vir-

137 2371 205 2402 tus.
239 2365 350 2401 Com·-
397 2366 530 2408 Recte;
561 2367 620 2401 sed
651 2367 688 2403 h.
719 2367 746 2402 1.
780 2366 970 2402 Sallustius
1001 2363 1326 2408 circumscriptione
1355 2368 1542 2410 propterea

137 2427 190 2463 nti
213 2427 359 2473 maluit,
383 2439 428 2462 ne
449 2427 624 2464 adiectiva
642 2427 748 2463 nimis
770 2429 1048 2463 cumularentur.
1073 2445 1116 2450 —
1142 2426 1198 2460 De
1224 2426 1383 2471 Syphace
1405 2439 1439 2462 v.
1463 2428 1541 2463 biv·

136 2489 265 2532 xxw,
289 2488 336 2523 48
361 2501 437 2534 sqq.
475 2489 591 2533 XXX,
615 2489 662 2524 11
685 2500 758 2534 sqq.
795 2492 832 2524 et
864 2500 893 2522 c.
915 2488 963 2523 44
986 2500 1059 2533 sqq.
1104 2486 1254 2532 Appian.
1279 2487 1403 2524 Punic.
1425 2500 1460 2534 p.
1483 2489 1541 2524 14.

138 2549 195 2585 οιῐ.
219 2551 270 2586 H.
292 2549 355 2585 ste
378 2550 416 2585 h.

229 2562 401 2657 magnalia
423 2616 529 2657 atque
552 2611 626 2647 late
648 2611 832 2656 imperium
856 2612 989 2657 valuit]
1023 2612 1143 2656 Quam
1175 2610 1316 2645 Cottius
1341 2610 1542 2654 praeiverat

90 2694 99 2700 κ
138 2673 358 2716 sententiam,
384 2671 598 2708 adiectivum
621 2677 703 2707 cum
725 2672 892 2708 adverbio
915 2674 954 2710 h.
968 2674 993 2711 l.
1017 2673 1241 2708 coniunctum
1263 2672 1401 2715 haberi,
1425 2673 1542 2707 Muel-

138 2734 232 2768 lerus
255 2738 289 2768 et
313 2733 524 2769 Gerlachius
546 2733 698 2770 fideliter
727 2735 943 2779 repetivere,
978 2736 1087 2770 verba
1118 2734 1338 2780 interpretati
1367 2746 1538 2780 magnum

134 2795 242 2839 fnit
275 2800 381 2841 atque
405 2795 478 2830 late
499 2796 630 2841 patuit.
676 2795 747 2830 Sed
772 2795 817 2830 ad
841 2798 915 2831 tam
938 2807 1139 2842 perversam
1161 2797 1336 2831 rationem
1359 2794 1541 2831 stabilien-

208 2850 263 2912 11.
1231 2870 1261 2915 3
