1826 3276
442 160 809 205 IUGURTHA.
870 159 1000 204 CA'P.
1030 158 1153 203 XIV.
1437 164 1495 206 73

95 278 183 326 tres
239 280 483 340 conscripti
499 314 513 337 ,
572 279 788 338 quoniam
847 293 904 323 eo
952 277 1231 323 miseriarum
1279 283 1492 323 venturus

93 393 216 424 eram
239 410 254 434 ‚
299 378 462 423 vellem
503 377 654 438 potius
708 376 769 421 ob
823 391 925 420 mea
977 391 1115 436 quam
1161 377 1222 421 ob
1270 376 1492 420 maiorum

92 490 298 521 meorum
332 476 554 520 beneficia
591 490 728 535 posse
755 490 782 518 a
817 473 944 518 vobis
974 474 1183 518 auxilium
1213 479 1392 535 petere,
1438 490 1492 518 ac

93 589 303 620 maxume
347 572 504 619 deberi
554 572 661 616 mihi
708 571 934 616 beneficia
979 587 1007 615 a
1036 561 1222 632 *populo
1263 573 1491 630 Romano,

94 750 166 784 lam
190 747 377 784 transitum
399 746 477 781 fieri
500 757 543 781 ex
566 744 783 790 praegressis
806 744 851 779 ad
872 743 1064 789 sequentia,
1089 744 1134 779 de
1154 757 1224 790 quo
1244 759 1310 781 usu
1334 759 1366 783 v.
1391 749 1495 783 Frot-

93 810 258 846 seherum
281 809 326 844 ad
360 808 532 854 Quinctil.
554 808 600 852 X,
624 807 659 849 2,
683 806 741 841 20.
772 818 808 852 p.
834 805 916 841 128.
938 825 986 831 --
1008 806 1169 842 Meos-um
1200 808 1340 842 Cottius
1364 813 1496 844 temere

19 886 27 894 ⁵
91 871 246 916 delevit,
274 881 344 905 nno
368 870 444 904 cod.
466 869 594 904 Frano.
619 867 727 904 nisus.
774 868 872 903 Idem
893 868 1004 902 verba
1027 880 1051 902 a
1066 869 1184 911 vobis,
1208 880 1299 914 quae
1322 870 1358 904 in
1378 871 1495 906 Guelf.

93 934 149 972 10.
173 934 230 969 11.
254 936 291 969 et
312 931 412 968 Leid-
434 931 479 966 F.
503 931 640 972 desunt,
662 928 817 973 expulit,
843 929 937 973 qnod
961 940 1044 963 cum
1066 929 1259 965 sententiae
1285 931 1497 968 detrimento

92 997 227 1031 rantum
249 1006 325 1030 esse
347 997 441 1028 recte
463 992 637 1028 iudicavit
660 990 884 1027 Gerlachius.
932 989 1009 1026 Non
1033 995 1134 1036 optat
1162 992 1258 1027 enim
1287 993 1323 1027 in
1354 994 1496 1029 uuiver-

92 1067 172 1092 sum
193 1056 395 1098 Adherbal,
425 1059 466 1090 ut
495 1054 563 1089 sibi
587 1052 762 1089 auxilinm
788 1056 908 1098 petere
935 1052 1042 1088 liceat
1056 1080 1067 1098 ,
1090 1054 1151 1088 sod
1174 1057 1216 1088 ut
1242 1054 1320 1089 inre
1342 1056 1497 1100 quodam

91 1128 156 1154 suo
179 1130 205 1152 ιι
227 1117 396 1152 Romanis
429 1119 550 1162 petere
581 1114 701 1162 possit.
748 1114 818 1149 Sed
847 1125 902 1149 me
924 1125 1135 1159 pronomen,
1168 1117 1262 1160 quod
1285 1118 1395 1164 vulgo
1415 1122 1498 1154 ante

91 1180 204 1215 verba
226 1192 251 1215 a
272 1179 384 1214 vobis·
398 1178 549 1223 legitur,
583 1177 726 1212 Cottius
758 1179 854 1212 recte
885 1175 1027 1219 omisit,
1065 1177 1260 1212 Gerlachio
1291 1190 1360 1213 non
1396 1180 1496 1214 obse-

92 1245 220 1287 quente
241 1241 277 1276 in
301 1241 356 1277 ed.
379 1240 536 1282 maiore,
569 1249 786 1283 quamquam
809 1238 846 1272 in
868 1238 1081 1274 Commentt.
1108 1251 1143 1284 p.
1166 1238 1246 1274 233.
1271 1250 1341 1273 non
1363 1239 1499 1285 impro-

93 1305 176 1347 hat,
198 1303 236 1337 in
266 1303 322 1338 ed.
346 1301 540 1337 novissima
561 1304 679 1336 tamen
702 1300 890 1346 vulgatam
921 1311 1043 1335 rursus
1065 1313 1224 1346 sequens.
1271 1302 1380 1336 Deest
1402 1302 1497 1338 enim

92 1365 129 1402 ἰιι
151 1363 397 1409 antiquissimo
413 1362 492 1398 Vnt.
517 1362 573 1405 A„
598 1364 674 1396 tum
694 1361 730 1396 in
755 1361 836 1396 Vnt.
859 1361 896 1396 4.
921 1361 1040 1396 Guelf.
1065 1362 1100 1396 4.
1127 1362 1185 1399 12.
1211 1363 1292 1398 Seu.
1314 1363 1348 1398 2.
1368 1365 1499 1400 neusa.

20 1456 21 1459 ,
92 1427 201 1464 Bern.
227 1425 263 1462 1.
280 1424 316 1461 4.
339 1425 424 1461 Bas.
447 1422 481 1459 4.
505 1423 604 1459 Leid.
632 1425 676 1459 Ι).
707 1424 761 1466 G;
792 1423 830 1458 in
857 1423 935 1466 Erl.
965 1435 1050 1458 vero
1085 1428 1167 1460 ante
1195 1430 1320 1471 petere
1353 1426 1498 1472 legitur,

93 1490 187 1524 unde
217 1492 316 1534 patet
346 1498 370 1522 a
399 1485 557 1521 librariis
584 1486 755 1520 insertum
785 1496 879 1527 esse,
909 1485 971 1530 qui
1005 1486 1159 1521 subiecti
1194 1486 1334 1531 ellipsin
1370 1488 1407 1522 in
1430 1487 1497 1523 tali

92 1554 269 1587 structum
290 1560 361 1585 non
383 1549 564 1583 ferendam
586 1550 762 1592 putarent.
809 1546 882 1582 Sed
904 1558 936 1582 v.
960 1547 1005 1582 ad
1026 1547 1133 1582 Catil.
1151 1549 1282 1591 XXXI,
1300 1549 1336 1584 7.
1359 1562 1394 1594 p.
1414 1550 1496 1585 14⁴1.

93 1612 284 1647 Praeterea
305 1610 354 1645 ef.
377 1609 552 1656 Krueger.
572 1609 616 1644 de
631 1609 778 1644 Attract.
805 1611 838 1653 §.
852 1608 936 1645 133.
958 1621 994 1654 p.
1003 1609 1220 1646 337—315.
1238 1614 1275 1646 et
1291 1611 1500 1647 Walchinm

47 1676 50 1679 ’
95 1673 143 1708 ad
164 1672 255 1707 Tac.
278 1671 403 1718 Agric.
426 1683 458 1707 e.
484 1671 626 1706 XXVII.
650 1682 686 1714 p.
709 1669 779 1704 319
795 1682 870 1715 sqq.
898 1671 1045 1716 egregie
1067 1672 1112 1706 de
1134 1672 1204 1706 hoc
1227 1684 1293 1708 usu
1316 1674 1499 1719 disputan-

96 1738 159 1769 tes.
205 1733 335 1768 Nostro
357 1731 470 1778 igitur
492 1731 571 1767 loco
594 1743 704 1775 quum
726 1733 915 1777 praecedat
937 1735 1254 1769 vellem—mea
1271 1754 1316 1760 —
1332 1747 1500 1778 meorum,

94 1806 165 1830 non
188 1798 241 1830 est
262 1794 358 1839 quod
379 1793 576 1829 subiectum
599 1793 729 1829 diserte
751 1794 906 1839 positum
928 1795 1116 1833 desideres.
1140 1797 1186 1832 cf.
1209 1796 1304 1833 infra
1327 1809 1357 1833 c.
1380 1798 1502 1840 LXIV,

94 1855 130 1892 5.
155 1856 311 1898 Lxxw,
336 1855 542 1900 1.——Quae
563 1859 758 1900 sequuntur
779 1868 849 1890 non
873 1867 943 1891 nno
964 1856 1108 1891 nomine
1130 1860 1258 1892 vexata
1279 1861 1372 1892 sunt.
1419 1859 1501 1893 Pri-

95 1928 194 1953 mum
216 1916 356 1952 Curtius
380 1916 548 1961 benefida
571 1920 650 1961 post
672 1917 759 1951 mihi
781 1917 969 1962 expunxit,
1001 1919 1104 1953 nullo
1127 1918 1289 1953 codicum
1312 1920 1500 1964 praesidio,

95 1985 132 2015 et
152 1964 274 2024 aperte
295 1977 515 2013 obstantibus
536 1977 781 2022 sequentibns;
813 1989 897 2013 nam
921 1991 965 2014 ea
989 1997 1035 2005 —
1057 1981 1296 2015 desideranda
1315 2000 1361 2006 —
1375 1982 1502 2017 debitis

94 2052 164 2077 non
186 2040 257 2075 dici
278 2039 455 2085 potuisse,
479 2039 548 2075 nisi
571 2041 616 2075 ad
638 2051 886 2086 praegressum
907 2053 1036 2077 nomen
1059 2042 1304 2087 respiceretur,
1328 2047 1423 2078 recte
1445 2045 1502 2079 vi-

95 2102 148 2137 dit
171 2101 393 2138 Gerlachius.
439 2101 537 2136 Tum
567 2113 633 2147 pro
653 2104 842 2138 secundum
866 2114 910 2139 ea
933 2104 964 2138 ss·
987 2103 1154 2148 permulti
1178 2103 1262 2139 libri
1286 2105 1419 2141 habent
1441 2108 1504 2142 sed

97 2175 142 2199 ea
163 2163 195 2198 εἰ
216 2163 276 2198 vel
297 2164 360 2199 sed
383 2164 415 2199 si
438 2175 510 2206 σας
544 2165 728 2210 vulgatam
756 2176 841 2199 vero
864 2168 1006 2210 praeter
1029 2165 1142 2200 Prisc.
1167 2166 1262 2209 xlv,
1286 2167 1324 2211 1,
1345 2168 1378 2203 5.
1404 2168 1450 2205 Τ.
1473 2170 1502 2203 I.

96 2238 134 2271 p.
158 2224 240 2261 584.
265 2226 320 2260 ed.
352 2226 418 2262 Kr.
443 2229 585 2262 tuentur
608 2227 686 2262 Vnt.
710 2225 751 2262 A.
776 2227 859 2261 Bas.
885 2227 920 2264 1.
951 2227 1039 2262 Naz.
1064 2228 1169 2262 Rem.
1193 2228 1228 2263 1.
1260 2229 1294 2263 2.
1322 2230 1445 2264 Guelf.
1467 2231 1502 2265 2.

96 2287 132 2322 8.
155 2287 234 2321 vin.
253 2286 288 2324 1.
308 2287 344 2322 2.
367 2289 496 2322 Hense.
519 2288 602 2323 Sen.
625 2288 660 2323 2.
684 2289 783 2323 Vrat.
804 2288 840 2324 2.
868 2300 911 2323 ex
935 2289 1134 2325 Wassimiis
1157 2291 1261 2325 Bodl.
1282 2293 1326 2326 Γ.
1351 2295 1386 2326 et
1409 2293 1502 2338 Reg.

94 2347 216 2384 Leidd.
239 2347 283 2383 A.
302 2348 348 2383 Β.
370 2349 410 2383 G.
428 2350 471 2384 1).
491 2351 519 2385 1.
536 2350 581 2386 N.
631 2350 770 2385 Tamen
794 2351 837 2385 de
861 2362 964 2386 sensu
986 2362 1030 2386 ac
1048 2353 1092 2386 de
1108 2353 1345 2399 grammatica
1365 2353 1505 2389 ratione

46 2408 49 2409 ⁷
94 2409 204 2444 huius
225 2409 419 2454 scripturae
439 2410 647 2447 dissentiunt
669 2412 887 2457 interpretes.
936 2413 1078 2447 Cottius
1101 2414 1218 2460 enim,
1243 2426 1349 2460 quem
1373 2415 1503 2450 Gerla-

96 2470 199 2506 chins
219 2471 353 2516 aliique
374 2476 588 2517 sequuntur,
622 2474 805 2509 Prisciano
839 2479 984 2509 auctore
1016 2476 1203 2510 secundum
1228 2488 1293 2522 pro
1315 2477 1502 2522 praeposi—

96 2531 192 2567 tione
222 2533 332 2568 habet
356 2545 437 2568 cum
462 2546 506 2568 ea
530 2535 797 2582 coniungenda,
831 2535 1016 2580 Bipontini
1049 2541 1192 2581 antem,
1224 2543 1402 2574 commate
1425 2543 1505 2583 post

0 2588 23 2630 Τί,
97 2595 284 2630 secundum
316 2596 452 2640 posito,
484 2596 693 2632 adverbium
723 2609 800 2631 esse
826 2597 965 2641 volunt,
997 2598 1035 2633 id
1058 2600 1152 2644 quod
1183 2600 1342 2646 Langius
1364 2612 1504 2645 quoque

97 2656 331 2700 commendat,
353 2658 456 2692 nobis
478 2659 756 2694 assentientibus.
804 2659 845 2693 In
868 2663 1035 2705 promptu
1057 2664 1112 2695 est
1135 2661 1228 2697 enim
1249 2663 1502 2705 Adherbalem,

0 2713 2 2716 ’
22 2727 23 2730 ’
96 2728 206 2762 quum
228 2718 265 2753 in
287 2718 492 2755 universum
524 2724 680 2765 optasset
710 2725 849 2756 suamet
880 2722 989 2767 ipsius
1022 2724 1149 2758 merita
1173 2729 1335 2767 exstare,
1359 2728 1503 2770 propter

23 2769 58 2832 ’ξ
97 2784 191 2823 quae
212 2780 345 2816 anxilio
367 2781 495 2828 dignus
519 2782 710 2826 videretur,
732 2783 818 2818 huic
841 2788 966 2830 optato
987 2785 1201 2833 subiungere
1223 2787 1296 2822 duo
1319 2786 1404 2830 alia,
1427 2787 1501 2831 qui-
