1826 3276
343 151 429 191 ue
699 145 744 188 c.
773 144 1099 188 SALLUSTI
1129 121 1348 194 cmsm

346 261 578 321 pauciores
623 274 723 304 cum
757 259 984 318 pluribus,
1026 267 1101 306 aut
1142 262 1274 319 rudes
1319 278 1418 310 cum
1451 265 1572 313 bello
1605 276 1703 312 me-

311 357 336 396 5
349 356 528 401 lioribus
558 368 737 400 manum
772 362 1061 400 consererent.
1086 343 1091 349 ’
1131 357 1323 403 Proinde
1353 361 1498 420 parati
1528 333 1703 406 intenti-

348 465 436 511 que
466 455 611 495 essent
638 449 767 509 signo
796 448 902 494 dato
921 450 1150 496 Romanos
1179 427 1415 509 invadere3
1447 455 1571 501 illum
1589 457 1707 502 diem

348 551 424 590 aut
467 544 609 589 omnis
654 544 830 589 labores
874 551 919 591 et
959 547 1163 592 victorias
1206 549 1563 607 confirmaturum
1576 585 1591 610 ‚
1634 558 1712 597 aut

314 636 659 684 4maxumarum
705 655 1012 687 aerumnarum
1039 643 1207 688 initium
1240 643 1351 689 fore.
1416 635 1494 690 'Ad
1526 640 1616 690 ho'c
1642 647 1736 703 vis

350 735 489 792 ritim,
533 736 596 780 uti
638 751 864 796 quemque
900 737 960 782 ob
995 737 1183 782 militare
1217 738 1384 785 facinus
1419 742 1606 801 pecunia
1639 748 1715 786 aut

352 843 474 888 plicari
505 848 627 889 posset.
649 863 694 871 —
715 845 904 881 Prudentes
926 846 950 882 i.
974 858 1018 889 e.,
1040 850 1080 882 ut
1100 847 1270 892 oppositio
1300 848 1416 892 docet,
1438 850 1554 894 periti.
1598 850 1717 895 Neque

353 906 470 940 tumen
492 916 574 939 cum
597 905 717 940 Cortio
735 905 896 951 intelligo
917 907 1046 952 peritos
1068 908 1158 943 loci
1190 911 1232 942 ct
1261 909 1499 953 regionis,
1521 909 1581 945 sed
1603 912 1715 946 omni·
1775 916 1778 919 '

353 975 401 999 no
422 976 537 1000 rerum
557 975 700 1011 gnaros,
722 970 852 1008 cautos,
871 967 1111 1010 providos.·cf.
1137 963 1316 1012 Fragmm.
1339 969 1488 1005 Historr.
1508 971 1566 1012 IV,
1583 971 1639 1013 12,
1659 971 1715 1006 16.

358 1025 543 1060 Comitium
566 1030 617 1061 est
649 1026 732 1060 meis
762 1026 928 1065 militibus
957 1027 976 1060 b
990 1027 1073 1062 elli
1098 1028 1406 1071 prudentibus
1426 1047 1470 1056 —-
1492 1031 1617 1065 bellum
1639 1043 1719 1066 con-

348 1086 470 1130 jicere.
492 1086 530 1128 Ι,
552 1083 610 1121 25.
660 1086 868 1121 Prudens
901 1087 1113 1128 omnium,
1145 1099 1234 1132 quae
1259 1089 1406 1123 Senatus
1428 1095 1628 1132 emerat,
1658 1091 1720 1125 ubi

357 1145 496 1181 Gor-tius
517 1145 662 1180 contulit
684 1145 798 1180 Tacit.
822 1147 913 1182 Hist·
937 1147 989 1188 n,
1010 1146 1078 1190 25,
1100 1147 1132 1181 1.
1177 1147 1273 1182 Adde
1295 1149 1430 1185 Ernest.
1453 1149 1498 1183 ud
1521 1149 1630 1184 eiusd.
1651 1151 1722 1185 An·

359 1205 442 1238 null.
467 1205 493 1246 1,
515 1205 573 1241 ⁷0.
598 1208 633 1240 et
654 1204 875 1250 Oudendorp.
909 1207 954 1241 ud
971 1202 1084 1242 Caes.
1105 1208 1151 1242 B.
1176 1208 1215 1243 C.
1240 1209 1274 1252 Ι,
1297 1207 1354 1250 85,
1375 1208 1409 1243 3.
1458 1208 1620 1243 Ceterum
1641 1213 1724 1245 nota

358 1265 530 1309 duplicem
554 1269 762 1301 structuram
793 1277 835 1300 ex
866 1267 972 1301 verbo
1000 1268 1142 1311 provisa
1164 1271 1301 1311 uptam,
1334 1267 1486 1311 primum
1508 1269 1722 1312 accusativo,

358 1329 432 1359 tum
455 1331 495 1361 ut
517 1320 570 1361 ου’
586 1337 630 1360 ne
652 1325 832 1370 particulis
853 1326 1062 1368 subiunctis3
1088 1338 1123 1362 v.
1144 1328 1188 1362 ud
1211 1328 1240 1372 1,
1265 1327 1299 1362 2.
1322 1328 1424 1369 LXV,
1447 1327 1483 1363 2.

450 1388 482 1428 §-
504 1385 539 1421 3.
587 1386 707 1430 parati
728 1380 915 1431 intendique
937 1387 1116 1432 invadere]
1141 1387 1254 1421 Huius
1272 1390 1466 1422 structurae
1487 1398 1644 1422 cuussem
1666 1400 1725 1423 ex-

360 1444 565 1488 plicavimus
581 1445 626 1480 ad
643 1456 672 1479 c.
690 1446 812 1487 XLVI,
830 1445 864 1480 5.
883 1447 929 1481 cl'.
946 1447 1100 1492 Herzog.
1115 1446 1159 1481 ed
1181 1446 1346 1491 Quinctil.
1364 1447 1408 1488 X,
1426 1446 1460 1488 2,
1479 1446 1516 1482 7.
1533 1458 1567 1490 p.
1588 1447 1666 1483 143.
1678 1466 1726 1474 -·

362 1504 424 1540 111
437 1517 501 1540 um
524 1506 615 1543 diem
638 1505 750 1540 obiter
772 1517 953 1540 monemus
974 1518 1017 1541 ex
1037 1506 1239 1541 Latinorum
1261 1517 1327 1540 usu
1350 1505 1400 1540 itu
1422 1506 1556 1541 dictum
1579 1517 1663 1550 esse,
1688 1511 1728 1543 ut

359 1564 418 1599 ille
440 1565 476 1600 in
501 1564 817 1609 oratione-obliqua
838 1567 983 1600 eandem
1004 1567 1078 1600 vim
1099 1567 1230 1600 hebeat
1245 1592 1257 1607 ,
1287 1569 1392 1608 atque
1419 1565 1473 1614 hic
1499 1565 1543 1599 in
1573 1566 1730 1602 oratione

361 1630 478 1667 rectu
510 1626 608 1660 cuius
626 1625 678 1659 rei
700 1636 822 1659 caussa
843 1637 912 1659 non
935 1625 1071 1660 diversa
1091 1630 1142 1660 est
1163 1626 1209 1660 ab
1239 1636 1282 1659 eo
1305 1637 1388 1664 usu,
1419 1637 1490 1669 quo
1512 1625 1548 1659 in
1572 1627 1729 1662 oratione

361 1685 505 1729 obliqua
527 1685 571 1720 ud
594 1695 754 1730 praesens
775 1688 911 1728 tempus
929 1684 1196 1730 significandum
1218 1691 1297 1721 tunc
1319 1697 1388 1720 non
1408 1697 1497 1721 nunc
1519 1685 1731 1729 dicitur-„ut

363 1746 575 1780 ostendimus
603 1745 648 1779 ud
669 1756 699 1780 c.
723 1737 796 1786 XI,
826 1745 860 1780 6.
883 1745 1010 1786 XLVI,
1034 1746 1068 1781 1.
1114 1747 1167 1781 De
1195 1745 1398 1789 pronomine
1422 1756 1458 1780 v.
1481 1744 1587 1780 etiem
1608 1751 1728 1782 notatu

363 1807 408 1840 ud
431 1818 460 1842 c.
484 1807 542 1849 m,
571 1806 605 1841 4.
627 1806 714 1846 LVI,
737 1803 772 1839 4.
796 1805 897 1841 Catil.
921 1805 1056 1848 XLVII,
1078 1805 1111 1840 2.
1134 1827 1180 1835 —-
1212 1805 1265 1839 De
1293 1804 1411 1839 verbis
1431 1806 1578 1849 pecunia
1599 1809 1729 1843 estule-

363 1871 422 1902 mt
444 1878 478 1902 v,
502 1867 550 1902 ω.
570 1879 602 1902 c.
626 1864 805 1901 XXXVIII
819 1890 828 1905 ,
857 1863 891 1898 9.
922 1883 967 1890 -
1007 1865 1119 1907 Quum
1150 1865 1187 1899 in
1210 1863 1372 1908 epodosi,
1401 1865 1462 1899 ubi
1483 1875 1539 1900 res
1559 1867 1674 1901 subite
1695 1872 1730 1903 et

364 1926 541 1971 inopinata
563 1926 732 1965 infertur,
757 1935 836 1958 cum
861 1924 1047 1959 indicativo
1069 1923 1242 1966 construi,
1266 1923 1338 1958 iem
1361 1923 1510 1959 diximus
1531 1925 1575 1960 ud
1598 1922 1627 1964 e,
1652 1928 1730 1970 XII,

363 1984 398 2020 5.
430 1986 531 2021 Locis
555 1985 604 2020 ibi
629 1983 779 2018 laudatis
809 1984 897 2018 udde
926 1994 1015 2027 quoe
1046 1984 1184 2020 Cor-tius
1213 1983 1257 2018 ad
1289 1995 1318 2017 c.
1343 1984 1408 2026 LI,
1434 1983 1468 2018 2³..
1503 1987 1731 2030 comparavit,

363 2046 441 2093 Ing.
467 2045 622 2087 XCVIII,
646 2043 682 2078 2.
707 2044 763 2085 CI,
786 2043 820 2078 8.
843 2044 986 2088 Frugm.
1011 2043 1163 2078 Historr.
1185 2043 1254 2085 111,
1277 2042 1335 2087 22,
1357 2043 1390 2077 6.
1412 2044 1474 2086 III,
1494 2045 1551 2087 11,
1575 2045 1730 2083 2.,Curt.

363 2104 423 2150 IV,
440 2106 497 2147 16,
512 2105 543 2139 2.
566 2105 616 2140 ib.
641 2106 674 2146 §.
697 2103 753 2137 19.
777 2106 812 2138 et
832 2103 889 2136 21.
909 2121 954 2128 --
972 2103 1012 2136 Iu
1034 2103 1255 2147 sequentibus
1277 2103 1491 2147 conspicatur
1514 2106 1657 2141 debetur
1672 2107 1733 2142 uni

365 2165 566 2204 auctoritati
589 2163 715 2200 Donati
741 2164 787 2197 ud
808 2163 888 2198 Ter.
914 2163 1000 2197 Eun.
1025 2163 1070 2207 11,
1094 2163 1128 2205 3,
1153 2162 1224 2206 93„
1248 2163 1307 2207 qui
1331 2163 1492 2199 Sallustii·
1509 2166 1587 2201 loco
1609 2167 1730 2211 utitur,

364 2228 404 2260 ut
425 2224 634 2258 demonstret
658 2224 831 2268 despicor,
854 2223 945 2267 quod
969 2223 1060 2267 opud
1082 2216 1287 2258 Terentium
1310 2227 1381 2266 est,
1404 2224 1526 2258 eodem
1548 2226 1652 2261 modo
1669 2237 1732 2270 pro

366 2284 515 2328 despicio
539 2283 625 2327 dici,
652 2287 690 2318 ut
714 2284 887 2328 conspicor
909 2295 970 2327 pro
994 2285 1170 2329 conspicio.
1204 2283 1272 2318 Sed
1296 2284 1393 2319 codd.
1418 2285 1463 2319 ad
1483 2296 1592 2320 unum
1614 2296 1734 2324 omnes

367 2343 572 2388 conspicitur
592 2344 742 2386 hubent,
774 2344 866 2387 quod
899 2343 1055 2387 plerique
1076 2345 1224 2379 editores
1254 2343 1380 2389 ineptis
1401 2344 1599 2378 rationibus
1616 2345 1734 2379 defen-

327 2399 329 2401 *
368 2404 451 2437 dere
473 2404 695 2447 studuerunt,
723 2403 953 2447 Gerlachius,
974 2408 1139 2448 tunquam
1161 2405 1294 2439 nullam
1316 2404 1556 2441 difficultatem
1577 2403 1735 2445 heberet,

369 2464 442 2498 alto
462 2464 598 2498 silentio
612 2463 770 2499 tramisit.
809 2463 886 2498 Non
908 2468 1000 2499 recte
1019 2465 1204 2508 procedere
1224 2475 1362 2500 setinum
1381 2465 1548 2508 vulgatae
1570 2462 1643 2497 iem
1659 2474 1736 2498 sen-

369 2527 488 2559 serunt
519 2524 645 2559 Rivius
675 2529 709 2559 et
741 2524 953 2566 Glareanus,
983 2535 1094 2568 neque
1125 2530 1231 2570 negat
1260 2525 1397 2560 Gor-tius
1419 2524 1599 2558 Metellum
1622 2523 1738 2568 potius

370 2584 561 2628 Iugurthae
591 2585 782 2621 exercitum
813 2586 1021 2629 conspexisse
1054 2584 1122 2618 dici
1155 2585 1333 2627 debuisse,
1375 2595 1480 2627 quam
1512 2595 1537 2618 a
1565 2584 1737 2629 Iugurtha

372 2649 660 2688 conspectum
683 2656 800 2687 esse3
821 2645 881 2679 sed
903 2645 987 2679 satis
1006 2645 1154 2679 absurde
1175 2643 1347 2680 contendit
1366 2643 1482 2679 verbis
1501 2643 1738 2678 tautummodo

371 2715 509 2741 sensum
533 2703 736 2749 impeditum
765 2716 859 2746 esse,
891 2716 927 2740 re
955 2704 1214 2749 planissimum,
1246 2702 1416 2748 siquidem
1446 2703 1607 2739 Metellus
1628 2712 1654 2738 a
1680 2702 1739 2738 Iu-
