1826 3276
395 192 479 232 228
758 186 801 227 G.
831 185 1145 228 SALLUSTI
1174 187 1389 230 GRISPI

398 316 530 360 quam
577 315 632 344 eo
677 298 818 353 venit,
868 313 1133 356 quamquam
1177 302 1383 359 persequi
1418 301 1674 361 Iugurtham
1709 308 1754 345 et

397 395 566 440 mederi
603 394 822 436 fraternae
866 393 1053 438 invidiae
1098 394 1265 439 animus
1313 395 1518 452 ardebat,
1568 397 1753 456 cognitis

398 489 618 543 militibus,
653 503 763 546 quos
798 492 974 547 praeter
1002 489 1156 549 fugam
1191 491 1333 534 soluto
1363 490 1548 550 imperio
1581 491 1752 535 licentia

397 590 528 642 atque
557 583 733 626 lascivia
752 568 1029 643 corruperat,
1065 597 1118 626 ex
1154 585 1284 643 copia
1318 599 1464 630 rerum
1495 585 1641 629 statuit
1662 586 1754 629 'sibi

398 679 504 723 nihil
539 678 808 738 agitandum.

397 881 498 917 sicuti
520 886 733 922 convenerat,
754 891 853 914 arma
875 879 1024 924 capiunt.
1051 898 1095 904 --
1121 880 1333 925 Quamquam
1356 881 1405 915 ita
1426 880 1596 925 positum,
1631 883 1668 914 ut
1691 890 1757 913 non

397 945 557 986 sequatur
579 946 715 981 tamen,
737 928 987 974 illustravimus
1009 950 1113 983 supra
1136 940 1180 974 ad
1202 951 1232 973 c.
1256 941 1416 984 xxxln,
1436 940 1473 977 2.
1497 959 1541 966 --
1563 940 1633 974 Pro
1655 940 1756 972 ani-

399 1013 490 1035 mus
521 1001 667 1034 ardebat
691 1000 775 1034 olim
798 1000 979 1044 legebatur
1002 1000 1147 1033 animo
1171 999 1339 1040 ardebat,
1365 1003 1403 1033 ut
1425 1000 1530 1033 etiam
1553 997 1758 1034 Ger-lachin·

399 1060 435 1094 in
464 1063 559 1094 textu
594 1061 711 1094 babet.
758 1059 825 1092 Sed
850 1059 1080 1093 nominativus
1103 1062 1212 1093 exstat
1234 1058 1269 1092 in
1293 1059 1465 1092 nonnullis
1486 1061 1638 1103 Popmae
1659 1059 1755 1092 codd.

399 1119 517 1154 Struv.
540 1120 610 1154 luc.
634 1120 667 1155 1.
689 1119 724 1152 2.
757 1119 883 1152 Franc.
908 1119 1023 1154 Guelf.
1046 1118 1080 1152 7.
1106 1118 1160 1152 10.
1191 1118 1288 1152 Leid.
1309 1119 1352 1152 B.
1376 1119 1419 1153 1).
1443 1119 1487 1154 E.
1509 1120 1549 1153 F.
1572 1119 1617 1154 K.
1647 1117 1758 1153 Paris.

398 1178 442 1212 Β.
466 1178 511 1213 Ε.
544 1179 627 1212 Bas.
650 1179 684 1214 4.
714 1179 806 1212 Med.
834 1178 868 1212 1.
891 1178 925 1211 2.
949 1178 983 1214 4.
1006 1177 1041 1212 5.
1063 1177 1098 1212 8.
1121 1177 1175 1211 11.
1210 1178 1294 1212 Ven.
1317 1178 1350 1212 1.
1373 1178 1407 1212 2.
1431 1178 1464 1212 4.
1505 1178 1583 1212 Vnt.
1605 1177 1640 1212 2.
1662 1176 1696 1211 3.
1719 1176 1756 1210 4.

399 1237 514 1280 Misn.,
537 1249 604 1281 quo
620 1249 764 1272 numero
786 1238 925 1272 tandem
944 1241 1118 1281 permotus
1133 1237 1337 1271 Gerlachius
1358 1237 1395 1271 in
1406 1237 1610 1272 (lommentt.
1631 1248 1666 1280 p.
1677 1235 1758 1270 2³3.

401 1297 533 1330 animus
556 1298 692 1340 probat,
714 1298 750 1331 in
774 1298 826 1331 ed.
845 1287 1032 1331 norissima
1053 1295 1098 1331 ad
1120 1297 1298 1340 vulgatam
1320 1297 1482 1340 relapsus.
1509 1296 1603 1341 Quin
1625 1300 1760 1330 utrum-

400 1368 468 1400 que
490 1360 582 1391 recte
603 1357 671 1391 dici
694 1357 800 1400 possit
821 1367 888 1391 non
912 1359 962 1390 est
984 1355 1144 1396 dubium
1169 1356 1228 1389 sed
1250 1355 1482 1390 nominativus
1499 1356 1572 1390 h.1.
1585 1356 1760 1399 aliquanto

401 1417 478 1459 plus
503 1416 808 1450 commendationis
840 1417 970 1450 habere
999 1414 1137 1448 videtur
1165 1416 1211 1448 ab
1244 1427 1308 1450 usu
1330 1416 1460 1451 Latinis
1483 1414 1636 1459 proprio,
1661 1414 1759 1447 cuius

399 1475 540 1520 ignaros
571 1475 701 1510 scribas
732 1476 928 1510 ablativum
957 1474 1173 1508 substituisse
1207 1475 1387 1518 probabile
1418 1480 1480 1509 est.
1524 1475 1639 1519 Saepe
1664 1474 1759 1507 euim

400 1535 568 1569 vocabulo
592 1535 700 1568 animi
720 1535 771 1569 ita
792 1538 936 1569 utuntur
948 1534 1073 1575 Latini,
1101 1538 1138 1568 ut
1158 1534 1252 1568 vices
1271 1534 1436 1570 sustineat
1457 1534 1664 1578 pronominis
1682 1545 1760 1577 per-

400 1594 550 1636 sonalis,
574 1595 664 1637 quod
687 1595 745 1628 vel
766 1594 911 1628 subiecti
933 1593 969 1627 vi
992 1594 1027 1627 in
1049 1594 1156 1627 verbo
1181 1594 1274 1635 latet,
1298 1595 1354 1628 vel
1378 1594 1502 1628 diserte
1521 1594 1679 1628 additum
1701 1593 1759 1626 ob-

400 1654 482 1688 iecti
504 1655 618 1687 locum
637 1654 748 1687 rhabet:
762 1678 772 1695 ,
792 1653 924 1687 scilicet
945 1652 976 1687 si
997 1652 1054 1694 id,
1078 1653 1168 1696 quod
1192 1653 1234 1686 de
1255 1653 1373 1697 aliquo
1396 1653 1536 1687 homine
1557 1653 1593 1688 in
1617 1653 1758 1687 univer-

399 1725 478 1747 sum
500 1713 713 1753 ennnciatur,
735 1713 804 1746 tale
820 1716 881 1754 est,
905 1717 943 1746 ut
958 1713 1000 1746 ad
1015 1712 1170 1746 animum
1186 1713 1371 1756 pertinent;
1396 1711 1592 1756 v.Zumptii
1603 1711 1759 1746 Gramm‘.

401 1773 480 1807 Lat.
503 1774 535 1815 ς.
549 1772 607 1806 84.
633 1773 674 1806 A.
695 1772 730 1806 7.
754 1785 788 1816 p.
811 1771 890 1807 475.
913 1773 966 1807 ed.
992 1773 1049 1806 lv.
1083 1773 1432 1808 Pseudo-Sallustius
1455 1774 1498 1806 de
1519 1774 1610 1816 Rep.
1632 1773 1706 1806 ord.
1731 1773 1759 1812 Ι,

401 1831 437 1874 8,
459 1831 497 1866 9.
519 1833 574 1866 Ad
597 1832 876 1876 reprehendenda
891 1833 1006 1867 aliena
1023 1835 1126 1876 sacta
1147 1834 1246 1867 ardet
1268 1833 1419 1866 omnibus
1441 1833 1620 1866 animun.
1643 1831 1717 1865 Liv.
1733 1832 1760 1872 1,

401 1892 460 1934 22,
484 1891 519 1925 2.
547 1893 634 1926 Tum
657 1896 755 1926 aetas
776 1893 948 1936 viresque,
981 1897 1054 1927 tum
1078 1892 1175 1926 avita
1195 1893 1312 1936 gloria
1332 1893 1524 1926 animum
1549 1892 1759 1926 stimulabat.

403 1952 448 1992 11,
472 1951 530 1992 39,
556 1951 612 1984 12.
637 1953 836 1986 Sacerdotes
860 1963 988 1997 quoque
1006 1952 1174 1986 traditum
1197 1956 1247 1985 est
1269 1952 1374 1985 nihilo
1397 1951 1512 1996 magis
1533 1961 1634 1995 quam
1656 1951 1760 1995 lega-

405 2015 456 2044 tos
473 2011 612 2054 flexisse
635 2013 824 2046 animum
847 2024 895 2046 sc.
926 2011 1118 2054 Coriolani,
1151 2011 1174 2044 i.
1199 2022 1230 2044 e.
1261 2023 1349 2045 eum.
1394 2009 1533 2045 Similia
1563 2013 1643 2043 sunt
1670 2020 1760 2053 quae

400 2081 506 2114 supra
527 2071 722 2105 notavimus
745 2072 842 2106 ad‘c.
865 2071 926 2111 XI,
948 2070 981 2104 8.
1004 2071 1050 2107 cf.
1072 2082 1103 2104 c.
1124 2070 1231 2114 LXII,
1254 2070 1289 2106 8.
1313 2070 1418 2111 Lxx,
1441 2071 1472 2104 1.
1495 2068 1530 2104 5.
1553 2069 1709 2110 LXXXI,
1727 2070 1760 2103 l.

402 2149 447 2155 -—
462 2131 516 2163 Ex
532 2131 628 2174 copia
647 2142 760 2164 rerum
781 2130 915 2165 Cottius
932 2133 1022 2164 recte
1040 2130 1204 2173 explicat:
1227 2140 1289 2172 pro
1304 2140 1433 2170 rerum,
1457 2139 1544 2172 quae
1559 2133 1633 2163 tum
1649 2131 1759 2171 crant,

401 2193 495 2225 statu
517 2194 552 2224 et
573 2190 788 2231 condicione3
812 2201 846 2223 v.
870 2190 915 2223 ad
937 2201 967 2224 c.
992 2189 1076 2231 LIV,
1097 2189 1131 2223 9.
1146 2207 1191 2215 —
1206 2189 1257 2222 De
1278 2193 1447 2223 structura
1469 2189 1594 2224 statuit
1615 2190 1758 2234 agitan-

402 2250 484 2283 dum
513 2261 580 2283 non
611 2250 713 2293 plane
746 2260 925 2293 possumus
955 2249 1112 2283 assentiri
1135 2247 1276 2282 Bremio
1299 2248 1342 2282 ad
1365 2247 1453 2291 Nep.
1476 2249 1578 2283 Eum.
1600 2249 1697 2291 vul,
1721 2249 1756 2283 4.

402 2309 533 2343 Statuit
555 2309 688 2354 aliquid
709 2309 774 2342 sibi
795 2309 926 2342 consilii
947 2309 1027 2342 πουί
1049 2320 1120 2343 esse
1139 2320 1188 2342 ca
1196 2309 1241 2353 pi
1249 2308 1418 2341 endum.
1451 2307 1540 2342 Nam
1553 2309 1644 2352 quod
1658 2319 1758 2352 prae-

403 2368 488 2412 cipit
510 2369 549 2402 V.
573 2369 614 2403 1).
639 2368 840 2403 decernendi
871 2369 981 2403 verba
1008 2380 1071 2413 pro
1102 2369 1163 2403 inf.
1198 2378 1308 2412 praes.
1329 2367 1435 2402 activi
1464 2368 1672 2412 frequentius
1692 2368 1757 2402 ad-

402 2428 556 2462 iunctum
577 2429 707 2463 habere
727 2428 851 2472 partic.
873 2429 935 2463 fut.
958 2429 1084 2473 passivi
1106 2440 1185 2463 cum
1207 2439 1278 2463 esse
1299 2428 1510 2472 copulatum,
1533 2428 1657 2462 horum
1679 2438 1758 2460 ver-

403 2488 526 2522 borum
557 2493 701 2523 naturae
727 2491 910 2533 repugnat.
953 2489 1053 2533 Apud
1082 2489 1190 2524 bonos
1221 2490 1312 2522 certe
1342 2487 1524 2531 scripturos
1545 2491 1696 2521 statuere
1721 2486 1756 2520 in

402 2548 466 2582 tali
480 2551 652 2582 structura
668 2560 738 2582 non
754 2549 847 2583 valet
869 2549 1060 2591 decernere,
1081 2550 1140 2584 sed
1157 2559 1304 2591 censere,
1319 2552 1456 2592 putare,
1478 2546 1644 2587 iudicare,
1667 2546 1758 2579 unde

400 2607 587 2642 infinitivus
609 2607 860 2652 coniugationis
880 2608 1147 2653 periphrasticae
1168 2606 1323 2652 passivae
1345 2605 1394 2640 ita
1409 2605 1542 2650 pendet,
1564 2608 1603 2638 ut
1617 2604 1757 2649 propria

402 2666 439 2701 vi
461 2668 497 2701 itl
518 2667 708 2713 significet,
732 2669 822 2711 quod
840 2667 900 2715 cui
923 2679 1056 2702 necesse
1078 2669 1248 2702 videatur.
1272 2666 1317 2700 of.
1340 2665 1433 2700 infra
1455 2677 1486 2700 c.
1507 2664 1595 2706 mv,
1617 2662 1651 2698 5.
1679 2664 1756 2698 Me—

402 2727 502 2761 tellus
523 2727 694 2762 statuit
716 2728 785 2762 alio
807 2727 905 2763 motlo
928 2728 1052 2762 bellum
1074 2725 1329 2772 gerundum.
1351 2723 1424 2758 Cic.
1449 2735 1482 2768 p.
1502 2724 1632 2758 Cluent.
1642 2722 1680 2765 6,
1698 2722 1755 2756 16.
