1826 3276
436 175 831 219 -JUGURTHA.
895 176 1033 220 CAP.
1063 156 1252 218 ΧΧῙΧζ
1475 183 1559 225 ιστ

158 309 211 339 ac
246 308 394 354 pauca
435 293 662 353 praesenti
706 293 890 338 consilio
934 293 1109 338 loeutus
1148 293 1208 338 de
1243 293 1412 338 invidia
1445 295 1554 341 facti

143 391 245 448 sui,
278 397 414 450 atque
441 391 486 434 in
518 390 791 439 deditionem
824 391 884 435 uti
912 391 1208 451 acciperetur,
1242 391 1413 436 relicua
1434 409 1554 443 ‚cunr

152 487 307 533 Bestia
343 494 388 533 et
417 488 592 533 Scauro
628 494 800 532 secreta
835 489 1065 549 transigit3
1103 488 1208 533 dein
1236 495 1426 549 postero
1461 490 1551 550 die,

151 586 280 644 quasi
315 601 398 646 per
430 592 624 645 saturam
659 585 887 644 exquisitis
918 587 1158 638 sententiis,
1195 587 1238 630 in
1274 583 1550 633 deditionem

150 683 377 744 accipitur.
449 682 571 738 Sed,
627 683 690 726 uti
741 696 829 742 pro
882 683 1065 727 consilio
1118 683 1389 743 imperatum
1439 692 1586 744 erat,6

146 827 184 862 in
200 826 319 862 Guelf.
344 825 378 862 9.
402 828 518 860 autem
536 826 704 870 furtim
728 827 902 872 transegit
919 832 1052 862 secreta
1065 839 1079 868 ‚-
1105 838 1186 860 nam
1204 828 1334 871 snrtc‘m
1359 829 1476 874 glossa
1493 842 1547 866 se-

146 893 241 923 creto
261 886 422 931 adverbii
442 888 538 922 male
561 887 598 921 in
623 892 754 922 textum
779 888 932 932 irrepsit.
980 887 1051 922 Sed
1080 899 1187 932 quum
1225 889 1350 932 optimi
1383 890 1546 934 plurimi-

143 958 212 994 que
231 948 330 983 codd.
355 954 489 984 secreta
513 953 672 991 teneant,
705 949 817 994 possis
840 949 908 984 hoc
934 952 1082 983 fortasse
1106 948 1156 982 ita
1179 949 1384 993 defendere,
1415 955 1452 986 ut
1472 956 1542 987 sta-

141 1015 222 1046 tuas
255 1003 449 1054 qnasi‘per
483 1009 659 1055 prolepsin
693 1015 828 1044 secreta
852 1015 1035 1044 transacta
1069 1010 1161 1052 dici,
1194 1022 1284 1056 quae
1302 1012 1427 1047 Bestia
1449 1014 1542 1048 clam

140 1071 363 1117 transigendo
386 1071 547 1106 studebat
570 1078 608 1106 ut
632 1077 765 1106 secreta
787 1072 925 1115 flerent.
950 1094 996 1099 —
1025 1073 1209 1117 Transigit
1232 1077 1347 1107 exstat
1363 1074 1398 1108 in
1415 1075 1542 1110 Nazar.

139 1134 184 1168 Β.
209 1132 310 1168 Pulsi.
335 1123 420 1166 Bas.
445 1133 479 1168 1.
505 1133 603 1168 Leid.
630 1135 668 1169 L.
694 1133 738 1168 0.
762 1132 805 1167 N.
837 1134 943 1167 Bern.
969 1133 1003 1168 1.
1028 1133 1064 1168 3.
1097 1133 1216 1168 Guelf.
1240 1134 1274 1169 2.
1311 1135 1453 1169 Relicui
1475 1137 1538 1171 lm-

139 1196 221 1230 bent
243 1194 438 1239 transegit,
472 1194 564 1238 qnod
589 1193 807 1238 probabilius
833 1199 884 1228 est
907 1205 928 1228 a
952 1195 1076 1230 scribis
1099 1207 1163 1240 pro
1188 1197 1362 1240 praesenti
1386 1198 1540 1242 positum

138 1268 233 1298 esse,
257 1267 362 1300 quam
388 1259 519 1288 contra.
544 1255 591 1291 cf.
617 1267 646 1289 e.
669 1255 798 1297 Lvul,
823 1253 856 1289 5.
883 1275 928 1280 —-
953 1257 1043 1291 Dein
1067 1257 1103 1290 h.
1124 1257 1145 1290 l.
1171 1268 1292 1290 omnes
1316 1258 1412 1305 libri,⁴
1437 1271 1540 1303 prae-

137 1323 191 1361 ter
214 1317 332 1352 Guelf.
355 1315 436 1358 11.‚
459 1320 616 1358 servant3
651 1316 760 1352 hahet
786 1317 894 1352 etiam
917 1317 1043 1352 Festus
1067 1330 1102 1362 p.
1122 1317 1192 1352 219
1230 1318 1283 1352 ed.
1310 1319 1536 1358 Lindemann.

226 1380 328 1426 quasi
347 1390 412 1424 per
434 1378 607 1422 saturam]
643 1377 749 1412 Multi
773 1377 875 1412 codd.
901 1377 960 1411 sed
995 1378 1030 1412 in
1065 1378 1109 1412 iis
1140 1378 1228 1412 nulli
1253 1378 1408 1422 optimae
1432 1387 1536 1416 notae

133 1439 236 1485 φιαοί
265 1450 330 1484 ρετ,
363 1443 523 1474 saturam
553 1439 721 1485 legem,
765 1450 872 1484 quam
906 1438 1060 1484 ineptam
1093 1439 1398 1484 interpolationem
1432 1441 1533 1477 editt.

134 1500 266 1535 dudum
294 1503 513 1544 respuerunt.
571 1501 674 1544 Quae
705 1501 750 1535 ad
783 1512 859 1535 rem
895 1499 1070 1545 pertinent
1101 1501 1278 1535 uberrime
1310 1501 1534 1546 explicantur

132 1562 252 1597 vei-bis
271 1562 316 1596 Is.
332 1561 533 1595 Casauboni
555 1560 592 1595 in
615 1562 708 1596 libro
731 1563 774 1596 de
797 1563 989 1596 Romanor.
1012 1561 1131 1597 Satira
1148 1562 1191 1603 11,
1219 1562 1254 1596 4.
1299 1565 1531 1606 „,‚Saturam

132 1627 268 1658 veteres
283 1621 438 1656 Romani
469 1621 649 1664 dixerunt,
677 1622 883 1667 compendio
914 1622 1084 1657 sermonis
1116 1622 1191 1665 usi,
1228 1635 1336 1667 quum
1368 1630 1530 1660 saturam

131 1686 266 1719 lancem
289 1682 539 1728 intelligerent.
586 1684 673 1718 Erat
696 1683 776 1717 mos
802 1682 1042 1728 antiquorum,
1067 1685 1205 1729 quando
1231 1685 1362 1728 Cereri,
1385 1687 1530 1722 Baccho

130 1749 191 1781 aut
206 1743 288 1779 aliis
311 1743 378 1778 diis
402 1744 484 1790 agri
505 1755 621 1779 annua
644 1748 728 1779 vota
751 1744 926 1778 solverent
957 1755 1021 1788 pro
1044 1745 1136 1778 laeto
1162 1745 1308 1790 frugum
1332 1748 1527 1783 fructuum-

129 1819 198 1851 que
220 1810 412 1850 proventu,
446 1811 486 1840 ut
515 1805 692 1850 primitias
718 1817 837 1840 rerum
869 1805 1096 1839 collectarum
1122 1805 1158 1839 in
1182 1806 1321 1842 lancem
1346 1813 1528 1854 congestas

128 1868 256 1913 cuique
277 1869 353 1902 Deo
376 1878 439 1911 pro
463 1867 599 1900 ratione
622 1867 697 1901 eius
722 1867 834 1901 cultus
858 1865 1035 1900 offerrent.
1083 1866 1123 1900 In
1157 1866 1284 1902 ritibus
1309 1869 1527 1905 Graecorum

125 1928 329 1965 huiusmodi
339 1938 440 1962 saera
453 1926 612 1961 miscella
628 1932 801 1962 vocantur
815 1925 1032 1972 πάγκαρπος
1058 1929 1179 1964 θυσία
1199 1932 1240 1963 -et
1257 1931 1525 1976 πολυσπερμία.

125 1991 243 2028 Latini
266 2001 350 2025 vero
372 1990 488 2034 lances
509 1987 561 2022 ita
583 1989 731 2022 refertas
755 1989 939 2022 variarum
962 2000 1077 2022 rerum
1101 1988 1203 2033 copia
1228 1990 1347 2025 lances
1368 1997 1522 2037 saturas,

124 2054 184 2088 vel
211 2051 420 2096 simpliciter
445 2055 586 2084 saturas
620 2051 854 2094 appellarunt.
902 2051 1012 2085 Satur
1042 2048 1137 2084 enim
1167 2060 1232 2094 pro
1259 2053 1364 2096 pleno
1397 2057 1432 2089 et
1463 2054 1523 2089 cui

124 2114 215 2149 nihil
232 2096 369 2148 *deesset
391 2112 617 2156 usurpabant·
667 2111 725 2145 Sic
749 2112 841 2146 color
864 2117 964 2146 satur
998 2115 1064 2146 etc.
1111 2111 1395 2162 Ausimilitudine
1422 2114 1522 2150 huius

123 2174 236 2210 lancis
267 2173 374 2209 etiam
405 2173 558 2208 aliarum
590 2184 710 2207 rerum
742 2173 913 2207 mixturas
945 2173 1169 2217 appellarunt
1197 2178 1351 2209 saturus.
1398 2175 1521 2211 Festus

123 2237 178 2282 (p.
199 2235 281 2270 194.
299 2239 335 2269 et
357 2233 437 2269 425.
469 2235 524 2270 ed.
549 2235 716 2269 Gothol'r.
742 2245 775 2269 a.
799 2234 902 2270 1595.
926 2249 974 2265 =
1000 2245 1033 2278 p.
1051 2233 1132 2269 1⁴5.
1156 2237 1197 2290 etx
1214 2234 1295 2271 249.
1320 2235 1520 2282 Lindem.):

123 2302 291 2342 „saturm
315 2294 385 2330 eibi
407 2307 520 2342 genus
541 2307 584 2330 ex
599 2295 708 2330 variis
730 2297 835 2330 rebus
857 2295 1074 2330 conditum.“
1120 2296 1247 2330 Postea
1270 2296 1377 2331 etiam
1404 2298 1447 2332 ad
1464 2310 1520 2333 res

120 2357 265 2404 ingenio
288 2357 400 2391 factas
420 2357 543 2391 eadem
566 2368 635 2392 vox
659 2358 830 2392 translata
852 2362 916 2391 est.
963 2357 1064 2391 Unde
1088 2359 1141 2391 lex
1165 2362 1290 2392 satura
1323 2358 1360 2392 h.
1386 2371 1417 2393 e.
1448 2359 1518 2394 mi-

123 2419 251 2464 scella,
284 2418 338 2453 uti
367 2422 422 2452 est
443 2417 501 2452 lex
522 2417 612 2451 Iulia
635 2418 749 2462 Papia
772 2419 958 2463 Poppaea,
992 2418 1078 2462 quia
1109 2423 1144 2453 et
1176 2419 1289 2453 multa
1321 2424 1355 2454 et
1378 2419 1518 2455 diversa

122 2480 238 2526 capita
262 2478 471 2513 continebat.
520 2477 646 2512 Festus
669 2479 693 2512 1.
718 2479 762 2513 1.=
791 2484 937 2521 „satma
970 2483 1022 2513 est
1054 2480 1111 2513 lex
1134 2479 1252 2515 multis
1276 2481 1357 2515 aliis
1380 2482 1518 2527 legibus

122 2541 321 2577 confertn.“
369 2538 495 2584 Capita
527 2539 649 2586 legum
673 2539 827 2574 Romani
850 2540 945 2585 leges
967 2544 1118 2582 vocant,
1154 2545 1190 2575 et
1223 2541 1274 2577 ita
1296 2542 1358 2576 hic
1380 2543 1518 2579 Festus.

122 2601 364 2638 Glossarium:
386 2606 531 2643 natura,
557 2599 672 2646 νόμος
693 2601 811 2637 πολλοὶ
834 2600 1023 2647 περιέχων.
1069 2600 1164 2635 Hinc
1186 2607 1309 2638 natum
1333 2605 1517 2649 proverbi-

122 2675 202 2709 um:
231 2675 297 2709 per
327 2668 487 2698 saturam
514 2665 629 2709 legem
645 2666 766 2707 serre,
803 2675 912 2708 quum
941 2662 1070 2707 raptim
1102 2674 1215 2707 neque
1244 2665 1383 2701 viritim
1415 2665 1517 2700 dictis

121 2724 298 2760 sententiis
320 2724 455 2769 aliquid
478 2728 653 2759 senatores
676 2724 920 2767 decernebant,
944 2727 991 2767 et,
1014 2727 1055 2758 ut
1078 2726 1173 2769 apud
1194 2726 1339 2762 Festum
1362 2727 1517 2773 loquitur

123 2783 288 2828 Laelius,
323 2785 424 2829 quasi
443 2796 508 2831 per
530 2790 694 2836 saturas*
719 2786 898 2821 sententiis
922 2785 1171 2832 exquisitis.““
1215 2788 1398 2822 Postrema
1421 2786 1517 2821 Festi
