1826 3276
397 180 453 221 5⁰
756 175 802 218 C.
831 171 1156 216 SALLUSTI
1185 172 1407 216 GRISPI

365 291 542 346 2Nam,
569 295 617 333 ut
650 289 733 332 alia
766 300 930 347 magna
956 290 1002 330 et
1034 286 1219 346 egregia
1252 293 1328 331 tua
1361 286 1583 343 omittam,
1618 286 1765 332 novis·-

398 451 481 495 poni
498 451 622 484 debere
638 451 832 490 censerent,
856 446 971 480 verbis
987 446 1018 479 si
1031 447 1225 491 genuissem
1243 446 1348 481 facile
1363 458 1405 483 eo
1427 447 1550 482 adduci
1570 451 1767 493 potuerunt,

397 515 436 545 ut
457 510 568 543 liberis
595 508 818 542 intruderent.
864 506 1048 539 Praeterea
1075 517 1144 539 non
1171 507 1419 552 negligendum
1434 531 1444 549 ‚
1467 507 1498 542 si
1512 509 1694 553 vulgatam
1712 521 1765 543 re-

396 570 517 610 tineas,
532 569 573 601 ob
598 567 761 609 beneficia
778 565 884 598 etiam
904 565 948 599 ad
969 566 1091 599 liberos
1109 566 1233 600 referri
1251 567 1375 600 debere
1386 593 1396 609 ,
1428 567 1520 611 quod
1535 568 1638 611 plane
1658 568 1766 602 abso-

396 639 479 660 num
502 630 572 668 est,
612 636 719 669 quum
753 624 902 667 Micipsa
947 625 1141 670 Iugurthae
1168 629 1302 661 tantum
1327 632 1485 669 respectu
1513 626 1683 661 beneficia
1702 638 1766 662 sua

396 691 573 720 memoret.
613 685 695 719 Inde
712 683 818 718 etiam
834 683 1053 727 consequitur
1067 695 1184 718 errare
1199 678 1388 719 'Gruterum
1405 690 1440 719 et
1459 685 1681 729 Muellerum,
1705 686 1765 730 qui

394 745 510 779 locum
533 756 600 779 non
621 754 742 778 sanum
760 742 899 786 quidem
918 746 1060 786 putent,
1094 744 1151 778 sed
1169 745 1308 788 perinde
1326 757 1399 779 esse
1415 748 1566 779 statuant
1584 749 1699 779 utrum
1722 746 1782 780 1⁸2.

396 805 483 838 beris
498 815 542 838 an
556 805 586 837 si
602 804 796 848 genuissem
812 802 1008 837 abiiciatur.
1027 792 1227 848 —·¹Falsum
1245 817 1278 838 m
1290 816 1308 839 e
1332 805 1452 839 habuit
1470 805 1626 848 plerique
1646 816 1766 840 omnes

394 864 523 898 habent
542 864 642 904 libri3
666 874 719 897 me
742 866 860 896 tamen
880 862 973 896 deest
1000 862 1036 895 in
1059 862 1174 896 Guelf.
1193 863 1226 897 3.
1255 863 1287 898 4.
1309 864 1357 906 6.,
1385 869 1465 898 ante
1481 861 1615 908 falsum
1635 863 1767 910 legitur

395 924 431 957 in
448 924 539 958 Med.
561 923 595 958 4.
617 923 693 956 Vat.
715 921 768 965 4.,
800 926 876 965 post
902 921 1023 956 habuit
1051 921 1087 955 in
1116 923 1208 956 Med.
1222 923 1256 957 8.
1283 925 1358 958 Vat.
1374 925 1421 965 1.,
1445 933 1521 967 qua·
1537 922 1766 966 discrepantia

395 983 591 1018 confirmari
613 983 664 1017 ait
682 982 889 1017 Gerlachius
908 982 1017 1016 Cortii
1033 982 1216 1023 rationem,
1240 983 1299 1025 qui
1317 983 1475 1016 voculam
1493 982 1634 1025 expulit.
1656 981 1766 1016 Nobis

394 1044 480 1078 istae
498 1043 707 1078 variationes
731 1043 819 1077 tales
844 1042 1014 1083 videntur,
1047 1053 1135 1086 quae
1151 1041 1264 1086 potius
1281 1041 1406 1085 scripto
1422 1052 1444 1075 a
1457 1042 1623 1076 Sallustio
1639 1052 1766 1086 prono-

394 1103 487 1137 mine
500 1128 510 1147 ,
535 1113 638 1146 quam
656 1113 698 1136 eo
730 1102 856 1136 omisso
881 1101 967 1136 oriri
990 1102 1178 1146 potuerint,
1199 1101 1350 1135 maxime
1371 1102 1517 1145 proclivi
1535 1102 1578 1135 ad
1595 1101 1764 1136 eiusmodi

394 1174 525 1197 errores
544 1162 808 1196 describentium
823 1165 947 1196 mente.
995 1162 1047 1194 Ad
1064 1162 1131 1195 hoc
1147 1173 1199 1195 me
1216 1161 1376 1195 firmatur
1393 1161 1591 1196 testimonio
1605 1160 1763 1204 Quincti-

390 1222 474 1255 liani
490 1221 612 1255 Institt.
629 1232 680 1256 or.
702 1223 764 1264 lx,
791 1222 825 1264 3,
843 1222 899 1256 12.
921 1221 1012 1254 hunc
1032 1220 1119 1256 Sall.
1142 1221 1257 1254 locum
1272 1221 1456 1255 afferentis.
1470 1239 1517 1246 —-·
1542 1221 1682 1254 Falsum
1699 1221 1764 1254 Ιιω-

392 1282 464 1316 buit
491 1281 668 1324 aliquanto
691 1282 834 1327 gravius
861 1282 994 1315 dictum
1021 1291 1094 1314 esse
1119 1291 1221 1323 quam
1240 1282 1373 1324 fefellit
1399 1283 1490 1324 patet
1512 1292 1553 1314 ex
1573 1281 1700 1315 notatis
1717 1280 1763 1315 ad

391 1341 496 1377 Catil.
515 1341 641 1384 xxm,
659 1341 694 1374 4.
712 1352 746 1384 p.
762 1341 841 1375 lli.
862 1341 908 1374 cf.
930 1335 1005 1385 lug.
1029 1341 1200 1383 LXXXV,
1219 1341 1253 1375 7.
1286 1340 1423 1375 Cottius
1447 1341 1482 1374 h.
1501 1341 1523 1375 Ι.
1541 1340 1763 1385 comparavit

391 1400 467 1434 Liv.
490 1401 650 1442 xxxlx,
666 1401 722 1443 29,
742 1400 777 1436 9,
827 1402 894 1444 Qui
912 1402 988 1434 uias
1005 1401 1192 1435 latrociniis
1206 1411 1403 1445 pascuaque
1419 1401 1558 1445 publica
1587 1402 1600 1435 i
1607 1404 1762 1445 nfesta

391 1460 413 1493 h
426 1472 448 1493 a
460 1461 478 1493 b
493 1473 514 1493 u
527 1472 545 1493 e
557 1472 574 1493 r
583 1472 636 1493 απ
645 1465 670 1494 t.

481 1522 512 1561 §-
535 1519 570 1553 2.
617 1520 692 1554 alia
713 1531 846 1564 magna
869 1523 903 1554 et
928 1520 1075 1565 egregia
1090 1521 1170 1563 tna]
1194 1520 1296 1554 Multi
1313 1520 1410 1554 codd.
1430 1523 1507 1564 post
1524 1524 1596 1565 tua-V
1605 1518 1762 1553 additum

391 1579 517 1613 habent
529 1580 712 1621 facinora,
734 1579 825 1623 quod
844 1580 997 1623 Langius
1011 1590 1147 1623 quoque
1164 1579 1319 1622 repetiit;
1342 1579 1377 1613 in
1402 1579 1480 1614 aliis
1490 1582 1593 1622 facta
1619 1579 1760 1624 legitur,

391 1639 450 1672 sed
475 1643 637 1674 neutrum
665 1638 874 1683 conspicitur
896 1638 933 1672 in
960 1641 1035 1674 Vat.
1063 1641 1103 1673 A.
1132 1639 1214 1673 Bas.
1231 1639 1266 1673 1.
1288 1639 1368 1672 Sen.
1390 1638 1424 1675 1.
1455 1638 1552 1675 Leid.
1568 1639 1607 1673 1..
1633 1638 1760 1673 Aroud.

392 1699 505 1732 Mark.
527 1700 569 1732 Γ.
594 1702 637 1734 Λ.
661 1699 771 1733 Paris.
792 1711 820 1732 c.
839 1710 872 1734 x.
901 1709 932 1735 z.
954 1699 1194 1742 nonnullisque
1213 1698 1311 1740 aliis,
1336 1710 1420 1742 quos
1444 1697 1580 1733 Cortius
1595 1702 1687 1732 recte
1703 1708 1759 1733 Ιο-

392 1761 492 1792 cutus
508 1762 569 1792 est.
617 1759 671 1792 Ex
689 1761 806 1804 glossa
826 1757 918 1792 enim
941 1761 1126 1801 utrumque
1148 1758 1399 1792 substantivum
1417 1757 1599 1793 accessisse
1615 1768 1683 1791 non
1701 1767 1760 1791 so-

390 1818 462 1852 lum
488 1819 594 1862 ipsius
619 1819 688 1853 loci
713 1819 804 1853 ratio
830 1822 866 1853 et
894 1817 1052 1852 codicum
1081 1816 1253 1851 dissensus
1277 1818 1442 1861 ostendit,
1465 1818 1523 1852 sod
1541 1817 1646 1851 etiam
1662 1816 1761 1852 varia

390 1879 555 1912 vocabuli
579 1880 697 1921 sedes,
727 1879 897 1922 siquidem
919 1880 1024 1920 facta
1046 1876 1082 1910 in
1107 1877 1186 1911 aliis
1212 1882 1291 1912 ante
1313 1883 1398 1920 tua,
1420 1877 1457 1911 in
1483 1877 1560 1911 aliis
1577 1881 1654 1921 post
1677 1888 1760 1921 pro-

391 1949 513 1973 nomen
533 1939 692 1974 habetur.
716 1939 761 1972 cl'.
783 1938 861 1973 Liv.
882 1938 993 1978 XXX,
1019 1936 1075 1979 30,
1097 1936 1130 1970 4.
1183 1938 1258 1971 Tibi
1280 1938 1369 1971 inter
1392 1938 1536 1971 multa
1558 1937 1758 1982 egregia

391 2010 460 2032 uon
480 2001 515 2032 in
538 2001 667 2034 ultimis
690 1998 831 2031 laudum
855 1997 915 2030 hoc
932 1998 1054 2039 suerit.
1081 1997 1165 2040 Nep.
1183 1997 1226 2030 de
1244 1998 1396 2041 Regg.1‚
1416 1996 1449 2031 3.
1490 1997 1596 2031 Xerxi
1609 1997 1758 2030 maxime

393 2063 444 2092 est
467 2059 671 2100 illustre,
695 2059 784 2103 quod
809 2076 852 2084 —
879 2058 1002 2091 bellum
1031 2057 1150 2090 intulit
1177 2057 1357 2092 Graeciae.
1381 2057 1428 2091 id.
1444 2056 1622 2102 Thrasyb.
1640 2057 1701 2098 ul,
1720 2055 1756 2090 8.

394 2118 694 2153 Praeclarum
717 2120 779 2152 hoe
799 2129 930 2162 quoque
949 2117 1164 2160 Thrasybuli.
1593 2157 1596 2160 ι

480 2176 619 2212 rediens¹
644 2178 855 2221 Numantia]
889 2178 1038 2212 Rediens
1061 2176 1270 2211 Gerlachius
1292 2175 1328 2209 vi
1357 2174 1683 2219 plusquamperfeoti
1709 2174 1757 2209 si-

389 2236 556 2280 gnificare
578 2242 675 2280 putat
696 2249 799 2282 quum
825 2238 991 2280 rediisses,
1014 2237 1104 2280 quod
1127 2248 1194 2272 non
1212 2238 1312 2280 plane
1330 2240 1528 2270 accuratum
1551 2235 1755 2278 iudicamus,

390 2297 547 2338 quamvis
572 2297 712 2341 plurimi
737 2297 827 2339 sint,
850 2297 908 2340 qui
934 2297 1120 2341 praesentis
1138 2297 1318 2341 participio
1347 2294 1568 2340 praeteritam
1586 2296 1757 2340 planeque

389 2355 584 2389 absolutam
602 2358 774 2391 actionem
792 2357 982 2402 significari
1001 2362 1183 2397 censeant3
1211 2358 1255 2390 ef.
1278 2357 1359 2390 Ger.
1385 2357 1413 2391 1.
1431 2357 1529 2391 Voss.
1546 2356 1589 2388 de
1608 2355 1754 2399 Analog-

388 2414 446 2458 lv,
465 2415 521 2450 14.
543 2426 577 2458 p.
597 2415 677 2450 233.
703 2417 875 2450 Drakenb.
905 2417 950 2450 ad
973 2416 1048 2450 Liv.
1074 2417 1118 2458 11,
1146 2416 1202 2458 19,
1221 2416 1254 2450 8.
1287 2416 1472 2449 Ruhnken.
1498 2415 1542 2449 ad
1562 2414 1645 2450 Ter.
1665 2415 1754 2455 Eun,

388 2474 431 2514 ll,
452 2474 487 2515 2,
505 2474 539 2508 3.
565 2475 744 2510 Heindorf.
770 2476 814 2510 ad
831 2476 920 2510 Hor.
939 2477 1010 2511 Sat.
1041 2477 1068 2518 1,
1088 2475 1122 2517 5,
1141 2477 1197 2510 95.
1222 2477 1397 2511 Kuelmer.
1418 2476 1461 2509 ad
1480 2474 1552 2507 Cic.
1575 2474 1685 2510 Tusc.
1709 2473 1754 2515 11,

390 2533 448 2575 25,
467 2534 524 2568 61.
548 2535 759 2569 Ramshorn.
788 2537 983 2570 Grammat.
1010 2537 1085 2570 Lat.
1110 2538 1142 2578 ἓ.
1166 2537 1243 2570 171.
1267 2537 1293 2570 Ι.
1315 2540 1383 2570 not.
1402 2535 1435 2570 2.
1453 2546 1485 2568 a.
1500 2545 1534 2578 p.
1552 2533 1631 2567 465.
1656 2534 1695 2567 F.
1712 2534 1753 2569 A.

389 2594 496 2629 Wolt'.
525 2595 568 2627 ad
589 2594 681 2628 Suet.
709 2595 806 2629 Caes.
828 2595 885 2631 20.
908 2602 941 2630 et
964 2596 1020 2630 37.
1045 2597 1183 2630 Walch.
1204 2596 1239 2629 in
1258 2595 1452 2628 Emendatt.
1473 2594 1571 2628 Livv.
1592 2605 1626 2637 p.
1641 2593 1698 2627 82.
1717 2595 1760 2626 et*

389 2653 432 2686 ad
449 2652 565 2687 Tacit.
584 2654 738 2698 Agricol.
758 2665 787 2688 c.
811 2656 965 2689 xxvlll.
979 2668 1011 2700 p.
1023 2656 1102 2690 322.
1150 2657 1219 2700 Qui
1238 2657 1305 2688 duo
1323 2654 1525 2698 posteriores
1542 2662 1752 2696 quamquam

385 2717 478 2749 recte
504 2718 707 2750 monuerunt
734 2714 814 2748 inde
842 2719 957 2750 ortum
988 2727 1062 2751 esse
1094 2716 1187 2750 hunc
1211 2714 1395 2761 participii
1426 2712 1611 2758 praesentis
1636 2721 1737 2746 asum
