<?xml version="1.0" encoding="UTF-8"?>
<!DOCTYPE html PUBLIC "-//W3C//DTD XHTML 1.0 Transitional//EN"
    "http://www.w3.org/TR/xhtml1/DTD/xhtml1-transitional.dtd">
<html xmlns="http://www.w3.org/1999/xhtml" xml:lang="en" lang="en">
 <head>
  <title>
</title>
<meta http-equiv="Content-Type" content="text/html;charset=utf-8" />
  <meta name='ocr-system' content='tesseract 3.04.00' />
  <meta name='ocr-capabilities' content='ocr_page ocr_carea ocr_par ocr_line ocrx_word'/>
</head>
<body>
  <div class='ocr_page' id='page_1' title='image "./operaquaesupers02salluoft_0142.png"; bbox 0 0 1826 3276; ppageno 0'>
   <div class='ocr_carea' id='block_1_1' title="bbox 317 171 1378 216">
    <p class='ocr_par' dir='ltr' id='par_1_1' title="bbox 317 171 1378 216">
     <span class='ocr_line' id='line_1_1' title="bbox 317 171 1378 216; baseline 0 0"><span class='ocrx_word' id='word_1_1' title='bbox 317 199 323 206; x_wconf 85' lang='lat'><strong>.</strong></span> <span class='ocrx_word' id='word_1_2' title='bbox 369 177 453 216; x_wconf 81' lang='lat'><strong>120</strong></span> <span class='ocrx_word' id='word_1_3' title='bbox 734 172 779 215; x_wconf 87' lang='lat' dir='ltr'><strong>C.</strong></span> <span class='ocrx_word' id='word_1_4' title='bbox 810 171 1128 214; x_wconf 87' lang='lat' dir='ltr'><strong>SALLUSTI</strong></span> <span class='ocrx_word' id='word_1_5' title='bbox 1158 171 1378 216; x_wconf 85' lang='lat' dir='ltr'><strong>CRISPI</strong></span> 
     </span>
    </p>
   </div>
   <div class='ocr_carea' id='block_1_2' title="bbox 292 266 1735 451">
    <p class='ocr_par' dir='ltr' id='par_1_2' title="bbox 292 266 1735 451">
     <span class='ocr_line' id='line_1_2' title="bbox 373 266 1733 350; baseline 0.003 -19"><span class='ocrx_word' id='word_1_6' title='bbox 373 287 431 331; x_wconf 85' lang='lat' dir='ltr'><strong>de</strong></span> <span class='ocrx_word' id='word_1_7' title='bbox 490 266 764 344; x_wconf 78' lang='lat' dir='ltr'><strong>carthagine</strong></span> <span class='ocrx_word' id='word_1_8' title='bbox 816 290 966 329; x_wconf 85' lang='lat' dir='ltr'><strong>tacere</strong></span> <span class='ocrx_word' id='word_1_9' title='bbox 1020 285 1175 329; x_wconf 86' lang='lat' dir='ltr'><strong>melius</strong></span> <span class='ocrx_word' id='word_1_10' title='bbox 1214 293 1350 346; x_wconf 87' lang='lat' dir='ltr'><strong>puto,</strong></span> <span class='ocrx_word' id='word_1_11' title='bbox 1397 303 1530 346; x_wconf 84' lang='lat' dir='ltr'><strong>quam</strong></span> <span class='ocrx_word' id='word_1_12' title='bbox 1573 305 1733 350; x_wconf 83' lang='lat' dir='ltr'><strong>pamm</strong></span> 
     </span>
     <span class='ocr_line' id='line_1_3' title="bbox 292 380 1735 451; baseline -0.003 -25"><span class='ocrx_word' id='word_1_13' title='bbox 292 434 298 439; x_wconf 33' lang='grc'>,</span> <span class='ocrx_word' id='word_1_14' title='bbox 339 381 545 437; x_wconf 78' lang='lat' dir='ltr'><strong>Sdicere,</strong></span> <span class='ocrx_word' id='word_1_15' title='bbox 580 380 785 438; x_wconf 82' lang='lat' dir='ltr'><strong>quoniam</strong></span> <span class='ocrx_word' id='word_1_16' title='bbox 819 380 904 423; x_wconf 83' lang='lat' dir='ltr'><strong>alio</strong></span> <span class='ocrx_word' id='word_1_17' title='bbox 934 393 1179 439; x_wconf 86' lang='lat' dir='ltr'><strong>properare</strong></span> <span class='ocrx_word' id='word_1_18' title='bbox 1210 386 1385 440; x_wconf 84' lang='lat' dir='ltr'><strong>tempus</strong></span> <span class='ocrx_word' id='word_1_19' title='bbox 1415 390 1575 451; x_wconf 76' lang='lat' dir='ltr'><strong>monet.</strong></span> <span class='ocrx_word' id='word_1_20' title='bbox 1641 385 1735 445; x_wconf 74' lang='lat' dir='ltr'><strong>Igi..</strong></span> 
     </span>
    </p>
   </div>
   <div class='ocr_carea' id='block_1_3' title="bbox 371 460 1733 537">
    <p class='ocr_par' dir='ltr' id='par_1_3' title="bbox 371 460 1733 537">
     <span class='ocr_line' id='line_1_4' title="bbox 371 460 1733 537; baseline -0.003 -16"><span class='ocrx_word' id='word_1_21' title='bbox 371 483 442 521; x_wconf 90' lang='lat' dir='ltr'><strong>tur</strong></span> <span class='ocrx_word' id='word_1_22' title='bbox 476 475 535 519; x_wconf 86' lang='lat' dir='ltr'><strong>ad</strong></span> <span class='ocrx_word' id='word_1_23' title='bbox 570 474 918 533; x_wconf 76' lang='lat' dir='ltr'>Catabathmon,</span> <span class='ocrx_word' id='word_1_24' title='bbox 960 474 1035 533; x_wconf 83' lang='lat' dir='ltr'><strong>qui</strong></span> <span class='ocrx_word' id='word_1_25' title='bbox 1068 475 1192 519; x_wconf 88' lang='lat' dir='ltr'><strong>locus</strong></span> <span class='ocrx_word' id='word_1_26' title='bbox 1221 460 1484 537; x_wconf 76' lang='lat' dir='ltr'><strong>Aegyptum</strong></span> <span class='ocrx_word' id='word_1_27' title='bbox 1515 479 1574 523; x_wconf 80' lang='lat' dir='ltr'><strong>ab</strong></span> <span class='ocrx_word' id='word_1_28' title='bbox 1607 479 1733 523; x_wconf 78' lang='lat' dir='ltr'><strong>Afri-</strong></span> 
     </span>
    </p>
   </div>
   <div class='ocr_carea' id='block_1_4' title="bbox 367 624 1752 2765">
    <p class='ocr_par' dir='ltr' id='par_1_4' title="bbox 367 624 1752 2765">
     <span class='ocr_line' id='line_1_5' title="bbox 372 624 1734 673; baseline 0.001 -11"><span class='ocrx_word' id='word_1_29' title='bbox 372 627 455 662; x_wconf 84' lang='lat' dir='ltr'><strong>Otto</strong></span> <span class='ocrx_word' id='word_1_30' title='bbox 477 626 520 662; x_wconf 82' lang='lat' dir='ltr'><strong>ad</strong></span> <span class='ocrx_word' id='word_1_31' title='bbox 544 626 614 660; x_wconf 85' lang='lat' dir='ltr'><strong>Cic.</strong></span> <span class='ocrx_word' id='word_1_32' title='bbox 639 626 682 661; x_wconf 91' lang='lat' dir='ltr'><strong>de</strong></span> <span class='ocrx_word' id='word_1_33' title='bbox 703 626 801 661; x_wconf 90' lang='lat' dir='ltr'><strong>Finn.</strong></span> <span class='ocrx_word' id='word_1_34' title='bbox 826 627 862 670; x_wconf 88' lang='lat'><strong>1,</strong></span> <span class='ocrx_word' id='word_1_35' title='bbox 892 626 937 668; x_wconf 74' lang='lat'><strong>7,</strong></span> <span class='ocrx_word' id='word_1_36' title='bbox 970 624 1025 660; x_wconf 83' lang='lat'><strong>25.</strong></span> <span class='ocrx_word' id='word_1_37' title='bbox 1059 626 1247 661; x_wconf 85' lang='lat' dir='ltr'><strong>Frotscher</strong></span> <span class='ocrx_word' id='word_1_38' title='bbox 1279 628 1324 663; x_wconf 89' lang='lat' dir='ltr'><strong>ad</strong></span> <span class='ocrx_word' id='word_1_39' title='bbox 1360 628 1507 673; x_wconf 85' lang='lat' dir='ltr'><strong>Quintil.</strong></span> <span class='ocrx_word' id='word_1_40' title='bbox 1533 630 1589 671; x_wconf 83' lang='lat' dir='ltr'><strong>X,</strong></span> <span class='ocrx_word' id='word_1_41' title='bbox 1610 629 1654 671; x_wconf 90' lang='lat'><strong>1,</strong></span> <span class='ocrx_word' id='word_1_42' title='bbox 1676 629 1734 664; x_wconf 80' lang='lat'><strong>12.</strong></span> 
     </span>
     <span class='ocr_line' id='line_1_6' title="bbox 372 685 1735 734; baseline 0.004 -15"><span class='ocrx_word' id='word_1_43' title='bbox 372 686 554 732; x_wconf 83' lang='lat' dir='ltr'><strong>Spalding.</strong></span> <span class='ocrx_word' id='word_1_44' title='bbox 578 687 622 721; x_wconf 86' lang='lat' dir='ltr'><strong>ad</strong></span> <span class='ocrx_word' id='word_1_45' title='bbox 652 687 704 729; x_wconf 86' lang='lat'><strong>11,</strong></span> <span class='ocrx_word' id='word_1_46' title='bbox 733 686 798 727; x_wconf 91' lang='lat'><strong>11,</strong></span> <span class='ocrx_word' id='word_1_47' title='bbox 821 686 857 720; x_wconf 76' lang='lat'><strong>7.</strong></span> <span class='ocrx_word' id='word_1_48' title='bbox 881 705 929 711; x_wconf 90' lang='lat'>—</span> <span class='ocrx_word' id='word_1_49' title='bbox 950 685 1053 730; x_wconf 88' lang='lat' dir='ltr'><strong>Quod</strong></span> <span class='ocrx_word' id='word_1_50' title='bbox 1084 685 1285 730; x_wconf 79' lang='lat' dir='ltr'>scripsimus</span> <span class='ocrx_word' id='word_1_51' title='bbox 1317 692 1464 724; x_wconf 84' lang='lat' dir='ltr'><strong>tacere</strong></span> <span class='ocrx_word' id='word_1_52' title='bbox 1491 689 1613 723; x_wconf 74' lang='lat' dir='ltr'><strong>melius</strong></span> <span class='ocrx_word' id='word_1_53' title='bbox 1637 695 1735 734; x_wconf 79' lang='lat' dir='ltr'><strong>puto,</strong></span> 
     </span>
     <span class='ocr_line' id='line_1_7' title="bbox 372 745 1738 790; baseline 0.001 -9"><span class='ocrx_word' id='word_1_54' title='bbox 372 747 520 781; x_wconf 72' lang='lat' dir='ltr'><strong>fortasse</strong></span> <span class='ocrx_word' id='word_1_55' title='bbox 543 750 644 781; x_wconf 87' lang='lat' dir='ltr'><strong>erunt</strong></span> <span class='ocrx_word' id='word_1_56' title='bbox 665 745 725 790; x_wconf 89' lang='lat' dir='ltr'><strong>qui</strong></span> <span class='ocrx_word' id='word_1_57' title='bbox 748 745 966 790; x_wconf 84' lang='lat' dir='ltr'><strong>improbent;</strong></span> <span class='ocrx_word' id='word_1_58' title='bbox 997 756 1116 780; x_wconf 87' lang='lat' dir='ltr'><strong>omnes</strong></span> <span class='ocrx_word' id='word_1_59' title='bbox 1138 746 1231 780; x_wconf 89' lang='lat' dir='ltr'><strong>enim</strong></span> <span class='ocrx_word' id='word_1_60' title='bbox 1254 747 1351 781; x_wconf 85' lang='lat' dir='ltr'><strong>codd.</strong></span> <span class='ocrx_word' id='word_1_61' title='bbox 1372 751 1487 782; x_wconf 85' lang='lat' dir='ltr'><strong>tenent</strong></span> <span class='ocrx_word' id='word_1_62' title='bbox 1507 749 1607 783; x_wconf 78' lang='lat' dir='ltr'><strong>silere</strong></span> <span class='ocrx_word' id='word_1_63' title='bbox 1638 750 1738 783; x_wconf 73' lang='lat' dir='ltr'><strong>meli-</strong></span> 
     </span>
     <span class='ocr_line' id='line_1_8' title="bbox 369 805 1736 851; baseline 0.001 -10"><span class='ocrx_word' id='word_1_64' title='bbox 369 818 410 841; x_wconf 80' lang='lat' dir='ltr'><strong>us</strong></span> <span class='ocrx_word' id='word_1_65' title='bbox 423 811 528 851; x_wconf 84' lang='lat' dir='ltr'><strong>puto,</strong></span> <span class='ocrx_word' id='word_1_66' title='bbox 551 809 694 850; x_wconf 85' lang='lat' dir='ltr'><strong>excepto</strong></span> <span class='ocrx_word' id='word_1_67' title='bbox 717 816 787 839; x_wconf 92' lang='lat' dir='ltr'><strong>uno</strong></span> <span class='ocrx_word' id='word_1_68' title='bbox 814 806 958 840; x_wconf 87' lang='lat' dir='ltr'><strong>Eccard.</strong></span> <span class='ocrx_word' id='word_1_69' title='bbox 981 805 1042 849; x_wconf 89' lang='lat' dir='ltr'><strong>qui</strong></span> <span class='ocrx_word' id='word_1_70' title='bbox 1064 809 1236 850; x_wconf 89' lang='lat' dir='ltr'><strong>receptam</strong></span> <span class='ocrx_word' id='word_1_71' title='bbox 1259 818 1282 841; x_wconf 92' lang='lat' dir='ltr'><strong>a</strong></span> <span class='ocrx_word' id='word_1_72' title='bbox 1304 807 1402 842; x_wconf 85' lang='lat' dir='ltr'><strong>nohis</strong></span> <span class='ocrx_word' id='word_1_73' title='bbox 1431 807 1640 851; x_wconf 77' lang='lat' dir='ltr'><strong>scripturam</strong></span> <span class='ocrx_word' id='word_1_74' title='bbox 1662 820 1736 843; x_wconf 89' lang='lat' dir='ltr'><strong>ser-</strong></span> 
     </span>
     <span class='ocr_line' id='line_1_9' title="bbox 369 866 1736 911; baseline 0.002 -11"><span class='ocrx_word' id='word_1_75' title='bbox 369 866 481 900; x_wconf 79' lang='lat' dir='ltr'><strong>vavit.</strong></span> <span class='ocrx_word' id='word_1_76' title='bbox 535 867 651 910; x_wconf 83' lang='lat' dir='ltr'><strong>Quam</strong></span> <span class='ocrx_word' id='word_1_77' title='bbox 683 869 722 899; x_wconf 91' lang='lat' dir='ltr'><strong>nt</strong></span> <span class='ocrx_word' id='word_1_78' title='bbox 750 866 979 909; x_wconf 80' lang='lat' dir='ltr'><strong>probaremus</strong></span> <span class='ocrx_word' id='word_1_79' title='bbox 1008 867 1156 900; x_wconf 88' lang='lat' dir='ltr'><strong>multum</strong></span> <span class='ocrx_word' id='word_1_80' title='bbox 1187 866 1271 900; x_wconf 85' lang='lat' dir='ltr'><strong>fecit</strong></span> <span class='ocrx_word' id='word_1_81' title='bbox 1301 867 1508 911; x_wconf 78' lang='lat' dir='ltr'><strong>Quintiliani</strong></span> <span class='ocrx_word' id='word_1_82' title='bbox 1537 868 1736 911; x_wconf 80' lang='lat' dir='ltr'><strong>auctoritas,</strong></span> 
     </span>
     <span class='ocr_line' id='line_1_10' title="bbox 370 918 1736 969; baseline 0.002 -10"><span class='ocrx_word' id='word_1_83' title='bbox 370 926 431 969; x_wconf 85' lang='lat' dir='ltr'><strong>qui</strong></span> <span class='ocrx_word' id='word_1_84' title='bbox 453 926 560 960; x_wconf 78' lang='lat' dir='ltr'><strong>Instit-</strong></span> <span class='ocrx_word' id='word_1_85' title='bbox 585 928 672 961; x_wconf 87' lang='lat' dir='ltr'><strong>orat.</strong></span> <span class='ocrx_word' id='word_1_86' title='bbox 694 925 747 966; x_wconf 88' lang='lat'><strong>11,</strong></span> <span class='ocrx_word' id='word_1_87' title='bbox 770 925 837 967; x_wconf 82' lang='lat'><strong>13,</strong></span> <span class='ocrx_word' id='word_1_88' title='bbox 860 925 915 959; x_wconf 77' lang='lat'><strong>14.</strong></span> <span class='ocrx_word' id='word_1_89' title='bbox 941 929 1096 959; x_wconf 89' lang='lat' dir='ltr'><strong>nostrum</strong></span> <span class='ocrx_word' id='word_1_90' title='bbox 1120 927 1236 959; x_wconf 90' lang='lat' dir='ltr'><strong>locum</strong></span> <span class='ocrx_word' id='word_1_91' title='bbox 1258 926 1308 959; x_wconf 88' lang='lat' dir='ltr'><strong>sie</strong></span> <span class='ocrx_word' id='word_1_92' title='bbox 1330 927 1452 961; x_wconf 81' lang='lat' dir='ltr'><strong>refert=</strong></span> <span class='ocrx_word' id='word_1_93' title='bbox 1475 918 1635 963; x_wconf 79' lang='lat' dir='ltr'><strong>tacere</strong></span> <span class='ocrx_word' id='word_1_94' title='bbox 1657 940 1736 962; x_wconf 82' lang='lat' dir='ltr'><strong>sa-</strong></span> 
     </span>
     <span class='ocr_line' id='line_1_11' title="bbox 369 984 1736 1030; baseline 0.002 -10"><span class='ocrx_word' id='word_1_95' title='bbox 369 986 464 1020; x_wconf 76' lang='lat' dir='ltr'><strong>tius</strong></span> <span class='ocrx_word' id='word_1_96' title='bbox 490 991 596 1030; x_wconf 78' lang='lat' dir='ltr'><strong>puto3</strong></span> <span class='ocrx_word' id='word_1_97' title='bbox 628 985 687 1019; x_wconf 90' lang='lat' dir='ltr'><strong>sed</strong></span> <span class='ocrx_word' id='word_1_98' title='bbox 711 984 901 1027; x_wconf 80' lang='lat' dir='ltr'><strong>plurimum</strong></span> <span class='ocrx_word' id='word_1_99' title='bbox 931 985 1043 1019; x_wconf 79' lang='lat' dir='ltr'><strong>valuit</strong></span> <span class='ocrx_word' id='word_1_100' title='bbox 1076 985 1211 1019; x_wconf 86' lang='lat' dir='ltr'><strong>dicendi</strong></span> <span class='ocrx_word' id='word_1_101' title='bbox 1243 997 1335 1020; x_wconf 88' lang='lat' dir='ltr'><strong>usus.</strong></span> <span class='ocrx_word' id='word_1_102' title='bbox 1366 987 1456 1021; x_wconf 88' lang='lat' dir='ltr'><strong>Nam</strong></span> <span class='ocrx_word' id='word_1_103' title='bbox 1489 987 1519 1021; x_wconf 86' lang='lat' dir='ltr'><strong>si</strong></span> <span class='ocrx_word' id='word_1_104' title='bbox 1550 988 1736 1023; x_wconf 80' lang='lat' dir='ltr'><strong>Sallustius</strong></span> 
     </span>
     <span class='ocr_line' id='line_1_12' title="bbox 369 1043 1738 1089; baseline 0.003 -10"><span class='ocrx_word' id='word_1_105' title='bbox 369 1049 511 1080; x_wconf 88' lang='lat' dir='ltr'><strong>auctore</strong></span> <span class='ocrx_word' id='word_1_106' title='bbox 542 1044 659 1079; x_wconf 87' lang='lat' dir='ltr'><strong>Gellio</strong></span> <span class='ocrx_word' id='word_1_107' title='bbox 687 1043 760 1077; x_wconf 88' lang='lat' dir='ltr'><strong>NN.</strong></span> <span class='ocrx_word' id='word_1_108' title='bbox 792 1044 864 1077; x_wconf 83' lang='lat' dir='ltr'><strong>AA.</strong></span> <span class='ocrx_word' id='word_1_109' title='bbox 896 1045 946 1086; x_wconf 98' lang='lat' dir='ltr'><strong>X,</strong></span> <span class='ocrx_word' id='word_1_110' title='bbox 969 1044 1026 1078; x_wconf 83' lang='lat'><strong>20.</strong></span> <span class='ocrx_word' id='word_1_111' title='bbox 1049 1045 1296 1089; x_wconf 79' lang='lat' dir='ltr'><strong>proprietatum</strong></span> <span class='ocrx_word' id='word_1_112' title='bbox 1318 1045 1353 1079; x_wconf 86' lang='lat' dir='ltr'><strong>in</strong></span> <span class='ocrx_word' id='word_1_113' title='bbox 1377 1047 1491 1082; x_wconf 81' lang='lat' dir='ltr'><strong>verbis</strong></span> <span class='ocrx_word' id='word_1_114' title='bbox 1511 1048 1738 1083; x_wconf 84' lang='lat' dir='ltr'><strong>retinentissi-</strong></span> 
     </span>
     <span class='ocr_line' id='line_1_13' title="bbox 369 1102 1738 1151; baseline 0.004 -13"><span class='ocrx_word' id='word_1_115' title='bbox 369 1115 448 1138; x_wconf 90' lang='lat' dir='ltr'><strong>mus</strong></span> <span class='ocrx_word' id='word_1_116' title='bbox 470 1104 558 1147; x_wconf 81' lang='lat' dir='ltr'><strong>fuit,</strong></span> <span class='ocrx_word' id='word_1_117' title='bbox 582 1103 640 1137; x_wconf 81' lang='lat' dir='ltr'><strong>vix</strong></span> <span class='ocrx_word' id='word_1_118' title='bbox 662 1102 727 1137; x_wconf 90' lang='lat' dir='ltr'><strong>tibi</strong></span> <span class='ocrx_word' id='word_1_119' title='bbox 749 1104 957 1146; x_wconf 79' lang='lat' dir='ltr'><strong>persuadeas</strong></span> <span class='ocrx_word' id='word_1_120' title='bbox 980 1105 1081 1138; x_wconf 79' lang='lat' dir='ltr'><strong>silere</strong></span> <span class='ocrx_word' id='word_1_121' title='bbox 1103 1116 1183 1138; x_wconf 88' lang='lat' dir='ltr'><strong>eum</strong></span> <span class='ocrx_word' id='word_1_122' title='bbox 1196 1105 1339 1151; x_wconf 76' lang='lat' dir='ltr'><strong>dixisse.</strong></span> <span class='ocrx_word' id='word_1_123' title='bbox 1354 1105 1538 1140; x_wconf 78' lang='lat' dir='ltr'><strong>verissime</strong></span> <span class='ocrx_word' id='word_1_124' title='bbox 1560 1107 1651 1142; x_wconf 85' lang='lat' dir='ltr'><strong>enim</strong></span> <span class='ocrx_word' id='word_1_125' title='bbox 1667 1109 1738 1143; x_wconf 83' lang='lat' dir='ltr'><strong>Lu-</strong></span> 
     </span>
     <span class='ocr_line' id='line_1_14' title="bbox 369 1162 1739 1208; baseline 0.003 -10"><span class='ocrx_word' id='word_1_126' title='bbox 369 1165 450 1198; x_wconf 89' lang='lat' dir='ltr'><strong>dov.</strong></span> <span class='ocrx_word' id='word_1_127' title='bbox 474 1164 701 1197; x_wconf 86' lang='lat' dir='ltr'><strong>Doederlinus</strong></span> <span class='ocrx_word' id='word_1_128' title='bbox 722 1162 759 1197; x_wconf 87' lang='lat' dir='ltr'><strong>in</strong></span> <span class='ocrx_word' id='word_1_129' title='bbox 782 1164 1011 1208; x_wconf 82' lang='lat' dir='ltr'><strong>Synonymm.</strong></span> <span class='ocrx_word' id='word_1_130' title='bbox 1037 1165 1127 1199; x_wconf 86' lang='lat' dir='ltr'><strong>Latt.</strong></span> <span class='ocrx_word' id='word_1_131' title='bbox 1154 1165 1200 1199; x_wconf 89' lang='lat' dir='ltr'><strong>T.</strong></span> <span class='ocrx_word' id='word_1_132' title='bbox 1223 1164 1252 1196; x_wconf 90' lang='lat' dir='ltr'><strong>I.</strong></span> <span class='ocrx_word' id='word_1_133' title='bbox 1276 1176 1309 1208; x_wconf 91' lang='lat' dir='ltr'><strong>p.</strong></span> <span class='ocrx_word' id='word_1_134' title='bbox 1333 1163 1379 1199; x_wconf 82' lang='lat'><strong>85</strong></span> <span class='ocrx_word' id='word_1_135' title='bbox 1401 1176 1473 1208; x_wconf 88' lang='lat' dir='ltr'><strong>sqq.</strong></span> <span class='ocrx_word' id='word_1_136' title='bbox 1499 1167 1617 1201; x_wconf 84' lang='lat' dir='ltr'><strong>docuit</strong></span> <span class='ocrx_word' id='word_1_137' title='bbox 1638 1169 1739 1202; x_wconf 76' lang='lat' dir='ltr'><strong>silere</strong></span> 
     </span>
     <span class='ocr_line' id='line_1_15' title="bbox 367 1223 1737 1271; baseline 0.003 -13"><span class='ocrx_word' id='word_1_138' title='bbox 367 1224 421 1258; x_wconf 84' lang='lat' dir='ltr'><strong>ita</strong></span> <span class='ocrx_word' id='word_1_139' title='bbox 445 1224 586 1258; x_wconf 79' lang='lat' dir='ltr'><strong>differre</strong></span> <span class='ocrx_word' id='word_1_140' title='bbox 610 1225 654 1257; x_wconf 89' lang='lat' dir='ltr'><strong>ab</strong></span> <span class='ocrx_word' id='word_1_141' title='bbox 678 1228 814 1266; x_wconf 85' lang='lat' dir='ltr'><strong>tacere,</strong></span> <span class='ocrx_word' id='word_1_142' title='bbox 836 1228 875 1258; x_wconf 88' lang='lat' dir='ltr'><strong>ut</strong></span> <span class='ocrx_word' id='word_1_143' title='bbox 897 1223 984 1257; x_wconf 85' lang='lat' dir='ltr'><strong>illud</strong></span> <span class='ocrx_word' id='word_1_144' title='bbox 1007 1223 1111 1257; x_wconf 86' lang='lat' dir='ltr'><strong>latius</strong></span> <span class='ocrx_word' id='word_1_145' title='bbox 1135 1227 1250 1268; x_wconf 85' lang='lat' dir='ltr'><strong>pateat</strong></span> <span class='ocrx_word' id='word_1_146' title='bbox 1272 1227 1308 1257; x_wconf 90' lang='lat' dir='ltr'><strong>et</strong></span> <span class='ocrx_word' id='word_1_147' title='bbox 1330 1225 1469 1258; x_wconf 81' lang='lat' dir='ltr'><strong>omnino</strong></span> <span class='ocrx_word' id='word_1_148' title='bbox 1491 1226 1663 1271; x_wconf 82' lang='lat' dir='ltr'><strong>significet</strong></span> <span class='ocrx_word' id='word_1_149' title='bbox 1683 1230 1737 1262; x_wconf 81' lang='lat' dir='ltr'><strong>ni-</strong></span> 
     </span>
     <span class='ocr_line' id='line_1_16' title="bbox 372 1283 1738 1329; baseline 0.004 -13"><span class='ocrx_word' id='word_1_150' title='bbox 372 1283 422 1316; x_wconf 80' lang='lat' dir='ltr'><strong>hil</strong></span> <span class='ocrx_word' id='word_1_151' title='bbox 436 1283 539 1316; x_wconf 82' lang='lat' dir='ltr'><strong>soni</strong></span> <span class='ocrx_word' id='word_1_152' title='bbox 559 1283 680 1326; x_wconf 88' lang='lat' dir='ltr'><strong>edere,</strong></span> <span class='ocrx_word' id='word_1_153' title='bbox 703 1284 770 1317; x_wconf 89' lang='lat' dir='ltr'><strong>hoc</strong></span> <span class='ocrx_word' id='word_1_154' title='bbox 790 1285 921 1318; x_wconf 83' lang='lat' dir='ltr'><strong>nullum</strong></span> <span class='ocrx_word' id='word_1_155' title='bbox 939 1284 1125 1317; x_wconf 85' lang='lat' dir='ltr'><strong>verbum</strong></span> <span class='ocrx_word' id='word_1_156' title='bbox 1148 1287 1316 1328; x_wconf 83' lang='lat' dir='ltr'><strong>proferre.</strong></span> <span class='ocrx_word' id='word_1_157' title='bbox 1339 1285 1451 1329; x_wconf 83' lang='lat' dir='ltr'><strong>Igitur</strong></span> <span class='ocrx_word' id='word_1_158' title='bbox 1472 1286 1592 1328; x_wconf 77' lang='lat' dir='ltr'><strong>silere,</strong></span> <span class='ocrx_word' id='word_1_159' title='bbox 1624 1288 1680 1322; x_wconf 89' lang='lat' dir='ltr'><strong>cui</strong></span> <span class='ocrx_word' id='word_1_160' title='bbox 1704 1289 1738 1322; x_wconf 88' lang='lat' dir='ltr'><strong>in</strong></span> 
     </span>
     <span class='ocr_line' id='line_1_17' title="bbox 370 1342 1738 1391; baseline 0.005 -16"><span class='ocrx_word' id='word_1_161' title='bbox 370 1342 559 1375; x_wconf 82' lang='lat' dir='ltr'><strong>vernacula</strong></span> <span class='ocrx_word' id='word_1_162' title='bbox 581 1343 786 1386; x_wconf 79' lang='lat' dir='ltr'><strong>respondent</strong></span> <span class='ocrx_word' id='word_1_163' title='bbox 807 1343 973 1378; x_wconf 83' lang='lat' dir='ltr'><strong>dictiones</strong></span> <span class='ocrx_word' id='word_1_164' title='bbox 994 1345 1066 1378; x_wconf 75' lang='lat' dir='ltr'><strong>still</strong></span> <span class='ocrx_word' id='word_1_165' title='bbox 1087 1345 1179 1386; x_wconf 81' lang='lat' dir='ltr'><strong>sein,</strong></span> <span class='ocrx_word' id='word_1_166' title='bbox 1211 1344 1282 1377; x_wconf 79' lang='lat' dir='ltr'><strong>sich</strong></span> <span class='ocrx_word' id='word_1_167' title='bbox 1299 1345 1370 1378; x_wconf 81' lang='lat' dir='ltr'><strong>still</strong></span> <span class='ocrx_word' id='word_1_168' title='bbox 1386 1345 1457 1378; x_wconf 81' lang='lat' dir='ltr'><strong>und</strong></span> <span class='ocrx_word' id='word_1_169' title='bbox 1473 1346 1580 1391; x_wconf 81' lang='lat' dir='ltr'><strong>ruhig</strong></span> <span class='ocrx_word' id='word_1_170' title='bbox 1599 1349 1738 1382; x_wconf 69' lang='lat' dir='ltr'><strong>vei-hal-</strong></span> 
     </span>
     <span class='ocr_line' id='line_1_18' title="bbox 371 1401 1740 1450; baseline 0.004 -14"><span class='ocrx_word' id='word_1_171' title='bbox 371 1407 447 1443; x_wconf 81' lang='lat' dir='ltr'><strong>ten,</strong></span> <span class='ocrx_word' id='word_1_172' title='bbox 479 1402 605 1435; x_wconf 89' lang='lat' dir='ltr'><strong>dicitur</strong></span> <span class='ocrx_word' id='word_1_173' title='bbox 634 1401 685 1443; x_wconf 88' lang='lat' dir='ltr'><strong>is,</strong></span> <span class='ocrx_word' id='word_1_174' title='bbox 716 1402 775 1446; x_wconf 90' lang='lat' dir='ltr'><strong>qui</strong></span> <span class='ocrx_word' id='word_1_175' title='bbox 808 1404 942 1437; x_wconf 90' lang='lat' dir='ltr'><strong>nullum</strong></span> <span class='ocrx_word' id='word_1_176' title='bbox 972 1404 1121 1438; x_wconf 87' lang='lat' dir='ltr'><strong>sonitum</strong></span> <span class='ocrx_word' id='word_1_177' title='bbox 1153 1403 1211 1437; x_wconf 84' lang='lat' dir='ltr'><strong>vel</strong></span> <span class='ocrx_word' id='word_1_178' title='bbox 1243 1404 1427 1448; x_wconf 85' lang='lat' dir='ltr'><strong>strepitum</strong></span> <span class='ocrx_word' id='word_1_179' title='bbox 1456 1406 1588 1448; x_wconf 86' lang='lat' dir='ltr'><strong>reddit,</strong></span> <span class='ocrx_word' id='word_1_180' title='bbox 1612 1408 1671 1450; x_wconf 87' lang='lat' dir='ltr'><strong>qui</strong></span> <span class='ocrx_word' id='word_1_181' title='bbox 1697 1420 1740 1441; x_wconf 89' lang='lat' dir='ltr'><strong>ne</strong></span> 
     </span>
     <span class='ocr_line' id='line_1_19' title="bbox 371 1461 1738 1509; baseline 0.004 -14"><span class='ocrx_word' id='word_1_182' title='bbox 371 1461 532 1495; x_wconf 84' lang='lat' dir='ltr'><strong>mussitat</strong></span> <span class='ocrx_word' id='word_1_183' title='bbox 562 1461 700 1504; x_wconf 88' lang='lat' dir='ltr'><strong>quidem</strong></span> <span class='ocrx_word' id='word_1_184' title='bbox 731 1466 766 1496; x_wconf 88' lang='lat' dir='ltr'><strong>et</strong></span> <span class='ocrx_word' id='word_1_185' title='bbox 796 1463 931 1496; x_wconf 85' lang='lat' dir='ltr'><strong>hiscere</strong></span> <span class='ocrx_word' id='word_1_186' title='bbox 961 1475 1028 1498; x_wconf 90' lang='lat' dir='ltr'><strong>non</strong></span> <span class='ocrx_word' id='word_1_187' title='bbox 1058 1464 1183 1503; x_wconf 60' lang='lat' dir='ltr'><strong>auden</strong></span> <span class='ocrx_word' id='word_1_188' title='bbox 1212 1468 1307 1498; x_wconf 84' lang='lat' dir='ltr'><strong>tacet</strong></span> <span class='ocrx_word' id='word_1_189' title='bbox 1337 1475 1419 1498; x_wconf 86' lang='lat' dir='ltr'><strong>vero</strong></span> <span class='ocrx_word' id='word_1_190' title='bbox 1443 1464 1492 1506; x_wconf 86' lang='lat' dir='ltr'><strong>is,</strong></span> <span class='ocrx_word' id='word_1_191' title='bbox 1523 1465 1583 1509; x_wconf 86' lang='lat' dir='ltr'><strong>qui</strong></span> <span class='ocrx_word' id='word_1_192' title='bbox 1605 1478 1672 1499; x_wconf 81' lang='lat' dir='ltr'><strong>non</strong></span> <span class='ocrx_word' id='word_1_193' title='bbox 1689 1468 1738 1500; x_wconf 87' lang='lat' dir='ltr'><strong>lo-</strong></span> 
     </span>
     <span class='ocr_line' id='line_1_20' title="bbox 372 1522 1738 1569; baseline 0.004 -14"><span class='ocrx_word' id='word_1_194' title='bbox 372 1522 490 1566; x_wconf 80' lang='lat' dir='ltr'><strong>quitur</strong></span> <span class='ocrx_word' id='word_1_195' title='bbox 510 1525 544 1554; x_wconf 87' lang='lat' dir='ltr'><strong>et</strong></span> <span class='ocrx_word' id='word_1_196' title='bbox 566 1533 654 1566; x_wconf 81' lang='lat' dir='ltr'><strong>quae</strong></span> <span class='ocrx_word' id='word_1_197' title='bbox 680 1523 825 1556; x_wconf 79' lang='lat' dir='ltr'><strong>dicenda</strong></span> <span class='ocrx_word' id='word_1_198' title='bbox 851 1524 976 1564; x_wconf 75' lang='lat' dir='ltr'><strong>habet,</strong></span> <span class='ocrx_word' id='word_1_199' title='bbox 996 1525 1134 1568; x_wconf 82' lang='lat' dir='ltr'><strong>premit.</strong></span> <span class='ocrx_word' id='word_1_200' title='bbox 1181 1523 1322 1567; x_wconf 81' lang='lat' dir='ltr'><strong>Quippe</strong></span> <span class='ocrx_word' id='word_1_201' title='bbox 1347 1524 1490 1558; x_wconf 76' lang='lat' dir='ltr'><strong>dicendo</strong></span> <span class='ocrx_word' id='word_1_202' title='bbox 1514 1535 1581 1558; x_wconf 89' lang='lat' dir='ltr'><strong>non</strong></span> <span class='ocrx_word' id='word_1_203' title='bbox 1604 1526 1738 1569; x_wconf 85' lang='lat' dir='ltr'><strong>opposi-</strong></span> 
     </span>
     <span class='ocr_line' id='line_1_21' title="bbox 372 1582 1739 1625; baseline 0.004 -11"><span class='ocrx_word' id='word_1_204' title='bbox 372 1586 448 1615; x_wconf 86' lang='lat' dir='ltr'><strong>tum</strong></span> <span class='ocrx_word' id='word_1_205' title='bbox 485 1585 536 1615; x_wconf 87' lang='lat' dir='ltr'><strong>est</strong></span> <span class='ocrx_word' id='word_1_206' title='bbox 557 1582 677 1622; x_wconf 85' lang='lat' dir='ltr'><strong>silere,</strong></span> <span class='ocrx_word' id='word_1_207' title='bbox 709 1583 767 1615; x_wconf 82' lang='lat' dir='ltr'><strong>sed</strong></span> <span class='ocrx_word' id='word_1_208' title='bbox 790 1587 926 1625; x_wconf 85' lang='lat' dir='ltr'><strong>tacere,</strong></span> <span class='ocrx_word' id='word_1_209' title='bbox 962 1587 1000 1617; x_wconf 90' lang='lat' dir='ltr'><strong>ut</strong></span> <span class='ocrx_word' id='word_1_210' title='bbox 1031 1583 1257 1616; x_wconf 86' lang='lat' dir='ltr'><strong>Doederlinus</strong></span> <span class='ocrx_word' id='word_1_211' title='bbox 1280 1583 1525 1617; x_wconf 82' lang='lat' dir='ltr'><strong>demonstravit</strong></span> <span class='ocrx_word' id='word_1_212' title='bbox 1545 1584 1602 1618; x_wconf 90' lang='lat' dir='ltr'><strong>his</strong></span> <span class='ocrx_word' id='word_1_213' title='bbox 1624 1596 1739 1619; x_wconf 85' lang='lat' dir='ltr'><strong>exem-</strong></span> 
     </span>
     <span class='ocr_line' id='line_1_22' title="bbox 373 1641 1739 1687; baseline 0.004 -13"><span class='ocrx_word' id='word_1_214' title='bbox 373 1642 463 1685; x_wconf 86' lang='lat' dir='ltr'><strong>plis:</strong></span> <span class='ocrx_word' id='word_1_215' title='bbox 487 1642 572 1675; x_wconf 79' lang='lat' dir='ltr'><strong>Cato</strong></span> <span class='ocrx_word' id='word_1_216' title='bbox 596 1652 652 1685; x_wconf 88' lang='lat' dir='ltr'><strong>ap.</strong></span> <span class='ocrx_word' id='word_1_217' title='bbox 669 1641 760 1675; x_wconf 83' lang='lat' dir='ltr'><strong>Gen.</strong></span> <span class='ocrx_word' id='word_1_218' title='bbox 776 1643 792 1675; x_wconf 89' lang='lat'>1</span> <span class='ocrx_word' id='word_1_219' title='bbox 806 1669 814 1685; x_wconf 94' lang='lat'><strong>,</strong></span> <span class='ocrx_word' id='word_1_220' title='bbox 830 1642 888 1677; x_wconf 87' lang='lat'><strong>15.</strong></span> <span class='ocrx_word' id='word_1_221' title='bbox 907 1645 1024 1686; x_wconf 83' lang='lat' dir='ltr'><strong>frusto</strong></span> <span class='ocrx_word' id='word_1_222' title='bbox 1041 1643 1141 1687; x_wconf 79' lang='lat' dir='ltr'><strong>panis</strong></span> <span class='ocrx_word' id='word_1_223' title='bbox 1161 1643 1303 1676; x_wconf 78' lang='lat' dir='ltr'><strong>conduci</strong></span> <span class='ocrx_word' id='word_1_224' title='bbox 1317 1647 1428 1686; x_wconf 78' lang='lat' dir='ltr'><strong>potest</strong></span> <span class='ocrx_word' id='word_1_225' title='bbox 1443 1643 1500 1676; x_wconf 83' lang='lat' dir='ltr'><strong>vel</strong></span> <span class='ocrx_word' id='word_1_226' title='bbox 1518 1649 1558 1677; x_wconf 82' lang='lat' dir='ltr'><strong>ut</strong></span> <span class='ocrx_word' id='word_1_227' title='bbox 1573 1648 1739 1687; x_wconf 80' lang='lat' dir='ltr'><strong>taceat,</strong></span> 
     </span>
     <span class='ocr_line' id='line_1_23' title="bbox 374 1702 1742 1748; baseline 0.004 -14"><span class='ocrx_word' id='word_1_228' title='bbox 374 1702 430 1735; x_wconf 86' lang='lat' dir='ltr'><strong>vel</strong></span> <span class='ocrx_word' id='word_1_229' title='bbox 460 1706 499 1735; x_wconf 83' lang='lat' dir='ltr'><strong>ut</strong></span> <span class='ocrx_word' id='word_1_230' title='bbox 524 1702 757 1745; x_wconf 82' lang='lat' dir='ltr'><strong>loquatur.</strong></span> <span class='ocrx_word' id='word_1_231' title='bbox 790 1703 904 1736; x_wconf 87' lang='lat' dir='ltr'><strong>Plaut.</strong></span> <span class='ocrx_word' id='word_1_232' title='bbox 938 1702 1031 1735; x_wconf 87' lang='lat' dir='ltr'><strong>Rud.</strong></span> <span class='ocrx_word' id='word_1_233' title='bbox 1059 1702 1124 1744; x_wconf 90' lang='lat' dir='ltr'><strong>IV,</strong></span> <span class='ocrx_word' id='word_1_234' title='bbox 1155 1702 1199 1746; x_wconf 75' lang='lat'><strong>4,</strong></span> <span class='ocrx_word' id='word_1_235' title='bbox 1232 1702 1289 1736; x_wconf 77' lang='lat'><strong>72.</strong></span> <span class='ocrx_word' id='word_1_236' title='bbox 1321 1704 1403 1748; x_wconf 76' lang='lat' dir='ltr'><strong>quia</strong></span> <span class='ocrx_word' id='word_1_237' title='bbox 1431 1703 1520 1737; x_wconf 81' lang='lat' dir='ltr'><strong>enim</strong></span> <span class='ocrx_word' id='word_1_238' title='bbox 1543 1714 1652 1748; x_wconf 79' lang='lat' dir='ltr'><strong>neque</strong></span> <span class='ocrx_word' id='word_1_239' title='bbox 1670 1705 1742 1738; x_wconf 88' lang='lat' dir='ltr'><strong>lo-</strong></span> 
     </span>
     <span class='ocr_line' id='line_1_24' title="bbox 374 1762 1739 1806; baseline 0.003 -11"><span class='ocrx_word' id='word_1_240' title='bbox 374 1773 516 1806; x_wconf 78' lang='lat' dir='ltr'><strong>quens</strong></span> <span class='ocrx_word' id='word_1_241' title='bbox 541 1773 599 1802; x_wconf 80' lang='lat' dir='ltr'><strong>es,</strong></span> <span class='ocrx_word' id='word_1_242' title='bbox 631 1773 738 1805; x_wconf 82' lang='lat' dir='ltr'><strong>neque</strong></span> <span class='ocrx_word' id='word_1_243' title='bbox 763 1766 922 1796; x_wconf 73' lang='lat' dir='ltr'><strong>tacens</strong></span> <span class='ocrx_word' id='word_1_244' title='bbox 944 1772 1093 1806; x_wconf 79' lang='lat' dir='ltr'><strong>unquam</strong></span> <span class='ocrx_word' id='word_1_245' title='bbox 1123 1762 1241 1798; x_wconf 80' lang='lat' dir='ltr'><strong>bonus,</strong></span> <span class='ocrx_word' id='word_1_246' title='bbox 1274 1763 1356 1798; x_wconf 88' lang='lat' dir='ltr'><strong>Ter.</strong></span> <span class='ocrx_word' id='word_1_247' title='bbox 1391 1764 1480 1796; x_wconf 86' lang='lat' dir='ltr'><strong>Eun.</strong></span> <span class='ocrx_word' id='word_1_248' title='bbox 1509 1763 1578 1804; x_wconf 89' lang='lat' dir='ltr'><strong>IV,</strong></span> <span class='ocrx_word' id='word_1_249' title='bbox 1611 1763 1739 1805; x_wconf 75' lang='lat'><strong>4,=54.</strong></span> 
     </span>
     <span class='ocr_line' id='line_1_25' title="bbox 374 1822 1739 1866; baseline 0.003 -11"><span class='ocrx_word' id='word_1_250' title='bbox 374 1826 490 1856; x_wconf 81' lang='lat' dir='ltr'><strong>utrum</strong></span> <span class='ocrx_word' id='word_1_251' title='bbox 516 1826 768 1862; x_wconf 81' lang='lat' dir='ltr'><strong>taceamne,</strong></span> <span class='ocrx_word' id='word_1_252' title='bbox 793 1833 839 1855; x_wconf 80' lang='lat' dir='ltr'><strong>an</strong></span> <span class='ocrx_word' id='word_1_253' title='bbox 860 1822 1159 1866; x_wconf 80' lang='lat' dir='ltr'><strong>praedicem?</strong></span> <span class='ocrx_word' id='word_1_254' title='bbox 1181 1822 1277 1855; x_wconf 84' lang='lat' dir='ltr'><strong>Adde</strong></span> <span class='ocrx_word' id='word_1_255' title='bbox 1301 1822 1388 1856; x_wconf 83' lang='lat' dir='ltr'><strong>Sall.</strong></span> <span class='ocrx_word' id='word_1_256' title='bbox 1411 1822 1490 1866; x_wconf 75' lang='lat' dir='ltr'><strong>Ing.</strong></span> <span class='ocrx_word' id='word_1_257' title='bbox 1515 1823 1680 1866; x_wconf 81' lang='lat' dir='ltr'><strong>XXXIII,</strong></span> <span class='ocrx_word' id='word_1_258' title='bbox 1704 1826 1739 1859; x_wconf 90' lang='lat'><strong>1.</strong></span> 
     </span>
     <span class='ocr_line' id='line_1_26' title="bbox 375 1881 1741 1927; baseline 0.003 -13"><span class='ocrx_word' id='word_1_259' title='bbox 375 1882 434 1915; x_wconf 81' lang='lat' dir='ltr'><strong>ubi</strong></span> <span class='ocrx_word' id='word_1_260' title='bbox 455 1882 629 1927; x_wconf 78' lang='lat' dir='ltr'><strong>Iugurtha</strong></span> <span class='ocrx_word' id='word_1_261' title='bbox 656 1882 935 1925; x_wconf 80' lang='lat' dir='ltr'><strong>respondere</strong></span> <span class='ocrx_word' id='word_1_262' title='bbox 956 1881 1066 1915; x_wconf 79' lang='lat' dir='ltr'><strong>iussus</strong></span> <span class='ocrx_word' id='word_1_263' title='bbox 1086 1886 1161 1922; x_wconf 84' lang='lat' dir='ltr'><strong>est,</strong></span> <span class='ocrx_word' id='word_1_264' title='bbox 1197 1881 1235 1915; x_wconf 90' lang='lat' dir='ltr'><strong>C.</strong></span> <span class='ocrx_word' id='word_1_265' title='bbox 1264 1882 1415 1915; x_wconf 76' lang='lat' dir='ltr'><strong>Baebius</strong></span> <span class='ocrx_word' id='word_1_266' title='bbox 1441 1893 1558 1927; x_wconf 84' lang='lat' dir='ltr'><strong>regem</strong></span> <span class='ocrx_word' id='word_1_267' title='bbox 1584 1887 1741 1919; x_wconf 85' lang='lat' dir='ltr'><strong>tacere</strong></span> 
     </span>
     <span class='ocr_line' id='line_1_27' title="bbox 376 1941 1740 1987; baseline 0.002 -11"><span class='ocrx_word' id='word_1_268' title='bbox 376 1943 482 1976; x_wconf 80' lang='lat' dir='ltr'><strong>iubet.</strong></span> <span class='ocrx_word' id='word_1_269' title='bbox 508 1941 605 1986; x_wconf 81' lang='lat' dir='ltr'><strong>Virg.</strong></span> <span class='ocrx_word' id='word_1_270' title='bbox 630 1941 714 1975; x_wconf 80' lang='lat' dir='ltr'><strong>Aen.</strong></span> <span class='ocrx_word' id='word_1_271' title='bbox 742 1941 781 1982; x_wconf 89' lang='lat'><strong>1,</strong></span> <span class='ocrx_word' id='word_1_272' title='bbox 810 1941 879 1975; x_wconf 79' lang='lat'><strong>148</strong></span> <span class='ocrx_word' id='word_1_273' title='bbox 902 1952 975 1985; x_wconf 83' lang='lat' dir='ltr'><strong>sqq.</strong></span> <span class='ocrx_word' id='word_1_274' title='bbox 998 1941 1049 1974; x_wconf 87' lang='lat' dir='ltr'><strong>Ac</strong></span> <span class='ocrx_word' id='word_1_275' title='bbox 1067 1941 1174 1975; x_wconf 77' lang='lat' dir='ltr'><strong>veluti</strong></span> <span class='ocrx_word' id='word_1_276' title='bbox 1190 1952 1319 1987; x_wconf 79' lang='lat' dir='ltr'><strong>magno</strong></span> <span class='ocrx_word' id='word_1_277' title='bbox 1334 1941 1371 1974; x_wconf 83' lang='lat' dir='ltr'><strong>in</strong></span> <span class='ocrx_word' id='word_1_278' title='bbox 1383 1943 1507 1986; x_wconf 83' lang='lat' dir='ltr'><strong>populo</strong></span> <span class='ocrx_word' id='word_1_279' title='bbox 1533 1955 1636 1987; x_wconf 81' lang='lat' dir='ltr'><strong>quum</strong></span> <span class='ocrx_word' id='word_1_280' title='bbox 1663 1956 1740 1979; x_wconf 86' lang='lat' dir='ltr'><strong>sae-</strong></span> 
     </span>
     <span class='ocr_line' id='line_1_28' title="bbox 374 2001 1741 2048; baseline 0.004 -14"><span class='ocrx_word' id='word_1_281' title='bbox 374 2013 419 2045; x_wconf 82' lang='lat' dir='ltr'><strong>pe</strong></span> <span class='ocrx_word' id='word_1_282' title='bbox 436 2006 552 2035; x_wconf 85' lang='lat' dir='ltr'><strong>coorta</strong></span> <span class='ocrx_word' id='word_1_283' title='bbox 569 2004 620 2035; x_wconf 77' lang='lat' dir='ltr'><strong>est</strong></span> <span class='ocrx_word' id='word_1_284' title='bbox 639 2001 792 2042; x_wconf 65' lang='lat' dir='ltr'><strong>Sediflo,</strong></span> <span class='ocrx_word' id='word_1_285' title='bbox 815 2001 989 2046; x_wconf 81' lang='lat' dir='ltr'><strong>saevitque</strong></span> <span class='ocrx_word' id='word_1_286' title='bbox 1006 2001 1130 2035; x_wconf 76' lang='lat' dir='ltr'><strong>animis</strong></span> <span class='ocrx_word' id='word_1_287' title='bbox 1148 2001 1300 2046; x_wconf 80' lang='lat' dir='ltr'><strong>ignobile</strong></span> <span class='ocrx_word' id='word_1_288' title='bbox 1320 2002 1464 2046; x_wconf 60' lang='lat' dir='ltr'><strong>vulgae,</strong></span> <span class='ocrx_word' id='word_1_289' title='bbox 1488 2002 1629 2048; x_wconf 82' lang='lat' dir='ltr'><strong>Iamque</strong></span> <span class='ocrx_word' id='word_1_290' title='bbox 1643 2007 1741 2048; x_wconf 78' lang='lat' dir='ltr'><strong>facee</strong></span> 
     </span>
     <span class='ocr_line' id='line_1_29' title="bbox 377 2062 1742 2106; baseline 0.003 -11"><span class='ocrx_word' id='word_1_291' title='bbox 377 2066 412 2095; x_wconf 88' lang='lat' dir='ltr'><strong>et</strong></span> <span class='ocrx_word' id='word_1_292' title='bbox 427 2073 514 2095; x_wconf 78' lang='lat' dir='ltr'><strong>saxa</strong></span> <span class='ocrx_word' id='word_1_293' title='bbox 533 2062 661 2101; x_wconf 78' lang='lat' dir='ltr'><strong>volant,</strong></span> <span class='ocrx_word' id='word_1_294' title='bbox 678 2062 779 2103; x_wconf 84' lang='lat' dir='ltr'><strong>furor</strong></span> <span class='ocrx_word' id='word_1_295' title='bbox 798 2071 900 2093; x_wconf 84' lang='lat' dir='ltr'><strong>arma</strong></span> <span class='ocrx_word' id='word_1_296' title='bbox 918 2062 1092 2096; x_wconf 79' lang='lat' dir='ltr'><strong>ministrat</strong></span> <span class='ocrx_word' id='word_1_297' title='bbox 1098 2073 1112 2102; x_wconf 82' lang='lat'><strong>,-</strong></span> <span class='ocrx_word' id='word_1_298' title='bbox 1139 2062 1227 2095; x_wconf 85' lang='lat' dir='ltr'><strong>Tum</strong></span> <span class='ocrx_word' id='word_1_299' title='bbox 1247 2062 1376 2105; x_wconf 83' lang='lat' dir='ltr'><strong>pietate</strong></span> <span class='ocrx_word' id='word_1_300' title='bbox 1394 2072 1539 2106; x_wconf 84' lang='lat' dir='ltr'><strong>gravem</strong></span> <span class='ocrx_word' id='word_1_301' title='bbox 1557 2074 1598 2096; x_wconf 86' lang='lat' dir='ltr'><strong>ac</strong></span> <span class='ocrx_word' id='word_1_302' title='bbox 1613 2066 1742 2099; x_wconf 76' lang='lat' dir='ltr'><strong>meritis</strong></span> 
     </span>
     <span class='ocr_line' id='line_1_30' title="bbox 377 2110 1742 2166; baseline 0.003 -12"><span class='ocrx_word' id='word_1_303' title='bbox 377 2122 408 2155; x_wconf 81' lang='lat' dir='ltr'><strong>si</strong></span> <span class='ocrx_word' id='word_1_304' title='bbox 421 2110 514 2164; x_wconf 67' lang='lat' dir='ltr'><strong>J&#39;orte</strong></span> <span class='ocrx_word' id='word_1_305' title='bbox 532 2122 643 2154; x_wconf 81' lang='lat' dir='ltr'><strong>virum</strong></span> <span class='ocrx_word' id='word_1_306' title='bbox 669 2133 767 2166; x_wconf 80' lang='lat' dir='ltr'><strong>quem</strong></span> <span class='ocrx_word' id='word_1_307' title='bbox 789 2121 1014 2165; x_wconf 74' lang='lat' dir='ltr'><strong>Conspexere,</strong></span> <span class='ocrx_word' id='word_1_308' title='bbox 1037 2122 1183 2155; x_wconf 81' lang='lat' dir='ltr'><strong>silent</strong></span> <span class='ocrx_word' id='word_1_309' title='bbox 1211 2121 1417 2165; x_wconf 78' lang='lat' dir='ltr'><strong>arrectisque</strong></span> <span class='ocrx_word' id='word_1_310' title='bbox 1442 2123 1582 2157; x_wconf 67' lang='lat' dir='ltr'><strong>auribus</strong></span> <span class='ocrx_word' id='word_1_311' title='bbox 1611 2129 1742 2160; x_wconf 76' lang='lat' dir='ltr'><strong>astant.</strong></span> 
     </span>
     <span class='ocr_line' id='line_1_31' title="bbox 378 2181 1741 2228; baseline 0.002 -14"><span class='ocrx_word' id='word_1_312' title='bbox 378 2182 468 2215; x_wconf 90' lang='lat' dir='ltr'><strong>Cum</strong></span> <span class='ocrx_word' id='word_1_313' title='bbox 490 2181 690 2215; x_wconf 86' lang='lat' dir='ltr'><strong>Doederlini</strong></span> <span class='ocrx_word' id='word_1_314' title='bbox 715 2181 903 2225; x_wconf 86' lang='lat' dir='ltr'><strong>praeceptis</strong></span> <span class='ocrx_word' id='word_1_315' title='bbox 923 2181 997 2214; x_wconf 83' lang='lat' dir='ltr'><strong>fere</strong></span> <span class='ocrx_word' id='word_1_316' title='bbox 1026 2185 1238 2226; x_wconf 86' lang='lat' dir='ltr'><strong>congruunt,</strong></span> <span class='ocrx_word' id='word_1_317' title='bbox 1271 2192 1358 2224; x_wconf 85' lang='lat' dir='ltr'><strong>quae</strong></span> <span class='ocrx_word' id='word_1_318' title='bbox 1378 2182 1572 2228; x_wconf 80' lang='lat' dir='ltr'><strong>Herzogius</strong></span> <span class='ocrx_word' id='word_1_319' title='bbox 1597 2184 1642 2218; x_wconf 84' lang='lat' dir='ltr'><strong>ad</strong></span> <span class='ocrx_word' id='word_1_320' title='bbox 1665 2185 1741 2219; x_wconf 75' lang='lat' dir='ltr'><strong>eat.</strong></span> 
     </span>
     <span class='ocr_line' id='line_1_32' title="bbox 379 2240 1742 2286; baseline 0 -11"><span class='ocrx_word' id='word_1_321' title='bbox 379 2243 416 2283; x_wconf 91' lang='lat'><strong>1,</strong></span> <span class='ocrx_word' id='word_1_322' title='bbox 439 2241 471 2275; x_wconf 95' lang='lat'><strong>1.</strong></span> <span class='ocrx_word' id='word_1_323' title='bbox 495 2242 539 2275; x_wconf 86' lang='lat' dir='ltr'><strong>de</strong></span> <span class='ocrx_word' id='word_1_324' title='bbox 561 2242 746 2275; x_wconf 87' lang='lat' dir='ltr'><strong>verborum</strong></span> <span class='ocrx_word' id='word_1_325' title='bbox 772 2241 872 2274; x_wconf 75' lang='lat' dir='ltr'><strong>silere</strong></span> <span class='ocrx_word' id='word_1_326' title='bbox 908 2244 942 2274; x_wconf 89' lang='lat' dir='ltr'><strong>et</strong></span> <span class='ocrx_word' id='word_1_327' title='bbox 973 2244 1087 2275; x_wconf 83' lang='lat' dir='ltr'><strong>tacere</strong></span> <span class='ocrx_word' id='word_1_328' title='bbox 1114 2240 1312 2275; x_wconf 86' lang='lat' dir='ltr'><strong>discrimine</strong></span> <span class='ocrx_word' id='word_1_329' title='bbox 1345 2241 1521 2282; x_wconf 87' lang='lat' dir='ltr'><strong>disseruit,</strong></span> <span class='ocrx_word' id='word_1_330' title='bbox 1557 2241 1624 2275; x_wconf 87' lang='lat' dir='ltr'><strong>nisi</strong></span> <span class='ocrx_word' id='word_1_331' title='bbox 1651 2243 1742 2286; x_wconf 89' lang='lat' dir='ltr'><strong>quod</strong></span> 
     </span>
     <span class='ocr_line' id='line_1_33' title="bbox 379 2300 1743 2350; baseline 0.001 -16"><span class='ocrx_word' id='word_1_332' title='bbox 379 2302 469 2335; x_wconf 89' lang='lat' dir='ltr'><strong>illud</strong></span> <span class='ocrx_word' id='word_1_333' title='bbox 491 2313 616 2350; x_wconf 77' lang='lat' dir='ltr'><strong>graece</strong></span> <span class='ocrx_word' id='word_1_334' title='bbox 641 2300 768 2346; x_wconf 78' lang='grc' dir='ltr'><strong>σιγᾶν,</strong></span> <span class='ocrx_word' id='word_1_335' title='bbox 793 2301 862 2333; x_wconf 89' lang='lat' dir='ltr'><strong>hoc</strong></span> <span class='ocrx_word' id='word_1_336' title='bbox 888 2301 1029 2335; x_wconf 77' lang='grc' dir='ltr'><em>σιωπᾶν</em></span> <span class='ocrx_word' id='word_1_337' title='bbox 1061 2312 1135 2335; x_wconf 85' lang='lat' dir='ltr'><strong>esse</strong></span> <span class='ocrx_word' id='word_1_338' title='bbox 1165 2300 1267 2342; x_wconf 85' lang='lat' dir='ltr'><strong>dicit;</strong></span> <span class='ocrx_word' id='word_1_339' title='bbox 1300 2312 1382 2334; x_wconf 86' lang='lat' dir='ltr'><strong>nam</strong></span> <span class='ocrx_word' id='word_1_340' title='bbox 1405 2302 1506 2345; x_wconf 82' lang='lat' dir='ltr'><strong>plane</strong></span> <span class='ocrx_word' id='word_1_341' title='bbox 1528 2305 1648 2336; x_wconf 87' lang='lat' dir='ltr'><strong>contra</strong></span> <span class='ocrx_word' id='word_1_342' title='bbox 1668 2312 1743 2336; x_wconf 85' lang='lat' dir='ltr'><strong>esse</strong></span> 
     </span>
     <span class='ocr_line' id='line_1_34' title="bbox 379 2360 1741 2405; baseline 0.002 -11"><span class='ocrx_word' id='word_1_343' title='bbox 379 2361 493 2405; x_wconf 86' lang='lat' dir='ltr'><strong>quivis</strong></span> <span class='ocrx_word' id='word_1_344' title='bbox 524 2365 684 2399; x_wconf 83' lang='lat' dir='ltr'><strong>accurate</strong></span> <span class='ocrx_word' id='word_1_345' title='bbox 713 2360 873 2404; x_wconf 83' lang='lat' dir='ltr'><strong>inspectis</strong></span> <span class='ocrx_word' id='word_1_346' title='bbox 909 2360 1091 2404; x_wconf 85' lang='lat' dir='ltr'><strong>exemplis,</strong></span> <span class='ocrx_word' id='word_1_347' title='bbox 1132 2372 1154 2396; x_wconf 85' lang='lat' dir='ltr'><strong>a</strong></span> <span class='ocrx_word' id='word_1_348' title='bbox 1199 2361 1408 2394; x_wconf 88' lang='lat' dir='ltr'><strong>Doederlino</strong></span> <span class='ocrx_word' id='word_1_349' title='bbox 1447 2361 1581 2403; x_wconf 86' lang='lat' dir='ltr'><strong>allatis,</strong></span> <span class='ocrx_word' id='word_1_350' title='bbox 1611 2362 1741 2398; x_wconf 85' lang='lat' dir='ltr'><strong>sentiet.</strong></span> 
     </span>
     <span class='ocr_line' id='line_1_35' title="bbox 380 2420 1752 2465; baseline 0.001 -10"><span class='ocrx_word' id='word_1_351' title='bbox 380 2422 482 2465; x_wconf 84' lang='lat' dir='ltr'><strong>Quae</strong></span> <span class='ocrx_word' id='word_1_352' title='bbox 504 2433 611 2465; x_wconf 89' lang='lat' dir='ltr'><strong>quum</strong></span> <span class='ocrx_word' id='word_1_353' title='bbox 631 2421 682 2455; x_wconf 88' lang='lat' dir='ltr'><strong>ita</strong></span> <span class='ocrx_word' id='word_1_354' title='bbox 704 2421 790 2462; x_wconf 83' lang='lat' dir='ltr'><strong>sint,</strong></span> <span class='ocrx_word' id='word_1_355' title='bbox 813 2420 908 2454; x_wconf 85' lang='lat' dir='ltr'><strong>vides</strong></span> <span class='ocrx_word' id='word_1_356' title='bbox 931 2431 1035 2464; x_wconf 90' lang='lat' dir='ltr'><strong>quam</strong></span> <span class='ocrx_word' id='word_1_357' title='bbox 1058 2432 1221 2465; x_wconf 89' lang='lat' dir='ltr'><strong>perverse</strong></span> <span class='ocrx_word' id='word_1_358' title='bbox 1243 2422 1343 2454; x_wconf 84' lang='lat' dir='ltr'><strong>silere</strong></span> <span class='ocrx_word' id='word_1_359' title='bbox 1365 2422 1509 2455; x_wconf 87' lang='lat' dir='ltr'><strong>verbum</strong></span> <span class='ocrx_word' id='word_1_360' title='bbox 1540 2421 1583 2454; x_wconf 89' lang='lat' dir='ltr'><strong>de</strong></span> <span class='ocrx_word' id='word_1_361' title='bbox 1615 2423 1752 2456; x_wconf 73' lang='lat' dir='ltr'><strong>omissa</strong></span> 
     </span>
     <span class='ocr_line' id='line_1_36' title="bbox 382 2479 1741 2527; baseline 0.001 -13"><span class='ocrx_word' id='word_1_362' title='bbox 382 2493 498 2515; x_wconf 84' lang='lat' dir='ltr'><strong>rerum</strong></span> <span class='ocrx_word' id='word_1_363' title='bbox 530 2480 868 2527; x_wconf 86' lang='lat' dir='ltr'><strong>Carthaginiensium</strong></span> <span class='ocrx_word' id='word_1_364' title='bbox 898 2482 1212 2515; x_wconf 79' lang='lat' dir='ltr'><strong>commemoratione</strong></span> <span class='ocrx_word' id='word_1_365' title='bbox 1243 2480 1392 2524; x_wconf 83' lang='lat' dir='ltr'><strong>positum</strong></span> <span class='ocrx_word' id='word_1_366' title='bbox 1430 2481 1485 2515; x_wconf 85' lang='lat' dir='ltr'><strong>sit.</strong></span> <span class='ocrx_word' id='word_1_367' title='bbox 1546 2479 1615 2514; x_wconf 85' lang='lat' dir='ltr'><strong>Sed</strong></span> <span class='ocrx_word' id='word_1_368' title='bbox 1645 2492 1741 2516; x_wconf 88' lang='lat' dir='ltr'><strong>scru-</strong></span> 
     </span>
     <span class='ocr_line' id='line_1_37' title="bbox 381 2539 1743 2585; baseline 0.001 -11"><span class='ocrx_word' id='word_1_369' title='bbox 381 2542 502 2584; x_wconf 89' lang='lat' dir='ltr'><strong>pulum</strong></span> <span class='ocrx_word' id='word_1_370' title='bbox 534 2542 681 2576; x_wconf 83' lang='lat' dir='ltr'><strong>fortasse</strong></span> <span class='ocrx_word' id='word_1_371' title='bbox 712 2539 843 2582; x_wconf 72' lang='lat' dir='ltr'><strong>inficit,</strong></span> <span class='ocrx_word' id='word_1_372' title='bbox 876 2541 967 2584; x_wconf 90' lang='lat' dir='ltr'><strong>quod</strong></span> <span class='ocrx_word' id='word_1_373' title='bbox 1001 2540 1236 2585; x_wconf 82' lang='lat' dir='ltr'><strong>Quintilianus</strong></span> <span class='ocrx_word' id='word_1_374' title='bbox 1267 2541 1372 2575; x_wconf 89' lang='lat' dir='ltr'><strong>etiam</strong></span> <span class='ocrx_word' id='word_1_375' title='bbox 1401 2551 1464 2584; x_wconf 84' lang='lat' dir='ltr'><strong>pro</strong></span> <span class='ocrx_word' id='word_1_376' title='bbox 1494 2541 1616 2574; x_wconf 77' lang='lat' dir='ltr'><strong>melius</strong></span> <span class='ocrx_word' id='word_1_377' title='bbox 1636 2541 1743 2576; x_wconf 85' lang='lat' dir='ltr'><strong>habet</strong></span> 
     </span>
     <span class='ocr_line' id='line_1_38' title="bbox 381 2599 1742 2646; baseline 0 -11"><span class='ocrx_word' id='word_1_378' title='bbox 381 2602 512 2642; x_wconf 77' lang='lat' dir='ltr'><strong>satius,</strong></span> <span class='ocrx_word' id='word_1_379' title='bbox 536 2606 596 2646; x_wconf 86' lang='lat' dir='ltr'><strong>ut,</strong></span> <span class='ocrx_word' id='word_1_380' title='bbox 629 2611 735 2644; x_wconf 89' lang='lat' dir='ltr'><strong>quum</strong></span> <span class='ocrx_word' id='word_1_381' title='bbox 759 2600 959 2634; x_wconf 89' lang='lat' dir='ltr'><strong>memoriter</strong></span> <span class='ocrx_word' id='word_1_382' title='bbox 981 2601 1097 2634; x_wconf 91' lang='lat' dir='ltr'><strong>locum</strong></span> <span class='ocrx_word' id='word_1_383' title='bbox 1121 2601 1263 2634; x_wconf 81' lang='lat' dir='ltr'><strong>laudare</strong></span> <span class='ocrx_word' id='word_1_384' title='bbox 1284 2600 1461 2642; x_wconf 85' lang='lat' dir='ltr'><strong>videatur,</strong></span> <span class='ocrx_word' id='word_1_385' title='bbox 1493 2599 1568 2634; x_wconf 87' lang='lat' dir='ltr'><strong>eius</strong></span> <span class='ocrx_word' id='word_1_386' title='bbox 1588 2601 1742 2635; x_wconf 84' lang='lat' dir='ltr'><strong>testimo—</strong></span> 
     </span>
     <span class='ocr_line' id='line_1_39' title="bbox 380 2660 1743 2704; baseline -0.001 -9"><span class='ocrx_word' id='word_1_387' title='bbox 380 2661 439 2696; x_wconf 92' lang='lat' dir='ltr'><strong>nio</strong></span> <span class='ocrx_word' id='word_1_388' title='bbox 462 2660 550 2694; x_wconf 83' lang='lat' dir='ltr'><strong>nihil</strong></span> <span class='ocrx_word' id='word_1_389' title='bbox 573 2660 792 2695; x_wconf 87' lang='lat' dir='ltr'><strong>tribuendum</strong></span> <span class='ocrx_word' id='word_1_390' title='bbox 816 2660 871 2696; x_wconf 89' lang='lat' dir='ltr'><strong>sit.</strong></span> <span class='ocrx_word' id='word_1_391' title='bbox 915 2660 1119 2694; x_wconf 88' lang='lat' dir='ltr'><strong>Memoriter</strong></span> <span class='ocrx_word' id='word_1_392' title='bbox 1140 2661 1300 2695; x_wconf 85' lang='lat' dir='ltr'><strong>laudasse</strong></span> <span class='ocrx_word' id='word_1_393' title='bbox 1322 2660 1490 2702; x_wconf 89' lang='lat' dir='ltr'><strong>concedo,</strong></span> <span class='ocrx_word' id='word_1_394' title='bbox 1521 2660 1579 2693; x_wconf 88' lang='lat' dir='ltr'><strong>sed</strong></span> <span class='ocrx_word' id='word_1_395' title='bbox 1602 2661 1743 2704; x_wconf 88' lang='lat' dir='ltr'><strong>loquen-</strong></span> 
     </span>
     <span class='ocr_line' id='line_1_40' title="bbox 380 2717 1743 2765; baseline 0.002 -14"><span class='ocrx_word' id='word_1_396' title='bbox 380 2717 416 2751; x_wconf 87' lang='lat' dir='ltr'><strong>di</strong></span> <span class='ocrx_word' id='word_1_397' title='bbox 450 2729 514 2753; x_wconf 90' lang='lat' dir='ltr'><strong>usu</strong></span> <span class='ocrx_word' id='word_1_398' title='bbox 542 2718 628 2753; x_wconf 85' lang='lat' dir='ltr'><strong>duce</strong></span> <span class='ocrx_word' id='word_1_399' title='bbox 658 2718 990 2764; x_wconf 84' lang='lat' dir='ltr'><strong>intelligentissimus</strong></span> <span class='ocrx_word' id='word_1_400' title='bbox 1017 2719 1158 2765; x_wconf 85' lang='lat' dir='ltr'><strong>linguae</strong></span> <span class='ocrx_word' id='word_1_401' title='bbox 1185 2719 1398 2754; x_wconf 80' lang='lat' dir='ltr'><strong>existimator</strong></span> <span class='ocrx_word' id='word_1_402' title='bbox 1426 2719 1461 2753; x_wconf 88' lang='lat' dir='ltr'><strong>in</strong></span> <span class='ocrx_word' id='word_1_403' title='bbox 1493 2724 1608 2754; x_wconf 86' lang='lat' dir='ltr'><strong>tacere</strong></span> <span class='ocrx_word' id='word_1_404' title='bbox 1636 2721 1743 2754; x_wconf 87' lang='lat' dir='ltr'><strong>verbo</strong></span> 
     </span>
    </p>
   </div>
  </div>
 </body>
</html>
