<?xml version="1.0" encoding="UTF-8"?>
<!DOCTYPE html PUBLIC "-//W3C//DTD XHTML 1.0 Transitional//EN"
    "http://www.w3.org/TR/xhtml1/DTD/xhtml1-transitional.dtd">
<html xmlns="http://www.w3.org/1999/xhtml" xml:lang="en" lang="en">
 <head>
  <title>
</title>
<meta http-equiv="Content-Type" content="text/html;charset=utf-8" />
  <meta name='ocr-system' content='tesseract 3.04.00' />
  <meta name='ocr-capabilities' content='ocr_page ocr_carea ocr_par ocr_line ocrx_word'/>
</head>
<body>
  <div class='ocr_page' id='page_1' title='image "./operaquaesupers02salluoft/operaquaesupers02salluoft_0502.png"; bbox 0 0 1826 3276; ppageno 0'>
   <div class='ocr_carea' id='block_1_1' title="bbox 412 152 1415 212">
    <p class='ocr_par' dir='ltr' id='par_1_1' title="bbox 412 152 1415 212">
     <span class='ocr_line' id='line_1_1' title="bbox 412 152 1415 212; baseline -0.003 -12"><span class='ocrx_word' id='word_1_1' title='bbox 412 161 515 212; x_wconf 17' lang='lat'><strong>480,</strong></span> <span class='ocrx_word' id='word_1_2' title='bbox 765 154 810 196; x_wconf 91' lang='lat' dir='ltr'><strong>G.</strong></span> <span class='ocrx_word' id='word_1_3' title='bbox 839 153 1158 196; x_wconf 87' lang='lat' dir='ltr'>SALLUSTI</span> <span class='ocrx_word' id='word_1_4' title='bbox 1195 152 1415 198; x_wconf 84' lang='lat' dir='ltr'>CRISPI</span> 
     </span>
    </p>
   </div>
   <div class='ocr_carea' id='block_1_2' title="bbox 378 266 1801 800">
    <p class='ocr_par' dir='ltr' id='par_1_2' title="bbox 378 266 1801 800">
     <span class='ocr_line' id='line_1_2' title="bbox 378 266 1765 329; baseline -0.005 -13"><span class='ocrx_word' id='word_1_5' title='bbox 378 279 404 318; x_wconf 91' lang='lat'><strong>6</strong></span> <span class='ocrx_word' id='word_1_6' title='bbox 417 271 486 316; x_wconf 85' lang='lat' dir='ltr'><strong>siti</strong></span> <span class='ocrx_word' id='word_1_7' title='bbox 519 270 660 329; x_wconf 83' lang='lat' dir='ltr'><strong>magis</strong></span> <span class='ocrx_word' id='word_1_8' title='bbox 695 281 828 324; x_wconf 85' lang='lat' dir='ltr'><strong>quam</strong></span> <span class='ocrx_word' id='word_1_9' title='bbox 870 267 954 310; x_wconf 87' lang='lat' dir='ltr'><strong>alia</strong></span> <span class='ocrx_word' id='word_1_10' title='bbox 997 281 1046 310; x_wconf 89' lang='lat' dir='ltr'><strong>re</strong></span> <span class='ocrx_word' id='word_1_11' title='bbox 1091 266 1353 310; x_wconf 83' lang='lat' dir='ltr'><strong>accenditur.</strong></span> <span class='ocrx_word' id='word_1_12' title='bbox 1421 267 1530 312; x_wconf 80' lang='lat' dir='ltr'><strong>Eius</strong></span> <span class='ocrx_word' id='word_1_13' title='bbox 1565 266 1765 327; x_wconf 74' lang='lat' dir='ltr'><strong>potiundi</strong></span> 
     </span>
     <span class='ocr_line' id='line_1_3' title="bbox 410 338 1765 421; baseline -0.004 -12"><span class='ocrx_word' id='word_1_14' title='bbox 410 365 603 410; x_wconf 89' lang='lat' dir='ltr'><strong>Marium</strong></span> <span class='ocrx_word' id='word_1_15' title='bbox 637 338 846 406; x_wconf 84' lang='lat' dir='ltr'><strong>maxuma</strong></span> <span class='ocrx_word' id='word_1_16' title='bbox 887 360 1055 420; x_wconf 86' lang='lat' dir='ltr'><strong>cupido</strong></span> <span class='ocrx_word' id='word_1_17' title='bbox 1102 361 1341 417; x_wconf 80' lang='lat' dir='ltr'><strong>invaserat,</strong></span> <span class='ocrx_word' id='word_1_18' title='bbox 1399 366 1533 420; x_wconf 85' lang='lat' dir='ltr'><strong>quum</strong></span> <span class='ocrx_word' id='word_1_19' title='bbox 1581 367 1765 421; x_wconf 80' lang='lat' dir='ltr'><strong>propter</strong></span> 
     </span>
     <span class='ocr_line' id='line_1_4' title="bbox 410 455 1766 515; baseline -0.004 -11"><span class='ocrx_word' id='word_1_20' title='bbox 410 474 537 504; x_wconf 88' lang='lat' dir='ltr'><strong>usum</strong></span> <span class='ocrx_word' id='word_1_21' title='bbox 569 457 696 513; x_wconf 79' lang='lat' dir='ltr'><strong>belli,</strong></span> <span class='ocrx_word' id='word_1_22' title='bbox 730 464 823 500; x_wconf 89' lang='lat' dir='ltr'><strong>tum</strong></span> <span class='ocrx_word' id='word_1_23' title='bbox 857 456 959 514; x_wconf 88' lang='lat' dir='ltr'><strong>quia</strong></span> <span class='ocrx_word' id='word_1_24' title='bbox 991 471 1062 500; x_wconf 86' lang='lat' dir='ltr'><strong>res</strong></span> <span class='ocrx_word' id='word_1_25' title='bbox 1100 470 1258 515; x_wconf 84' lang='lat' dir='ltr'><strong>aspera</strong></span> <span class='ocrx_word' id='word_1_26' title='bbox 1289 455 1543 512; x_wconf 83' lang='lat' dir='ltr'><strong>videbatur,</strong></span> <span class='ocrx_word' id='word_1_27' title='bbox 1585 461 1643 500; x_wconf 87' lang='lat' dir='ltr'><strong>et·</strong></span> <span class='ocrx_word' id='word_1_28' title='bbox 1660 455 1766 499; x_wconf 88' lang='lat' dir='ltr'><strong>Me-</strong></span> 
     </span>
     <span class='ocr_line' id='line_1_5' title="bbox 411 548 1768 611; baseline -0.004 -14"><span class='ocrx_word' id='word_1_29' title='bbox 411 554 538 597; x_wconf 78' lang='lat' dir='ltr'><strong>tellus</strong></span> <span class='ocrx_word' id='word_1_30' title='bbox 578 549 796 611; x_wconf 80' lang='lat' dir='ltr'><strong>oppidum</strong></span> <span class='ocrx_word' id='word_1_31' title='bbox 830 550 1022 594; x_wconf 85' lang='lat' dir='ltr'>Thalam</span> <span class='ocrx_word' id='word_1_32' title='bbox 1057 565 1221 610; x_wconf 88' lang='lat' dir='ltr'><strong>magna</strong></span> <span class='ocrx_word' id='word_1_33' title='bbox 1249 551 1396 610; x_wconf 86' lang='lat' dir='ltr'><strong>gloria</strong></span> <span class='ocrx_word' id='word_1_34' title='bbox 1420 555 1613 609; x_wconf 83' lang='lat' dir='ltr'>ceperat,</span> <span class='ocrx_word' id='word_1_35' title='bbox 1645 548 1768 592; x_wconf 85' lang='lat' dir='ltr'><strong>haud</strong></span> 
     </span>
     <span class='ocr_line' id='line_1_6' title="bbox 409 643 1801 704; baseline -0.003 -13"><span class='ocrx_word' id='word_1_36' title='bbox 409 647 674 692; x_wconf 82' lang='lat' dir='ltr'><strong>dissimiliter</strong></span> <span class='ocrx_word' id='word_1_37' title='bbox 710 646 838 690; x_wconf 88' lang='lat' dir='ltr'><strong>situm</strong></span> <span class='ocrx_word' id='word_1_38' title='bbox 871 645 1193 703; x_wconf 90' lang='lat' dir='ltr'><strong>munitumque,</strong></span> <span class='ocrx_word' id='word_1_39' title='bbox 1224 645 1306 689; x_wconf 87' lang='lat' dir='ltr'><strong>nisi</strong></span> <span class='ocrx_word' id='word_1_40' title='bbox 1338 645 1462 704; x_wconf 87' lang='lat' dir='ltr'><strong>quod</strong></span> <span class='ocrx_word' id='word_1_41' title='bbox 1491 643 1611 704; x_wconf 85' lang='lat' dir='ltr'><strong>apud</strong></span> <span class='ocrx_word' id='word_1_42' title='bbox 1639 644 1765 688; x_wconf 89' lang='lat' dir='ltr'><strong>Tha·</strong></span> <span class='ocrx_word' id='word_1_43' title='bbox 1798 661 1801 664; x_wconf 60' lang='grc'><strong><em>’</em></strong></span> 
     </span>
     <span class='ocr_line' id='line_1_7' title="bbox 408 739 1767 800; baseline -0.005 -12"><span class='ocrx_word' id='word_1_44' title='bbox 408 745 499 788; x_wconf 86' lang='lat' dir='ltr'><strong>lam</strong></span> <span class='ocrx_word' id='word_1_45' title='bbox 532 756 635 786; x_wconf 68' lang='lat' dir='ltr'><strong>,non</strong></span> <span class='ocrx_word' id='word_1_46' title='bbox 689 741 824 800; x_wconf 87' lang='lat' dir='ltr'><strong>longe</strong></span> <span class='ocrx_word' id='word_1_47' title='bbox 879 755 907 783; x_wconf 90' lang='lat' dir='ltr'><strong>a</strong></span> <span class='ocrx_word' id='word_1_48' title='bbox 949 739 1177 783; x_wconf 83' lang='lat' dir='ltr'><strong>moenibus</strong></span> <span class='ocrx_word' id='word_1_49' title='bbox 1227 740 1393 798; x_wconf 83' lang='lat' dir='ltr'><strong>aliquot</strong></span> <span class='ocrx_word' id='word_1_50' title='bbox 1438 740 1581 784; x_wconf 85' lang='lat' dir='ltr'><strong>fontes</strong></span> <span class='ocrx_word' id='word_1_51' title='bbox 1624 743 1767 793; x_wconf 83' lang='lat' dir='ltr'><strong>erant,</strong></span> 
     </span>
    </p>
   </div>
   <div class='ocr_carea' id='block_1_3' title="bbox 411 832 1768 898">
    <p class='ocr_par' dir='ltr' id='par_1_3' title="bbox 411 832 1768 898">
     <span class='ocr_line' id='line_1_8' title="bbox 411 832 1768 898; baseline -0.004 -15"><span class='ocrx_word' id='word_1_52' title='bbox 411 839 663 898; x_wconf 79' lang='lat' dir='ltr'><strong>Capsenses</strong></span> <span class='ocrx_word' id='word_1_53' title='bbox 699 851 785 879; x_wconf 92' lang='lat' dir='ltr'><strong>una</strong></span> <span class='ocrx_word' id='word_1_54' title='bbox 820 835 970 891; x_wconf 81' lang='lat' dir='ltr'><strong>mode,</strong></span> <span class='ocrx_word' id='word_1_55' title='bbox 1010 841 1143 892; x_wconf 88' lang='lat' dir='ltr'><strong>atque</strong></span> <span class='ocrx_word' id='word_1_56' title='bbox 1178 850 1231 878; x_wconf 87' lang='lat' dir='ltr'><strong>ea</strong></span> <span class='ocrx_word' id='word_1_57' title='bbox 1260 836 1376 879; x_wconf 83' lang='lat' dir='ltr'><strong>intra</strong></span> <span class='ocrx_word' id='word_1_58' title='bbox 1409 833 1648 894; x_wconf 83' lang='lat' dir='ltr'><strong>oppidum,</strong></span> <span class='ocrx_word' id='word_1_59' title='bbox 1678 832 1768 892; x_wconf 86' lang='lat' dir='ltr'><strong>iugi</strong></span> 
     </span>
    </p>
   </div>
   <div class='ocr_carea' id='block_1_4' title="bbox 401 957 1774 2735">
    <p class='ocr_par' dir='ltr' id='par_1_4' title="bbox 403 957 1770 1602">
     <span class='ocr_line' id='line_1_9' title="bbox 408 957 1770 1004; baseline -0.007 -7"><span class='ocrx_word' id='word_1_60' title='bbox 408 968 482 997; x_wconf 81' lang='lat' dir='ltr'><strong>tum</strong></span> <span class='ocrx_word' id='word_1_61' title='bbox 512 965 565 996; x_wconf 85' lang='lat' dir='ltr'><strong>est</strong></span> <span class='ocrx_word' id='word_1_62' title='bbox 596 961 688 995; x_wconf 87' lang='lat' dir='ltr'><strong>enim</strong></span> <span class='ocrx_word' id='word_1_63' title='bbox 722 960 813 1004; x_wconf 88' lang='lat' dir='ltr'><strong>quod</strong></span> <span class='ocrx_word' id='word_1_64' title='bbox 847 969 968 1002; x_wconf 85' lang='lat' dir='ltr'><strong>reapse</strong></span> <span class='ocrx_word' id='word_1_65' title='bbox 997 958 1163 1003; x_wconf 85' lang='lat' dir='ltr'><strong>periculis</strong></span> <span class='ocrx_word' id='word_1_66' title='bbox 1194 970 1262 994; x_wconf 88' lang='lat' dir='ltr'><strong>non</strong></span> <span class='ocrx_word' id='word_1_67' title='bbox 1291 964 1343 994; x_wconf 81' lang='lat' dir='ltr'><strong>est</strong></span> <span class='ocrx_word' id='word_1_68' title='bbox 1370 959 1518 993; x_wconf 86' lang='lat' dir='ltr'><strong>liberum</strong></span> <span class='ocrx_word' id='word_1_69' title='bbox 1541 957 1770 999; x_wconf 78' lang='lat' dir='ltr'><strong>damnumque</strong></span> 
     </span>
     <span class='ocr_line' id='line_1_10' title="bbox 406 1015 1768 1064; baseline -0.007 -7"><span class='ocrx_word' id='word_1_70' title='bbox 406 1023 579 1064; x_wconf 80' lang='lat' dir='ltr'><strong>minatur3</strong></span> <span class='ocrx_word' id='word_1_71' title='bbox 602 1022 765 1064; x_wconf 78' lang='lat' dir='ltr'><strong>infestum</strong></span> <span class='ocrx_word' id='word_1_72' title='bbox 788 1030 893 1061; x_wconf 86' lang='lat' dir='ltr'><strong>vero,</strong></span> <span class='ocrx_word' id='word_1_73' title='bbox 926 1019 1018 1062; x_wconf 85' lang='lat' dir='ltr'><strong>quod</strong></span> <span class='ocrx_word' id='word_1_74' title='bbox 1049 1019 1202 1052; x_wconf 88' lang='lat' dir='ltr'><strong>animum</strong></span> <span class='ocrx_word' id='word_1_75' title='bbox 1223 1019 1453 1062; x_wconf 74' lang='lat' dir='ltr'><strong>periculorum</strong></span> <span class='ocrx_word' id='word_1_76' title='bbox 1476 1017 1675 1052; x_wconf 85' lang='lat' dir='ltr'><strong>instantium</strong></span> <span class='ocrx_word' id='word_1_77' title='bbox 1695 1015 1768 1060; x_wconf 72' lang='lat' dir='ltr'><strong>opi—</strong></span> 
     </span>
     <span class='ocr_line' id='line_1_11' title="bbox 407 1076 1770 1126; baseline -0.006 -9"><span class='ocrx_word' id='word_1_78' title='bbox 407 1085 506 1118; x_wconf 78' lang='lat' dir='ltr'><strong>nione</strong></span> <span class='ocrx_word' id='word_1_79' title='bbox 538 1081 717 1126; x_wconf 87' lang='lat' dir='ltr'><strong>perturbat</strong></span> <span class='ocrx_word' id='word_1_80' title='bbox 745 1083 780 1115; x_wconf 89' lang='lat' dir='ltr'><strong>et</strong></span> <span class='ocrx_word' id='word_1_81' title='bbox 809 1078 973 1113; x_wconf 85' lang='lat' dir='ltr'><strong>horribili</strong></span> <span class='ocrx_word' id='word_1_82' title='bbox 1003 1078 1154 1122; x_wconf 83' lang='lat' dir='ltr'><strong>quadam</strong></span> <span class='ocrx_word' id='word_1_83' title='bbox 1180 1079 1366 1122; x_wconf 72' lang='lat' dir='ltr'><strong>formidine</strong></span> <span class='ocrx_word' id='word_1_84' title='bbox 1387 1077 1517 1121; x_wconf 82' lang='lat' dir='ltr'><strong>implet.</strong></span> <span class='ocrx_word' id='word_1_85' title='bbox 1562 1076 1673 1122; x_wconf 71' lang='lat' dir='ltr'><strong>Igitur</strong></span> <span class='ocrx_word' id='word_1_86' title='bbox 1695 1076 1770 1109; x_wconf 82' lang='lat' dir='ltr'><strong>loca</strong></span> 
     </span>
     <span class='ocr_line' id='line_1_12' title="bbox 406 1134 1768 1188; baseline -0.009 -9"><span class='ocrx_word' id='word_1_87' title='bbox 406 1143 617 1188; x_wconf 78' lang='lat' dir='ltr'><strong>serpentibus</strong></span> <span class='ocrx_word' id='word_1_88' title='bbox 651 1142 780 1184; x_wconf 79' lang='lat' dir='ltr'><strong>infesta</strong></span> <span class='ocrx_word' id='word_1_89' title='bbox 810 1150 879 1173; x_wconf 90' lang='lat' dir='ltr'><strong>non</strong></span> <span class='ocrx_word' id='word_1_90' title='bbox 918 1137 1121 1181; x_wconf 87' lang='lat' dir='ltr'><strong>simpliciter</strong></span> <span class='ocrx_word' id='word_1_91' title='bbox 1153 1140 1231 1172; x_wconf 90' lang='lat' dir='ltr'><strong>sunt</strong></span> <span class='ocrx_word' id='word_1_92' title='bbox 1266 1147 1327 1180; x_wconf 84' lang='lat' dir='ltr'><strong>per</strong></span> <span class='ocrx_word' id='word_1_93' title='bbox 1363 1139 1534 1180; x_wconf 73' lang='lat' dir='ltr'><strong>serpentes</strong></span> <span class='ocrx_word' id='word_1_94' title='bbox 1564 1134 1768 1178; x_wconf 86' lang='lat' dir='ltr'><strong>periculosa,</strong></span> 
     </span>
     <span class='ocr_line' id='line_1_13' title="bbox 406 1193 1769 1246; baseline -0.007 -9"><span class='ocrx_word' id='word_1_95' title='bbox 406 1204 465 1238; x_wconf 83' lang='lat' dir='ltr'><strong>sed</strong></span> <span class='ocrx_word' id='word_1_96' title='bbox 488 1213 577 1246; x_wconf 86' lang='lat' dir='ltr'><strong>quae</strong></span> <span class='ocrx_word' id='word_1_97' title='bbox 599 1211 640 1234; x_wconf 85' lang='lat' dir='ltr'><strong>eo</strong></span> <span class='ocrx_word' id='word_1_98' title='bbox 661 1200 844 1234; x_wconf 86' lang='lat' dir='ltr'><strong>horrorem</strong></span> <span class='ocrx_word' id='word_1_99' title='bbox 866 1198 981 1234; x_wconf 87' lang='lat' dir='ltr'><strong>animo</strong></span> <span class='ocrx_word' id='word_1_100' title='bbox 1003 1197 1168 1235; x_wconf 85' lang='lat' dir='ltr'><strong>iniiciant.</strong></span> <span class='ocrx_word' id='word_1_101' title='bbox 1192 1216 1235 1222; x_wconf 94' lang='lat'><strong>—-</strong></span> <span class='ocrx_word' id='word_1_102' title='bbox 1261 1196 1410 1239; x_wconf 77' lang='lat' dir='ltr'><strong>Quorum</strong></span> <span class='ocrx_word' id='word_1_103' title='bbox 1430 1198 1524 1229; x_wconf 81' lang='lat' dir='ltr'><strong>recte</strong></span> <span class='ocrx_word' id='word_1_104' title='bbox 1546 1193 1769 1228; x_wconf 83' lang='lat' dir='ltr'><strong>Gerlachium</strong></span> 
     </span>
     <span class='ocr_line' id='line_1_14' title="bbox 404 1253 1769 1306; baseline -0.008 -9"><span class='ocrx_word' id='word_1_105' title='bbox 404 1262 577 1306; x_wconf 79' lang='lat' dir='ltr'><strong>scripsisse</strong></span> <span class='ocrx_word' id='word_1_106' title='bbox 598 1263 759 1304; x_wconf 86' lang='lat' dir='ltr'><strong>putamus</strong></span> <span class='ocrx_word' id='word_1_107' title='bbox 782 1268 846 1301; x_wconf 87' lang='lat' dir='ltr'><strong>pro</strong></span> <span class='ocrx_word' id='word_1_108' title='bbox 867 1269 1024 1301; x_wconf 81' lang='lat' dir='ltr'><strong>quarum,</strong></span> <span class='ocrx_word' id='word_1_109' title='bbox 1047 1263 1086 1292; x_wconf 85' lang='lat' dir='ltr'><strong>ut</strong></span> <span class='ocrx_word' id='word_1_110' title='bbox 1107 1258 1143 1292; x_wconf 87' lang='lat' dir='ltr'><strong>in</strong></span> <span class='ocrx_word' id='word_1_111' title='bbox 1167 1258 1312 1300; x_wconf 79' lang='lat' dir='ltr'><strong>vulgata</strong></span> <span class='ocrx_word' id='word_1_112' title='bbox 1333 1258 1404 1296; x_wconf 83' lang='lat' dir='ltr'><strong>est;</strong></span> <span class='ocrx_word' id='word_1_113' title='bbox 1427 1253 1656 1288; x_wconf 86' lang='lat' dir='ltr'><strong>masculinum</strong></span> <span class='ocrx_word' id='word_1_114' title='bbox 1677 1253 1769 1286; x_wconf 81' lang='lat' dir='ltr'><strong>enim</strong></span> 
     </span>
     <span class='ocr_line' id='line_1_15' title="bbox 404 1314 1769 1368; baseline -0.008 -11"><span class='ocrx_word' id='word_1_115' title='bbox 404 1323 571 1368; x_wconf 78' lang='lat' dir='ltr'><strong>praebent</strong></span> <span class='ocrx_word' id='word_1_116' title='bbox 598 1321 679 1353; x_wconf 88' lang='lat' dir='ltr'><strong>Bas.</strong></span> <span class='ocrx_word' id='word_1_117' title='bbox 704 1318 737 1350; x_wconf 86' lang='lat'><strong>1.</strong></span> <span class='ocrx_word' id='word_1_118' title='bbox 762 1315 795 1348; x_wconf 87' lang='grc'><strong>4.</strong></span> <span class='ocrx_word' id='word_1_119' title='bbox 821 1316 932 1350; x_wconf 85' lang='lat' dir='ltr'><strong>Paris.</strong></span> <span class='ocrx_word' id='word_1_120' title='bbox 957 1318 991 1351; x_wconf 85' lang='lat' dir='ltr'><strong>b.</strong></span> <span class='ocrx_word' id='word_1_121' title='bbox 1017 1329 1046 1352; x_wconf 84' lang='lat' dir='ltr'><strong>c.</strong></span> <span class='ocrx_word' id='word_1_122' title='bbox 1070 1330 1100 1352; x_wconf 87' lang='lat' dir='ltr'><strong>z.</strong></span> <span class='ocrx_word' id='word_1_123' title='bbox 1124 1320 1159 1351; x_wconf 87' lang='lat' dir='ltr'><strong>et</strong></span> <span class='ocrx_word' id='word_1_124' title='bbox 1181 1329 1213 1350; x_wconf 86' lang='lat' dir='ltr'><strong>x.</strong></span> <span class='ocrx_word' id='word_1_125' title='bbox 1237 1327 1284 1350; x_wconf 87' lang='lat' dir='ltr'><strong>m.</strong></span> <span class='ocrx_word' id='word_1_126' title='bbox 1307 1326 1360 1358; x_wconf 86' lang='lat' dir='ltr'><strong>pr.</strong></span> <span class='ocrx_word' id='word_1_127' title='bbox 1382 1314 1478 1349; x_wconf 84' lang='lat' dir='ltr'><strong>Lcid.</strong></span> <span class='ocrx_word' id='word_1_128' title='bbox 1501 1315 1543 1348; x_wconf 85' lang='grc' dir='ltr'><strong>Α.</strong></span> <span class='ocrx_word' id='word_1_129' title='bbox 1569 1314 1613 1350; x_wconf 86' lang='grc' dir='ltr'><strong>Β.</strong></span> <span class='ocrx_word' id='word_1_130' title='bbox 1638 1314 1677 1349; x_wconf 85' lang='lat' dir='ltr'><strong>C.</strong></span> <span class='ocrx_word' id='word_1_131' title='bbox 1698 1314 1769 1347; x_wconf 85' lang='lat' dir='ltr'><strong>Be-</strong></span> 
     </span>
     <span class='ocr_line' id='line_1_16' title="bbox 403 1372 1769 1420; baseline -0.008 -4"><span class='ocrx_word' id='word_1_132' title='bbox 403 1382 470 1416; x_wconf 68' lang='grc' dir='ltr'><strong>τοι.</strong></span> <span class='ocrx_word' id='word_1_133' title='bbox 493 1381 526 1416; x_wconf 87' lang='grc'><strong>1.</strong></span> <span class='ocrx_word' id='word_1_134' title='bbox 548 1379 582 1414; x_wconf 77' lang='lat'><strong>2.</strong></span> <span class='ocrx_word' id='word_1_135' title='bbox 606 1377 725 1417; x_wconf 89' lang='lat' dir='ltr'><strong>Misn.,</strong></span> <span class='ocrx_word' id='word_1_136' title='bbox 748 1386 866 1409; x_wconf 86' lang='lat' dir='ltr'><strong>omnes</strong></span> <span class='ocrx_word' id='word_1_137' title='bbox 896 1375 969 1410; x_wconf 80' lang='lat' dir='ltr'><strong>fere</strong></span> <span class='ocrx_word' id='word_1_138' title='bbox 991 1377 1083 1420; x_wconf 63' lang='lat' dir='ltr'><strong>Ital„</strong></span> <span class='ocrx_word' id='word_1_139' title='bbox 1106 1387 1148 1411; x_wconf 91' lang='lat' dir='ltr'><strong>ac</strong></span> <span class='ocrx_word' id='word_1_140' title='bbox 1170 1375 1382 1420; x_wconf 76' lang='lat' dir='ltr'><strong>probabilius</strong></span> <span class='ocrx_word' id='word_1_141' title='bbox 1405 1374 1540 1408; x_wconf 83' lang='lat' dir='ltr'><strong>videtur</strong></span> <span class='ocrx_word' id='word_1_142' title='bbox 1562 1372 1692 1407; x_wconf 79' lang='lat' dir='ltr'><strong>scribas</strong></span> <span class='ocrx_word' id='word_1_143' title='bbox 1715 1373 1769 1406; x_wconf 80' lang='lat' dir='ltr'><strong>fe-</strong></span> 
     </span>
     <span class='ocr_line' id='line_1_17' title="bbox 403 1426 1768 1481; baseline -0.006 -6"><span class='ocrx_word' id='word_1_144' title='bbox 403 1441 589 1481; x_wconf 89' lang='lat' dir='ltr'><strong>mininum,</strong></span> <span class='ocrx_word' id='word_1_145' title='bbox 623 1436 713 1481; x_wconf 84' lang='lat' dir='ltr'><strong>quod</strong></span> <span class='ocrx_word' id='word_1_146' title='bbox 745 1433 905 1469; x_wconf 76' lang='lat' dir='ltr'><strong>usitatius</strong></span> <span class='ocrx_word' id='word_1_147' title='bbox 939 1441 991 1471; x_wconf 82' lang='lat' dir='ltr'><strong>est</strong></span> <span class='ocrx_word' id='word_1_148' title='bbox 1023 1438 1075 1480; x_wconf 86' lang='lat' dir='ltr'><strong>(v.</strong></span> <span class='ocrx_word' id='word_1_149' title='bbox 1107 1438 1210 1470; x_wconf 80' lang='lat' dir='ltr'><strong>conr.</strong></span> <span class='ocrx_word' id='word_1_150' title='bbox 1246 1434 1352 1477; x_wconf 82' lang='lat' dir='ltr'><strong>Leop.</strong></span> <span class='ocrx_word' id='word_1_151' title='bbox 1384 1426 1589 1467; x_wconf 83' lang='lat' dir='ltr'><strong>Schneideri</strong></span> <span class='ocrx_word' id='word_1_152' title='bbox 1611 1433 1768 1467; x_wconf 81' lang='lat' dir='ltr'><strong>Gramm.</strong></span> 
     </span>
     <span class='ocr_line' id='line_1_18' title="bbox 403 1493 1768 1542; baseline -0.009 -6"><span class='ocrx_word' id='word_1_153' title='bbox 403 1501 482 1536; x_wconf 79' lang='lat' dir='ltr'><strong>Lat.</strong></span> <span class='ocrx_word' id='word_1_154' title='bbox 510 1500 555 1534; x_wconf 92' lang='lat'><strong>11.</strong></span> <span class='ocrx_word' id='word_1_155' title='bbox 588 1509 621 1542; x_wconf 87' lang='lat' dir='ltr'><strong>p.</strong></span> <span class='ocrx_word' id='word_1_156' title='bbox 646 1495 765 1539; x_wconf 59' lang='lat'><strong>1250,</strong></span> <span class='ocrx_word' id='word_1_157' title='bbox 795 1494 831 1527; x_wconf 89' lang='lat' dir='ltr'><strong>in</strong></span> <span class='ocrx_word' id='word_1_158' title='bbox 862 1494 1090 1529; x_wconf 79' lang='lat' dir='ltr'><strong>masculinum</strong></span> <span class='ocrx_word' id='word_1_159' title='bbox 1121 1497 1298 1535; x_wconf 87' lang='lat' dir='ltr'><strong>mutasse,</strong></span> <span class='ocrx_word' id='word_1_160' title='bbox 1327 1503 1433 1536; x_wconf 80' lang='lat' dir='ltr'><strong>quam</strong></span> <span class='ocrx_word' id='word_1_161' title='bbox 1464 1495 1592 1530; x_wconf 85' lang='lat' dir='ltr'><strong>contra.</strong></span> <span class='ocrx_word' id='word_1_162' title='bbox 1616 1510 1663 1518; x_wconf 89' lang='lat'><strong>—-</strong></span> <span class='ocrx_word' id='word_1_163' title='bbox 1685 1493 1768 1537; x_wconf 79' lang='lat' dir='ltr'><strong>Ipsa</strong></span> 
     </span>
     <span class='ocr_line' id='line_1_19' title="bbox 404 1534 1659 1602; baseline -0.013 -8"><span class='ocrx_word' id='word_1_164' title='bbox 404 1560 431 1594; x_wconf 85' lang='lat' dir='ltr'><strong>i.</strong></span> <span class='ocrx_word' id='word_1_165' title='bbox 454 1570 486 1594; x_wconf 77' lang='lat' dir='ltr'><strong>e.</strong></span> <span class='ocrx_word' id='word_1_166' title='bbox 510 1569 573 1602; x_wconf 77' lang='lat' dir='ltr'><strong>per</strong></span> <span class='ocrx_word' id='word_1_167' title='bbox 594 1569 647 1596; x_wconf 75' lang='lat' dir='ltr'><strong>se,</strong></span> <span class='ocrx_word' id='word_1_168' title='bbox 668 1556 713 1590; x_wconf 77' lang='lat' dir='ltr'><strong>cf.</strong></span> <span class='ocrx_word' id='word_1_169' title='bbox 738 1555 782 1589; x_wconf 71' lang='lat' dir='ltr'><strong>aa</strong></span> <span class='ocrx_word' id='word_1_170' title='bbox 805 1565 834 1587; x_wconf 81' lang='lat' dir='ltr'><strong>c.</strong></span> <span class='ocrx_word' id='word_1_171' title='bbox 858 1554 980 1595; x_wconf 76' lang='lat' dir='ltr'><strong>wa,</strong></span> <span class='ocrx_word' id='word_1_172' title='bbox 1004 1553 1039 1587; x_wconf 77' lang='lat'><strong>4.</strong></span> <span class='ocrx_word' id='word_1_173' title='bbox 1625 1556 1633 1566; x_wconf 62' lang='grc' dir='ltr'>ι</span> <span class='ocrx_word' id='word_1_174' title='bbox 1656 1534 1659 1544; x_wconf 72' lang='lat'><strong>⁴</strong></span> 
     </span>
    </p>

    <p class='ocr_par' dir='ltr' id='par_1_5' title="bbox 401 1609 1774 2735">
     <span class='ocr_line' id='line_1_20' title="bbox 496 1609 1774 1661; baseline -0.007 -9"><span class='ocrx_word' id='word_1_175' title='bbox 496 1621 528 1661; x_wconf 85' lang='lat'><strong>§.</strong></span> <span class='ocrx_word' id='word_1_176' title='bbox 552 1617 587 1652; x_wconf 84' lang='lat'><strong>6.</strong></span> <span class='ocrx_word' id='word_1_177' title='bbox 632 1616 719 1650; x_wconf 73' lang='lat' dir='ltr'><strong>Eius</strong></span> <span class='ocrx_word' id='word_1_178' title='bbox 749 1613 928 1659; x_wconf 77' lang='lat' dir='ltr'><strong>potiundi]</strong></span> <span class='ocrx_word' id='word_1_179' title='bbox 962 1611 1170 1646; x_wconf 86' lang='lat' dir='ltr'><strong>Pronomine</strong></span> <span class='ocrx_word' id='word_1_180' title='bbox 1198 1611 1271 1646; x_wconf 74' lang='lat' dir='ltr'><strong>eiua</strong></span> <span class='ocrx_word' id='word_1_181' title='bbox 1297 1609 1408 1645; x_wconf 83' lang='lat' dir='ltr'><strong>oratio</strong></span> <span class='ocrx_word' id='word_1_182' title='bbox 1437 1621 1474 1645; x_wconf 78' lang='lat' dir='ltr'><strong>se</strong></span> <span class='ocrx_word' id='word_1_183' title='bbox 1496 1610 1620 1655; x_wconf 76' lang='lat' dir='ltr'><strong>recipit</strong></span> <span class='ocrx_word' id='word_1_184' title='bbox 1641 1610 1686 1645; x_wconf 81' lang='lat' dir='ltr'><strong>ad</strong></span> <span class='ocrx_word' id='word_1_185' title='bbox 1706 1620 1774 1655; x_wconf 89' lang='lat' dir='ltr'><strong>op-.</strong></span> 
     </span>
     <span class='ocr_line' id='line_1_21' title="bbox 401 1668 1766 1725; baseline -0.008 -11"><span class='ocrx_word' id='word_1_186' title='bbox 401 1680 522 1725; x_wconf 83' lang='lat' dir='ltr'><strong>pidum</strong></span> <span class='ocrx_word' id='word_1_187' title='bbox 546 1679 713 1722; x_wconf 73' lang='lat' dir='ltr'><strong>Capsam,</strong></span> <span class='ocrx_word' id='word_1_188' title='bbox 747 1674 797 1708; x_wconf 86' lang='lat' dir='ltr'><strong>ita</strong></span> <span class='ocrx_word' id='word_1_189' title='bbox 818 1675 857 1707; x_wconf 85' lang='lat' dir='ltr'><strong>ut</strong></span> <span class='ocrx_word' id='word_1_190' title='bbox 879 1671 979 1717; x_wconf 84' lang='lat' dir='ltr'><strong>quasi</strong></span> <span class='ocrx_word' id='word_1_191' title='bbox 1003 1683 1065 1716; x_wconf 89' lang='lat' dir='ltr'><strong>per</strong></span> <span class='ocrx_word' id='word_1_192' title='bbox 1086 1671 1306 1715; x_wconf 83' lang='lat' dir='ltr'><strong>parenthesin</strong></span> <span class='ocrx_word' id='word_1_193' title='bbox 1328 1668 1558 1715; x_wconf 85' lang='lat' dir='ltr'><strong>accipiantur,</strong></span> <span class='ocrx_word' id='word_1_194' title='bbox 1587 1681 1677 1715; x_wconf 81' lang='lat' dir='ltr'><strong>quae</strong></span> <span class='ocrx_word' id='word_1_195' title='bbox 1698 1681 1766 1704; x_wconf 92' lang='lat' dir='ltr'><strong>au—</strong></span> 
     </span>
     <span class='ocr_line' id='line_1_22' title="bbox 405 1729 1765 1781; baseline -0.008 -7"><span class='ocrx_word' id='word_1_196' title='bbox 405 1744 502 1781; x_wconf 82' lang='lat' dir='ltr'><strong>ctor,</strong></span> <span class='ocrx_word' id='word_1_197' title='bbox 535 1737 571 1771; x_wconf 91' lang='lat' dir='ltr'><strong>in</strong></span> <span class='ocrx_word' id='word_1_198' title='bbox 606 1735 698 1770; x_wconf 86' lang='lat' dir='ltr'><strong>illius</strong></span> <span class='ocrx_word' id='word_1_199' title='bbox 729 1737 852 1767; x_wconf 84' lang='lat' dir='ltr'><strong>natura</strong></span> <span class='ocrx_word' id='word_1_200' title='bbox 884 1729 1089 1767; x_wconf 78' lang='lat' dir='ltr'><strong>illustranda</strong></span> <span class='ocrx_word' id='word_1_201' title='bbox 1122 1732 1167 1766; x_wconf 86' lang='lat' dir='ltr'><strong>ab</strong></span> <span class='ocrx_word' id='word_1_202' title='bbox 1199 1742 1268 1765; x_wconf 89' lang='lat' dir='ltr'><strong>una</strong></span> <span class='ocrx_word' id='word_1_203' title='bbox 1298 1741 1338 1764; x_wconf 86' lang='lat' dir='ltr'><strong>re</strong></span> <span class='ocrx_word' id='word_1_204' title='bbox 1370 1730 1415 1764; x_wconf 84' lang='lat' dir='ltr'><strong>ad</strong></span> <span class='ocrx_word' id='word_1_205' title='bbox 1446 1730 1591 1765; x_wconf 82' lang='lat' dir='ltr'><strong>alteram</strong></span> <span class='ocrx_word' id='word_1_206' title='bbox 1613 1730 1765 1770; x_wconf 82' lang='lat' dir='ltr'><strong>delatus,</strong></span> 
     </span>
     <span class='ocr_line' id='line_1_23' title="bbox 401 1788 1768 1844; baseline -0.008 -11"><span class='ocrx_word' id='word_1_207' title='bbox 401 1800 522 1844; x_wconf 85' lang='lat' dir='ltr'><strong>paullo</strong></span> <span class='ocrx_word' id='word_1_208' title='bbox 545 1794 711 1842; x_wconf 82' lang='lat' dir='ltr'><strong>prolixius</strong></span> <span class='ocrx_word' id='word_1_209' title='bbox 735 1792 933 1837; x_wconf 85' lang='lat' dir='ltr'><strong>disputavit.</strong></span> <span class='ocrx_word' id='word_1_210' title='bbox 981 1791 1131 1826; x_wconf 85' lang='lat' dir='ltr'><strong>Weisius</strong></span> <span class='ocrx_word' id='word_1_211' title='bbox 1163 1802 1205 1824; x_wconf 84' lang='lat' dir='ltr'><strong>ex</strong></span> <span class='ocrx_word' id='word_1_212' title='bbox 1233 1789 1403 1834; x_wconf 84' lang='lat' dir='ltr'><strong>corruptis</strong></span> <span class='ocrx_word' id='word_1_213' title='bbox 1435 1788 1512 1826; x_wconf 80' lang='lat' dir='ltr'><strong>edd.</strong></span> <span class='ocrx_word' id='word_1_214' title='bbox 1535 1788 1673 1834; x_wconf 62' lang='lat' dir='ltr'><strong>scripsit</strong></span> <span class='ocrx_word' id='word_1_215' title='bbox 1695 1789 1768 1822; x_wconf 76' lang='lat' dir='ltr'><strong>eius</strong></span> 
     </span>
     <span class='ocr_line' id='line_1_24' title="bbox 403 1846 1767 1904; baseline -0.01 -10"><span class='ocrx_word' id='word_1_216' title='bbox 403 1858 560 1904; x_wconf 77' lang='lat' dir='ltr'><strong>oppidi</strong></span> <span class='ocrx_word' id='word_1_217' title='bbox 591 1859 663 1901; x_wconf 85' lang='lat' dir='ltr'><strong>pot.</strong></span> <span class='ocrx_word' id='word_1_218' title='bbox 679 1873 724 1878; x_wconf 88' lang='lat'>—</span> <span class='ocrx_word' id='word_1_219' title='bbox 749 1854 892 1898; x_wconf 84' lang='lat' dir='ltr'><strong>Propter</strong></span> <span class='ocrx_word' id='word_1_220' title='bbox 914 1862 1011 1886; x_wconf 78' lang='lat' dir='ltr'><strong>usum</strong></span> <span class='ocrx_word' id='word_1_221' title='bbox 1033 1852 1124 1894; x_wconf 79' lang='lat' dir='ltr'><strong>belli,</strong></span> <span class='ocrx_word' id='word_1_222' title='bbox 1146 1863 1180 1884; x_wconf 83' lang='lat' dir='ltr'><strong>v.</strong></span> <span class='ocrx_word' id='word_1_223' title='bbox 1203 1850 1247 1885; x_wconf 86' lang='lat' dir='ltr'><strong>ad</strong></span> <span class='ocrx_word' id='word_1_224' title='bbox 1270 1862 1300 1884; x_wconf 94' lang='lat' dir='ltr'><strong>c.</strong></span> <span class='ocrx_word' id='word_1_225' title='bbox 1323 1848 1508 1892; x_wconf 77' lang='lat' dir='ltr'><strong>Lxxxlv,</strong></span> <span class='ocrx_word' id='word_1_226' title='bbox 1531 1848 1566 1885; x_wconf 82' lang='lat'><strong>3.</strong></span> <span class='ocrx_word' id='word_1_227' title='bbox 1586 1866 1630 1891; x_wconf 63' lang='grc'><strong>-,</strong></span> <span class='ocrx_word' id='word_1_228' title='bbox 1651 1846 1767 1882; x_wconf 80' lang='lat' dir='ltr'><strong>Maio-</strong></span> 
     </span>
     <span class='ocr_line' id='line_1_25' title="bbox 403 1907 1768 1960; baseline -0.01 -6"><span class='ocrx_word' id='word_1_229' title='bbox 403 1931 480 1954; x_wconf 87' lang='lat' dir='ltr'><strong>rem</strong></span> <span class='ocrx_word' id='word_1_230' title='bbox 502 1913 809 1960; x_wconf 86' lang='lat' dir='ltr'><strong>interpunctionem</strong></span> <span class='ocrx_word' id='word_1_231' title='bbox 841 1915 917 1956; x_wconf 89' lang='lat' dir='ltr'><strong>post</strong></span> <span class='ocrx_word' id='word_1_232' title='bbox 940 1912 1120 1946; x_wconf 79' lang='lat' dir='ltr'><strong>videbatur</strong></span> <span class='ocrx_word' id='word_1_233' title='bbox 1153 1907 1360 1944; x_wconf 77' lang='lat' dir='ltr'><strong>Gerlacliius</strong></span> <span class='ocrx_word' id='word_1_234' title='bbox 1382 1908 1420 1942; x_wconf 88' lang='lat' dir='ltr'><strong>in</strong></span> <span class='ocrx_word' id='word_1_235' title='bbox 1446 1907 1580 1943; x_wconf 85' lang='lat' dir='ltr'><strong>minore</strong></span> <span class='ocrx_word' id='word_1_236' title='bbox 1602 1907 1677 1949; x_wconf 65' lang='lat' dir='ltr'><strong>ed„</strong></span> <span class='ocrx_word' id='word_1_237' title='bbox 1699 1907 1768 1940; x_wconf 76' lang='lat' dir='ltr'><strong>Fa-</strong></span> 
     </span>
     <span class='ocr_line' id='line_1_26' title="bbox 401 1967 1768 2016; baseline -0.012 -2"><span class='ocrx_word' id='word_1_238' title='bbox 401 1980 505 2014; x_wconf 85' lang='lat' dir='ltr'><strong>brum</strong></span> <span class='ocrx_word' id='word_1_239' title='bbox 528 1979 679 2016; x_wconf 86' lang='lat' dir='ltr'><strong>secutus,</strong></span> <span class='ocrx_word' id='word_1_240' title='bbox 703 1975 797 2007; x_wconf 89' lang='lat' dir='ltr'><strong>recte</strong></span> <span class='ocrx_word' id='word_1_241' title='bbox 819 1972 854 2005; x_wconf 88' lang='lat' dir='ltr'><strong>in</strong></span> <span class='ocrx_word' id='word_1_242' title='bbox 878 1983 1016 2006; x_wconf 82' lang='lat' dir='ltr'><strong>comma</strong></span> <span class='ocrx_word' id='word_1_243' title='bbox 1037 1969 1208 2011; x_wconf 81' lang='lat' dir='ltr'><strong>mutavit,</strong></span> <span class='ocrx_word' id='word_1_244' title='bbox 1229 1978 1431 2003; x_wconf 83' lang='lat' dir='ltr'><strong>caussarum</strong></span> <span class='ocrx_word' id='word_1_245' title='bbox 1453 1967 1683 2011; x_wconf 82' lang='lat' dir='ltr'><strong>expositione,</strong></span> <span class='ocrx_word' id='word_1_246' title='bbox 1705 1977 1768 1999; x_wconf 90' lang='lat' dir='ltr'><strong>cur</strong></span> 
     </span>
     <span class='ocr_line' id='line_1_27' title="bbox 402 2026 1767 2079; baseline -0.01 -6"><span class='ocrx_word' id='word_1_247' title='bbox 402 2038 538 2073; x_wconf 83' lang='lat' dir='ltr'><strong>Marius</strong></span> <span class='ocrx_word' id='word_1_248' title='bbox 568 2037 718 2079; x_wconf 84' lang='lat' dir='ltr'><strong>Capsam</strong></span> <span class='ocrx_word' id='word_1_249' title='bbox 748 2042 874 2076; x_wconf 88' lang='lat' dir='ltr'><strong>capere</strong></span> <span class='ocrx_word' id='word_1_250' title='bbox 904 2032 1026 2075; x_wconf 85' lang='lat' dir='ltr'><strong>vellet,</strong></span> <span class='ocrx_word' id='word_1_251' title='bbox 1047 2030 1098 2065; x_wconf 89' lang='lat' dir='ltr'><strong>ita</strong></span> <span class='ocrx_word' id='word_1_252' title='bbox 1120 2028 1319 2063; x_wconf 86' lang='lat' dir='ltr'><strong>continuata</strong></span> <span class='ocrx_word' id='word_1_253' title='bbox 1333 2053 1344 2070; x_wconf 88' lang='lat'><strong>,</strong></span> <span class='ocrx_word' id='word_1_254' title='bbox 1375 2031 1415 2062; x_wconf 87' lang='lat' dir='ltr'><strong>ut</strong></span> <span class='ocrx_word' id='word_1_255' title='bbox 1436 2026 1611 2071; x_wconf 80' lang='lat' dir='ltr'><strong>sequentia</strong></span> <span class='ocrx_word' id='word_1_256' title='bbox 1629 2036 1767 2070; x_wconf 78' lang='lat' dir='ltr'><strong>quoque</strong></span> 
     </span>
     <span class='ocr_line' id='line_1_28' title="bbox 402 2083 1767 2143; baseline -0.012 -10"><span class='ocrx_word' id='word_1_257' title='bbox 402 2110 446 2133; x_wconf 83' lang='lat' dir='ltr'><strong>ex</strong></span> <span class='ocrx_word' id='word_1_258' title='bbox 468 2099 550 2143; x_wconf 78' lang='lat' dir='ltr'><strong>quia</strong></span> <span class='ocrx_word' id='word_1_259' title='bbox 580 2094 760 2140; x_wconf 82' lang='lat' dir='ltr'><strong>pendeant.</strong></span> <span class='ocrx_word' id='word_1_260' title='bbox 790 2111 836 2116; x_wconf 98' lang='lat'><strong>—</strong></span> <span class='ocrx_word' id='word_1_261' title='bbox 866 2091 936 2126; x_wconf 82' lang='lat' dir='ltr'><strong>Pto</strong></span> <span class='ocrx_word' id='word_1_262' title='bbox 964 2102 1052 2124; x_wconf 77' lang='lat' dir='ltr'><strong>non</strong></span> <span class='ocrx_word' id='word_1_263' title='bbox 1083 2091 1184 2133; x_wconf 82' lang='lat' dir='ltr'><strong>longe</strong></span> <span class='ocrx_word' id='word_1_264' title='bbox 1216 2086 1354 2122; x_wconf 77' lang='lat' dir='ltr'><strong>eortius</strong></span> <span class='ocrx_word' id='word_1_265' title='bbox 1385 2097 1426 2120; x_wconf 86' lang='lat' dir='ltr'><strong>ex</strong></span> <span class='ocrx_word' id='word_1_266' title='bbox 1456 2096 1524 2120; x_wconf 88' lang='lat' dir='ltr'><strong>uno</strong></span> <span class='ocrx_word' id='word_1_267' title='bbox 1550 2085 1626 2119; x_wconf 87' lang='lat' dir='ltr'><strong>Vin.</strong></span> <span class='ocrx_word' id='word_1_268' title='bbox 1648 2083 1683 2119; x_wconf 90' lang='grc'><strong>1.</strong></span> <span class='ocrx_word' id='word_1_269' title='bbox 1706 2083 1767 2128; x_wconf 81' lang='lat' dir='ltr'><strong>qui</strong></span> 
     </span>
     <span class='ocr_line' id='line_1_29' title="bbox 403 2145 1764 2199; baseline -0.011 -7"><span class='ocrx_word' id='word_1_270' title='bbox 403 2160 510 2198; x_wconf 88' lang='lat' dir='ltr'><strong>habet</strong></span> <span class='ocrx_word' id='word_1_271' title='bbox 532 2156 628 2192; x_wconf 79' lang='lat' dir='ltr'><strong>haud</strong></span> <span class='ocrx_word' id='word_1_272' title='bbox 655 2152 793 2199; x_wconf 82' lang='lat' dir='ltr'><strong>procul,</strong></span> <span class='ocrx_word' id='word_1_273' title='bbox 825 2150 962 2194; x_wconf 85' lang='lat' dir='ltr'><strong>scripsit</strong></span> <span class='ocrx_word' id='word_1_274' title='bbox 991 2150 1116 2184; x_wconf 76' lang='lat' dir='ltr'><strong>haud</strong></span> <span class='ocrx_word' id='word_1_275' title='bbox 1147 2150 1260 2193; x_wconf 83' lang='lat' dir='ltr'><strong>longe.</strong></span> <span class='ocrx_word' id='word_1_276' title='bbox 1283 2166 1330 2173; x_wconf 97' lang='lat'><strong>—</strong></span> <span class='ocrx_word' id='word_1_277' title='bbox 1354 2148 1464 2191; x_wconf 78' lang='lat' dir='ltr'><strong>Atque</strong></span> <span class='ocrx_word' id='word_1_278' title='bbox 1488 2157 1547 2187; x_wconf 79' lang='lat' dir='ltr'><strong>ea,</strong></span> <span class='ocrx_word' id='word_1_279' title='bbox 1570 2155 1604 2178; x_wconf 86' lang='lat' dir='ltr'><strong>v.</strong></span> <span class='ocrx_word' id='word_1_280' title='bbox 1627 2145 1764 2188; x_wconf 86' lang='lat' dir='ltr'><strong>Zumpt.</strong></span> 
     </span>
     <span class='ocr_line' id='line_1_30' title="bbox 404 2205 1765 2254; baseline -0.012 -2"><span class='ocrx_word' id='word_1_281' title='bbox 404 2219 561 2252; x_wconf 83' lang='lat' dir='ltr'><strong>Gramm.</strong></span> <span class='ocrx_word' id='word_1_282' title='bbox 585 2216 662 2250; x_wconf 82' lang='lat' dir='ltr'><strong>Lat.</strong></span> <span class='ocrx_word' id='word_1_283' title='bbox 696 2214 730 2254; x_wconf 78' lang='lat'><strong>§-</strong></span> <span class='ocrx_word' id='word_1_284' title='bbox 757 2210 816 2245; x_wconf 68' lang='lat'><strong>81.</strong></span> <span class='ocrx_word' id='word_1_285' title='bbox 840 2211 878 2244; x_wconf 86' lang='lat' dir='ltr'><strong>C.</strong></span> <span class='ocrx_word' id='word_1_286' title='bbox 901 2211 946 2246; x_wconf 65' lang='lat'><em>⁸1..</em></span> <span class='ocrx_word' id='word_1_287' title='bbox 969 2222 1004 2254; x_wconf 95' lang='lat' dir='ltr'><strong>p.</strong></span> <span class='ocrx_word' id='word_1_288' title='bbox 1036 2207 1115 2243; x_wconf 75' lang='lat'>484.</span> <span class='ocrx_word' id='word_1_289' title='bbox 1149 2209 1202 2242; x_wconf 79' lang='lat' dir='ltr'><strong>ed.</strong></span> <span class='ocrx_word' id='word_1_290' title='bbox 1237 2208 1292 2242; x_wconf 85' lang='lat' dir='ltr'><strong>IV.</strong></span> <span class='ocrx_word' id='word_1_291' title='bbox 1315 2224 1377 2234; x_wconf 59' lang='grc'><strong>-«</strong></span> <span class='ocrx_word' id='word_1_292' title='bbox 1394 2205 1523 2252; x_wconf 73' lang='lat' dir='ltr'><strong>Iagis</strong></span> <span class='ocrx_word' id='word_1_293' title='bbox 1545 2213 1765 2250; x_wconf 64' lang='lat' dir='ltr'><strong>aqua&#39;paene</strong></span> 
     </span>
     <span class='ocr_line' id='line_1_31' title="bbox 403 2267 1765 2321; baseline -0.012 -9"><span class='ocrx_word' id='word_1_294' title='bbox 403 2288 514 2321; x_wconf 88' lang='lat' dir='ltr'><strong>aeque</strong></span> <span class='ocrx_word' id='word_1_295' title='bbox 542 2272 711 2309; x_wconf 86' lang='lat' dir='ltr'><strong>constanti</strong></span> <span class='ocrx_word' id='word_1_296' title='bbox 740 2282 806 2306; x_wconf 88' lang='lat' dir='ltr'><strong>usu</strong></span> <span class='ocrx_word' id='word_1_297' title='bbox 838 2270 964 2305; x_wconf 82' lang='lat' dir='ltr'><strong>dicitur</strong></span> <span class='ocrx_word' id='word_1_298' title='bbox 993 2280 1034 2304; x_wconf 78' lang='lat' dir='ltr'><strong>ac</strong></span> <span class='ocrx_word' id='word_1_299' title='bbox 1061 2269 1240 2313; x_wconf 74' lang='lat' dir='ltr'><strong>perennis,</strong></span> <span class='ocrx_word' id='word_1_300' title='bbox 1272 2267 1296 2302; x_wconf 89' lang='lat' dir='ltr'><strong>i.</strong></span> <span class='ocrx_word' id='word_1_301' title='bbox 1321 2278 1352 2302; x_wconf 85' lang='lat' dir='ltr'><strong>e.</strong></span> <span class='ocrx_word' id='word_1_302' title='bbox 1384 2277 1472 2311; x_wconf 82' lang='lat' dir='ltr'><strong>qnae</strong></span> <span class='ocrx_word' id='word_1_303' title='bbox 1500 2273 1674 2308; x_wconf 79' lang='lat' dir='ltr'><strong>nunquam</strong></span> <span class='ocrx_word' id='word_1_304' title='bbox 1695 2273 1765 2296; x_wconf 90' lang='lat' dir='ltr'><strong>non</strong></span> 
     </span>
     <span class='ocr_line' id='line_1_32' title="bbox 402 2322 1763 2378; baseline -0.012 -6"><span class='ocrx_word' id='word_1_305' title='bbox 402 2336 569 2377; x_wconf 86' lang='lat' dir='ltr'><strong>scaturit,</strong></span> <span class='ocrx_word' id='word_1_306' title='bbox 599 2331 757 2378; x_wconf 84' lang='lat' dir='ltr'><strong>opposita</strong></span> <span class='ocrx_word' id='word_1_307' title='bbox 778 2342 889 2375; x_wconf 83' lang='lat' dir='ltr'><strong>aquae</strong></span> <span class='ocrx_word' id='word_1_308' title='bbox 910 2342 952 2366; x_wconf 85' lang='lat' dir='ltr'><strong>ex</strong></span> <span class='ocrx_word' id='word_1_309' title='bbox 981 2328 1100 2374; x_wconf 81' lang='lat' dir='ltr'><strong>pluvia</strong></span> <span class='ocrx_word' id='word_1_310' title='bbox 1122 2328 1288 2362; x_wconf 83' lang='lat' dir='ltr'><strong>collectae</strong></span> <span class='ocrx_word' id='word_1_311' title='bbox 1308 2326 1364 2360; x_wconf 85' lang='lat' dir='ltr'><strong>vel</strong></span> <span class='ocrx_word' id='word_1_312' title='bbox 1387 2324 1599 2363; x_wconf 81' lang='lat' dir='ltr'><strong>cisterninae.</strong></span> <span class='ocrx_word' id='word_1_313' title='bbox 1622 2323 1667 2360; x_wconf 77' lang='lat' dir='ltr'><strong>cf.</strong></span> <span class='ocrx_word' id='word_1_314' title='bbox 1689 2322 1763 2356; x_wconf 85' lang='lat' dir='ltr'><strong>Cic.</strong></span> 
     </span>
     <span class='ocr_line' id='line_1_33' title="bbox 403 2379 1764 2438; baseline -0.011 -8"><span class='ocrx_word' id='word_1_315' title='bbox 403 2396 446 2430; x_wconf 86' lang='lat' dir='ltr'><strong>de</strong></span> <span class='ocrx_word' id='word_1_316' title='bbox 469 2395 548 2430; x_wconf 83' lang='lat' dir='ltr'><strong>mv.</strong></span> <span class='ocrx_word' id='word_1_317' title='bbox 571 2395 615 2436; x_wconf 84' lang='lat'><strong>11,</strong></span> <span class='ocrx_word' id='word_1_318' title='bbox 641 2393 698 2436; x_wconf 79' lang='lat'><strong>13,</strong></span> <span class='ocrx_word' id='word_1_319' title='bbox 722 2391 797 2438; x_wconf 57' lang='lat'><strong>31„</strong></span> <span class='ocrx_word' id='word_1_320' title='bbox 828 2392 990 2426; x_wconf 82' lang='lat' dir='ltr'><strong>Etiamne</strong></span> <span class='ocrx_word' id='word_1_321' title='bbox 1006 2391 1166 2432; x_wconf 82' lang='lat' dir='ltr'><strong>futurum</strong></span> <span class='ocrx_word' id='word_1_322' title='bbox 1188 2397 1258 2421; x_wconf 80' lang='lat' dir='ltr'><strong>esse</strong></span> <span class='ocrx_word' id='word_1_323' title='bbox 1282 2385 1414 2429; x_wconf 79' lang='lat' dir='ltr'><strong>(terrae</strong></span> <span class='ocrx_word' id='word_1_324' title='bbox 1440 2379 1584 2428; x_wconf 76' lang='lat' dir='ltr'><strong>motum)</strong></span> <span class='ocrx_word' id='word_1_325' title='bbox 1616 2393 1764 2427; x_wconf 80' lang='lat' dir='ltr'><strong>aquae</strong></span> 
     </span>
     <span class='ocr_line' id='line_1_34' title="bbox 402 2441 1763 2500; baseline -0.012 -11"><span class='ocrx_word' id='word_1_326' title='bbox 402 2456 523 2500; x_wconf 75' lang='lat' dir='ltr'><strong>iugis</strong></span> <span class='ocrx_word' id='word_1_327' title='bbox 547 2455 656 2487; x_wconf 82' lang='lat' dir='ltr'><strong>colore</strong></span> <span class='ocrx_word' id='word_1_328' title='bbox 675 2450 937 2497; x_wconf 77' lang='lat' dir='ltr'><strong>praesentiunt?</strong></span> <span class='ocrx_word' id='word_1_329' title='bbox 960 2450 1006 2485; x_wconf 75' lang='lat' dir='ltr'><strong>cf.</strong></span> <span class='ocrx_word' id='word_1_330' title='bbox 1031 2447 1210 2485; x_wconf 74' lang='lat' dir='ltr'><strong>Heindorf.</strong></span> <span class='ocrx_word' id='word_1_331' title='bbox 1229 2445 1273 2480; x_wconf 83' lang='lat' dir='ltr'><strong>ad</strong></span> <span class='ocrx_word' id='word_1_332' title='bbox 1297 2445 1382 2478; x_wconf 86' lang='lat' dir='ltr'><strong>Hor.</strong></span> <span class='ocrx_word' id='word_1_333' title='bbox 1405 2443 1475 2477; x_wconf 85' lang='lat' dir='ltr'><strong>Sat.</strong></span> <span class='ocrx_word' id='word_1_334' title='bbox 1500 2443 1544 2485; x_wconf 81' lang='grc' dir='ltr'><strong>ΙΙ,</strong></span> <span class='ocrx_word' id='word_1_335' title='bbox 1565 2442 1598 2483; x_wconf 88' lang='grc'><strong>6,</strong></span> <span class='ocrx_word' id='word_1_336' title='bbox 1622 2441 1654 2474; x_wconf 81' lang='lat'><strong>2.</strong></span> <span class='ocrx_word' id='word_1_337' title='bbox 1676 2441 1763 2485; x_wconf 79' lang='lat' dir='ltr'><strong>Epp.</strong></span> 
     </span>
     <span class='ocr_line' id='line_1_35' title="bbox 402 2499 1764 2556; baseline -0.011 -8"><span class='ocrx_word' id='word_1_338' title='bbox 402 2515 431 2556; x_wconf 89' lang='lat'><strong>1,</strong></span> <span class='ocrx_word' id='word_1_339' title='bbox 457 2514 515 2555; x_wconf 83' lang='lat'><strong>15,</strong></span> <span class='ocrx_word' id='word_1_340' title='bbox 540 2512 595 2547; x_wconf 83' lang='lat'><strong>15.</strong></span> <span class='ocrx_word' id='word_1_341' title='bbox 619 2512 818 2546; x_wconf 87' lang='lat' dir='ltr'><strong>Doederlini</strong></span> <span class='ocrx_word' id='word_1_342' title='bbox 840 2511 1031 2556; x_wconf 82' lang='lat' dir='ltr'><strong>Synonym.</strong></span> <span class='ocrx_word' id='word_1_343' title='bbox 1053 2509 1131 2542; x_wconf 87' lang='lat' dir='ltr'><strong>Lat.</strong></span> <span class='ocrx_word' id='word_1_344' title='bbox 1157 2507 1231 2541; x_wconf 89' lang='lat' dir='ltr'><strong>Vol.</strong></span> <span class='ocrx_word' id='word_1_345' title='bbox 1255 2506 1283 2539; x_wconf 91' lang='grc' dir='ltr'><strong>Ι.</strong></span> <span class='ocrx_word' id='word_1_346' title='bbox 1318 2516 1351 2548; x_wconf 86' lang='lat' dir='ltr'><strong>p.</strong></span> <span class='ocrx_word' id='word_1_347' title='bbox 1375 2502 1423 2544; x_wconf 80' lang='lat'><strong>5.,</strong></span> <span class='ocrx_word' id='word_1_348' title='bbox 1453 2502 1512 2546; x_wconf 81' lang='lat' dir='ltr'><strong>qui</strong></span> <span class='ocrx_word' id='word_1_349' title='bbox 1536 2505 1634 2536; x_wconf 85' lang='lat' dir='ltr'><strong>acute</strong></span> <span class='ocrx_word' id='word_1_350' title='bbox 1656 2499 1764 2534; x_wconf 88' lang='lat' dir='ltr'><strong>conii-</strong></span> 
     </span>
     <span class='ocr_line' id='line_1_36' title="bbox 403 2558 1761 2612; baseline -0.012 -4"><span class='ocrx_word' id='word_1_351' title='bbox 403 2573 452 2608; x_wconf 87' lang='lat' dir='ltr'><strong>cit</strong></span> <span class='ocrx_word' id='word_1_352' title='bbox 474 2573 678 2607; x_wconf 88' lang='lat' dir='ltr'><strong>descendere</strong></span> <span class='ocrx_word' id='word_1_353' title='bbox 700 2583 820 2606; x_wconf 72' lang='lat' dir='ltr'><strong>voccm</strong></span> <span class='ocrx_word' id='word_1_354' title='bbox 844 2581 866 2605; x_wconf 91' lang='lat' dir='ltr'><strong>a</strong></span> <span class='ocrx_word' id='word_1_355' title='bbox 889 2571 948 2604; x_wconf 79' lang='lat' dir='ltr'><strong>diu</strong></span> <span class='ocrx_word' id='word_1_356' title='bbox 964 2595 974 2612; x_wconf 91' lang='lat'>‚</span> <span class='ocrx_word' id='word_1_357' title='bbox 998 2568 1133 2604; x_wconf 87' lang='lat' dir='ltr'><strong>abiecta</strong></span> <span class='ocrx_word' id='word_1_358' title='bbox 1158 2567 1190 2600; x_wconf 90' lang='lat' dir='ltr'><em>D</em></span> <span class='ocrx_word' id='word_1_359' title='bbox 1213 2566 1337 2607; x_wconf 85' lang='lat' dir='ltr'><strong>littera,</strong></span> <span class='ocrx_word' id='word_1_360' title='bbox 1365 2567 1403 2596; x_wconf 86' lang='lat' dir='ltr'><strong>ut</strong></span> <span class='ocrx_word' id='word_1_361' title='bbox 1424 2563 1459 2596; x_wconf 89' lang='lat' dir='ltr'><strong>in</strong></span> <span class='ocrx_word' id='word_1_362' title='bbox 1478 2558 1593 2605; x_wconf 74' lang='lat' dir='ltr'><strong>lanus,</strong></span> <span class='ocrx_word' id='word_1_363' title='bbox 1615 2560 1761 2600; x_wconf 90' lang='lat' dir='ltr'><strong>bellum,</strong></span> 
     </span>
     <span class='ocr_line' id='line_1_37' title="bbox 403 2622 1763 2678; baseline -0.013 -10"><span class='ocrx_word' id='word_1_364' title='bbox 403 2632 554 2678; x_wconf 87' lang='lat' dir='ltr'><strong>Iupiter,</strong></span> <span class='ocrx_word' id='word_1_365' title='bbox 578 2633 761 2674; x_wconf 83' lang='lat' dir='ltr'><strong>additaque</strong></span> <span class='ocrx_word' id='word_1_366' title='bbox 781 2631 816 2664; x_wconf 90' lang='lat' dir='ltr'><strong>in</strong></span> <span class='ocrx_word' id='word_1_367' title='bbox 838 2631 907 2664; x_wconf 78' lang='lat' dir='ltr'><strong>fine</strong></span> <span class='ocrx_word' id='word_1_368' title='bbox 928 2631 985 2675; x_wconf 78' lang='lat' dir='ltr'><strong>gis</strong></span> <span class='ocrx_word' id='word_1_369' title='bbox 1008 2629 1164 2674; x_wconf 79' lang='lat' dir='ltr'><strong>syllaba,</strong></span> <span class='ocrx_word' id='word_1_370' title='bbox 1193 2626 1242 2660; x_wconf 85' lang='lat' dir='ltr'><strong>ita</strong></span> <span class='ocrx_word' id='word_1_371' title='bbox 1273 2627 1311 2658; x_wconf 89' lang='lat' dir='ltr'><strong>ut</strong></span> <span class='ocrx_word' id='word_1_372' title='bbox 1333 2634 1433 2657; x_wconf 83' lang='lat' dir='ltr'><strong>seusu</strong></span> <span class='ocrx_word' id='word_1_373' title='bbox 1455 2622 1556 2655; x_wconf 85' lang='lat' dir='ltr'><strong>valde</strong></span> <span class='ocrx_word' id='word_1_374' title='bbox 1578 2623 1763 2665; x_wconf 82' lang='lat' dir='ltr'><strong>cognatum</strong></span> 
     </span>
     <span class='ocr_line' id='line_1_38' title="bbox 403 2679 1762 2735; baseline -0.013 -7"><span class='ocrx_word' id='word_1_375' title='bbox 403 2693 449 2728; x_wconf 88' lang='lat' dir='ltr'><strong>sit</strong></span> <span class='ocrx_word' id='word_1_376' title='bbox 472 2693 654 2728; x_wconf 70' lang='lat' dir='ltr'><strong>diuturnus</strong></span> <span class='ocrx_word' id='word_1_377' title='bbox 677 2691 766 2726; x_wconf 87' lang='lat' dir='ltr'><strong>voci.</strong></span> <span class='ocrx_word' id='word_1_378' title='bbox 815 2690 843 2725; x_wconf 80' lang='grc' dir='ltr'><strong>Δ</strong></span> <span class='ocrx_word' id='word_1_379' title='bbox 866 2690 944 2735; x_wconf 73' lang='lat' dir='ltr'><strong>iugi</strong></span> <span class='ocrx_word' id='word_1_380' title='bbox 965 2692 1084 2723; x_wconf 85' lang='lat' dir='ltr'><strong>autem</strong></span> <span class='ocrx_word' id='word_1_381' title='bbox 1104 2686 1261 2733; x_wconf 82' lang='lat' dir='ltr'><strong>perennis</strong></span> <span class='ocrx_word' id='word_1_382' title='bbox 1282 2683 1333 2718; x_wconf 88' lang='lat' dir='ltr'><strong>ita</strong></span> <span class='ocrx_word' id='word_1_383' title='bbox 1355 2682 1490 2723; x_wconf 81' lang='lat' dir='ltr'><strong>differt,</strong></span> <span class='ocrx_word' id='word_1_384' title='bbox 1514 2684 1553 2715; x_wconf 87' lang='lat' dir='ltr'><strong>ut</strong></span> <span class='ocrx_word' id='word_1_385' title='bbox 1574 2679 1635 2714; x_wconf 83' lang='lat' dir='ltr'><strong>illo</strong></span> <span class='ocrx_word' id='word_1_386' title='bbox 1658 2688 1762 2713; x_wconf 81' lang='lat' dir='ltr'><strong>voca-</strong></span> 
     </span>
    </p>
   </div>
  </div>
 </body>
</html>
