1826 3276
393 197 451 237 m
757 194 800 236 C.
831 193 1148 236 SALLUSTI
1171 194 1394 239 GRISPI

397 296 673 368 largitionem
708 307 920 349 famosam
959 306 1375 367 impudentemque,
1409 311 1570 356 veritus
1585 343 1606 367 ‚t
1633 311 1754 370 quod

397 406 442 448 in
465 403 540 447 tali
573 417 622 445 re
659 401 790 456 solet,
835 415 891 443 ne
925 400 1098 458 polluta
1131 402 1301 447 licentia
1344 405 1551 449 invidiam
1597 422 1756 452 accen—

399 498 547 553 deret,
582 496 774 538 animum
810 509 835 536 a
866 491 1074 538 consueta
1107 496 1304 541 lubidine
1339 499 1561 560 continuit.
1599 536 1602 541 ,

533 589 651 633 XVI.
722 588 837 632 Vicit
881 594 1028 634 tamen
1065 590 1109 634 in
1153 591 1318 636 Senatu
1361 608 1463 654 pars
1496 592 1603 650 illa,
1646 610 1760 654 quae

365 697 506 734 2vero
540 684 731 744 pretium
766 690 840 727 aut
865 686 1054 744 gratiam
1084 687 1369 732 anteferebat.
1438 689 1677 734 Decretum
1695 691 1760 746 fit,

399 782 462 825 uti
502 780 657 824 decem
703 779 839 838 legati
874 795 1084 839 regnum,
1123 782 1245 838 quod
1275 776 1470 843 Micipsa
1498 785 1759 842 obtinuerat,

397 878 510 920 inter
554 873 813 934 Iugurtham
856 879 899 917 et
940 875 1245 920 Adherbalem
1300 877 1554 923 dividerent.
1624 879 1758 924 Cuius

397 970 626 1031 legationis
668 969 875 1029 princeps
930 970 1011 1014 fuit
1054 971 1108 1015 L.
1149 971 1378 1031 Opimius,
1433 973 1571 1018 homo
1617 975 1759 1018 clarus

1527 1056 1548 1064 .—

396 1131 431 1160 et
458 1126 653 1167 incorrupta
675 1134 749 1156 esse
772 1123 917 1165 debent,
950 1124 994 1158 cl'.
1018 1125 1150 1160 Ludov.
1180 1126 1376 1160 Doederlin.
1401 1126 1593 1171 Synonym.
1615 1126 1692 1161 luat.
1714 1125 1759 1162 T.

395 1184 440 1220 ΙΙ.
464 1197 497 1228 p.
522 1183 567 1217 54
583 1195 676 1227 sqq.;
699 1183 837 1217 licentia
860 1187 976 1218 autem
999 1197 1106 1228 quum
1127 1198 1187 1229 per
1205 1198 1241 1220 se
1263 1187 1334 1220 iam
1358 1188 1463 1220 bonos
1490 1186 1662 1228 dedeceat,
1683 1187 1760 1230 pol-

397 1243 462 1277 luit
488 1241 614 1286 potius,
648 1253 752 1284 quam
787 1243 962 1286 polluitur.
1010 1244 1079 1278 Sed
1101 1251 1221 1279 auctor
1243 1247 1367 1280 latiore
1388 1257 1506 1288 sensu,
1537 1251 1576 1280 ut
1599 1246 1758 1288 diximus,

396 1303 572 1336 licentiam
603 1302 746 1335 modum
776 1313 911 1336 omncm
943 1315 1118 1348 egressam
1149 1305 1342 1350 significat5
1371 1304 1507 1350 polluta
1536 1306 1646 1351 igitur
1676 1307 1713 1342 h.
1734 1306 1760 1341 l.

396 1364 488 1398 idem
511 1366 562 1396 est
582 1366 685 1410 atque
700 1362 811 1405 foeda
838 1374 880 1395 ac
903 1363 1124 1400 detestabilis.
1763 1361 1765 1365 ’

489 1423 576 1456 xvl.
624 1424 657 1464 §.
688 1421 721 1457 1.
767 1433 856 1466 quae
877 1441 922 1447 --
948 1425 1184 1470 anteferebat]
1218 1425 1309 1460 Casu
1339 1426 1397 1460 vel
1428 1437 1543 1460 errore
1565 1425 1701 1460 librarii
1722 1425 1758 1460 in

394 1483 477 1517 Bas.
510 1482 544 1515 1.
576 1484 685 1514 exstat
715 1482 1006 1525 anteferebant,
1040 1484 1128 1517 unde
1158 1485 1296 1518 Cortiue
1327 1489 1520 1529 contempto
1550 1486 1759 1520 relicuormn

395 1543 492 1578 codd.
518 1552 681 1575 consensu
703 1552 745 1574 ex
768 1541 912 1576 libidine
932 1541 1015 1576 fecit
1037 1544 1116 1586 qui
1133 1563 1178 1568 —
1203 1546 1461 1587 anteferebant,
1492 1546 1536 1580 ad
1559 1545 1760 1580 insolentem

394 1603 432 1637 in
455 1601 603 1647 pedestri
636 1601 790 1634 oratione
819 1606 1025 1636 structuram
1053 1605 1266 1647 probandam
1294 1616 1415 1648 parum
1439 1604 1572 1638 idoneis
1594 1605 1759 1649 exemplis

394 1673 489 1695 usus.
511 1661 600 1695 Nam
624 1660 684 1702 qui
706 1661 867 1704 loquendi
891 1674 970 1696 usus
992 1667 1043 1698 est
1068 1664 1208 1706 Latinis,
1237 1668 1276 1697 ut
1300 1665 1472 1698 collectiva
1490 1665 1622 1698 nomini
1642 1666 1760 1708 plura-

393 1721 463 1755 lem
491 1720 686 1764 praedicati
721 1719 887 1764 iungant,
924 1726 958 1756 et·
988 1723 1113 1757 tinibus
1143 1723 1192 1758 ita
1224 1724 1537 1766 circumscribitur,
1566 1730 1605 1759 ut
1626 1725 1759 1760 nonnisi

393 1781 549 1824 pluribus
567 1779 681 1812 verbis
700 1779 885 1814 interiectis
903 1782 1048 1825 pluralis
1065 1783 1236 1818 inferatur
1258 1785 1322 1828 (cf.
1342 1785 1417 1830 lug.
1434 1785 1545 1828 xxn,
1569 1785 1602 1819 4.
1620 1786 1757 1828 Zumpt.

394 1841 552 1873 Gramm.
580 1840 654 1872 Lat.
677 1840 710 1884 ἕ.
735 1840 792 1882 69,
816 1841 849 1874 2.
874 1846 942 1876 not.
962 1842 1028 1886 1.),
1052 1855 1163 1886 neque
1185 1855 1226 1878 ea
1250 1845 1398 1886 licentia,
1423 1846 1603 1879 commoda
1625 1845 1759 1880 rationo

392 1911 460 1934 non
483 1899 666 1939 destituta,
690 1910 731 1933 eo
751 1901 915 1945 progredi
936 1906 1068 1945 potest,
1099 1906 1137 1936 ut
1158 1905 1340 1938 relativum
1360 1906 1496 1949 plurale
1518 1906 1615 1939 iuxta
1638 1917 1758 1940 nomen
1822 1921 1825 1923 >

391 1960 580 2004 singularis
600 1962 738 2002 formae
770 1961 935 1994 collocari
958 1967 1081 2005 queat,
1115 1974 1221 2006 quum
1244 1975 1343 1997 aures
1374 1964 1476 1998 nimis
1498 1963 1635 2009 ingrato
1657 1977 1757 1999 seusu

392 2019 489 2053 affici
519 2017 632 2061 quivis
662 2019 796 2052 sentiat.
853 2022 970 2063 Quare
1000 2023 1068 2055 hoc
1098 2023 1207 2056 Cottii
1248 2028 1500 2065 commentum,
1538 2023 1758 2061 simillimum

390 2078 484 2119 eius,
508 2078 599 2121 quod
622 2078 665 2111 ad
692 2079 765 2112 cat.
789 2080 913 2121 xvln,
938 2081 970 2114 1.
995 2082 1222 2125 explodimus,
1248 2083 1359 2116 coecis
1381 2083 1454 2117 eius
1477 2083 1758 2127 admiratoribus,

390 2138 422 2172 si
445 2138 504 2181 qui
528 2138 715 2171 etiamnum
739 2144 836 2180 sunt,
869 2140 1105 2184 relinquimus.
1133 2161 1177 2167 ——
1207 2143 1330 2176 Verum
1354 2142 1377 2176 i.
1401 2155 1433 2186 q.
1460 2149 1613 2187 rectum,
1645 2144 1758 2178 incor-

389 2202 553 2242 ruptum,
576 2199 716 2232 bonum.
740 2200 785 2233 cf.
808 2200 900 2233 infra
927 2212 956 2234 c.
981 2202 1091 2244 XXX,
1115 2202 1149 2236 2.
1196 2203 1266 2235 Eos
1287 2203 1442 2246 potentia
1465 2204 1588 2237 Scauri
1605 2208 1632 2238 ’a
1655 2215 1757 2239 vero

391 2258 594 2302 bonoque
617 2259 832 2303 impediebat.
856 2261 998 2306 Fragm.
1021 2262 1152 2299 Histor.
1174 2263 1202 2302 Ι,
1226 2262 1282 2295 73.
1307 2263 1403 2296 Gerl.
1450 2263 1509 2297 Ea
1528 2264 1660 2308 paucis,
1682 2265 1759 2309 qui-

391 2318 453 2352 bus
474 2319 603 2362 peritia
628 2324 660 2352 et
692 2331 848 2354 verum
873 2322 1050 2366 ingenium
1073 2328 1144 2364 est,
1169 2317 1405 2356 abnue‘ntibus.

483 2380 516 2420 §-
540 2378 573 2414 2.
620 2379 662 2413 L.
688 2380 860 2424 Opimius]
887 2382 936 2414 De
968 2382 1036 2415 hoe
1058 2382 1281 2415 celeberrimo
1305 2383 1342 2416 C.
1368 2382 1517 2419 Gracchi
1541 2381 1758 2416 interfectore

392 2448 426 2470 v.
452 2437 524 2471 Cic.
548 2438 582 2471 in
620 2438 694 2472 cat.
717 2439 751 2482 1,
777 2440 818 2481 2,
842 2440 872 2473 4.
905 2441 966 2474 uhi
999 2442 1092 2486 Aug.
1126 2442 1295 2475 Matthias
1318 2442 1463 2475 contulit
1487 2443 1572 2476 ven.
1598 2443 1639 2479 ΙΙ.
1663 2444 1696 2477 6.
1720 2442 1756 2478 7.

393 2497 486 2531 Plut.
511 2508 543 2530 v.
571 2497 609 2531 C.
635 2498 787 2531 Gracchi
811 2510 840 2532 c.
863 2499 908 2532 13
927 2512 998 2543 sqq.
1022 2501 1166 2544 Appinn.
1191 2502 1232 2534 de
1257 2502 1300 2535 B.
1324 2501 1361 2534 C.
1386 2502 1413 2541 l,
1437 2501 1492 2534 21.
1527 2513 1561 2544 p.
1585 2499 1664 2534 365.
1702 2502 1753 2535 ed.

392 2556 442 2590 H.
465 2556 583 2599 steph.
607 2558 707 2602 Adde⁴
726 2558 822 2591 Flor.
847 2560 905 2602 ΙΙΙ,
936 2559 991 2593 15.
1018 2561 1088 2595 Cic.
1112 2561 1264 2604 Philipp.
1290 2561 1381 2601 vm,
1404 2560 1437 2604 4,
1463 2561 1516 2594 14.
1539 2561 1754 2595 Freinshem-

393 2615 569 2659 Supplem.
604 2616 680 2650 Liv.
717 2619 814 2659 LXI,
838 2619 1006 2654 20-32,
1043 2625 1078 2654 et
1101 2622 1235 2655 Ernest.
1268 2621 1303 2654 in
1330 2621 1427 2654 ctav.
1460 2620 1531 2653 Cic.
1562 2639 1609 2646 -
1639 2621 1691 2652 De
1715 2621 1754 2655 C.

395 2675 552 2710 Graccho
578 2680 611 2710 et
632 2677 758 2710 Fulvio
782 2679 910 2712 Flacco
934 2685 1070 2723 praeter
1092 2681 1114 2714 l.
1141 2681 1166 2714 l.
1191 2681 1236 2713 cf.
1260 2680 1350 2712 infra
1370 2691 1399 2714 c.
1414 2679 1587 2720 xxxln.
1602 2680 1755 2721 enxhu,

392 2735 426 2771 1.
447 2755 491 2763 —
515 2737 566 2770 De
588 2736 730 2780 propria
753 2739 865 2772 clarus
887 2739 983 2774 vocis
1005 2743 1174 2783 potestate
1197 2750 1230 2774 V.
1254 2740 1409 2783 Herzog.
1432 2739 1476 2774 ad
1498 2739 1599 2774 Catil.
1623 2739 1713 2780 vm,
1722 2740 1753 2773 l.
