1826 3276
429 182 793 230 IUGURTHA.
855 185 986 229 CAP.
1014 184 1138 230 XIII.
1433 191 1492 231 65

90 306 294 354 Africam
318 305 444 351 brevi
473 304 755 365 divolgatur3
791 302 1101 350 Adherbalem
1129 303 1378 364 omnisque,
1414 308 1491 366 qui

89 404 190 450 sub·
228 403 426 465 imperio
476 401 702 462 Micipsae
756 400 959 462 fuerunt,
1015 407 1178 448 metus.
1202 401 1400 459 invadit3
1447 405 1492 450 in

90 478 204 549 duas
237 500 379 563 partis
415 498 665 548 discedunt.
693 498 946 554 Numidam
991 498 1145 560 plures
1180 499 1490 547 Adherbalem

90 603 360 658 sequuntur,
395 595 477 641 sed
511 596 637 645 illum
667 596 858 641 aiterum
893 595 1029 640 bello·
1051 597 1274 642 meliores.
1343 598 1524 660 Igitur-2

92 695 313 757 Iugurtha
349 708 486 754 quam
521 706 753 737 maxumas
787 697 939 753 potest
974 693 1131 753 copias‘
1163 700 1334 752 armat,
1369 697 1491 742 urbis

90 793 256 855 partim
282 791 484 849 vi‚-a11as
513 790 742 835 voluntate
778 788 970 850 imperiO
1001 804 1083 834 suo
1118 789 1333 852 adiungit,
1370 795 1492 839 omni

89 965 185 1001 enim
210 967 335 1011 putant
358 964 434 1000 eiua
457 964 601 1007 domus,
633 975 706 1008 qua
734 962 922 1007 Hiempsal
948 964 1113 999 utebatur
1126 989 1136 1008 ,
1162 965 1325 1000 conclave
1348 965 1493 1010 aliquod

90 1028 165 1062 vile
187 1032 223 1062 et
245 1030 436 1072 angustum
458 1025 675 1072 significari,
707 1035 821 1068 neque
846 1024 883 1058 id
916 1025 1086 1060 abhorret
1108 1036 1131 1059 a
1154 1037 1194 1059 re
1217 1031 1373 1062 narrata.
1421 1028 1494 1062 Vo-

89 1088 255 1123 cabulum
276 1087 395 1133 ipsum
429 1091 546 1122 tamen
570 1087 686 1132 potius
710 1086 819 1120 vilem
842 1096 959 1121 casam
983 1086 1028 1121 ab
1053 1085 1121 1121 ista
1143 1087 1249 1122 domo
1271 1088 1494 1132 aliquantum

89 1149 276 1184 distantem
299 1149 486 1195 designare
506 1149 657 1192 videtur,
681 1147 775 1192 quod
800 1147 910 1182 etiam
930 1150 1144 1193 perfugerat
1160 1150 1307 1184 verbum
1325 1150 1495 1195 quodam-

90 1210 198 1245 modo
223 1210 419 1246 confirmat.
465 1212 519 1246 De
540 1222 628 1244 voce
649 1210 834 1255 tugurium
847 1220 883 1243 v,
903 1208 998 1243 infra
1012 1221 1044 1244 c.
1066 1210 1193 1253 xvm,
1211 1209 1246 1247 5.
1271 1214 1305 1245 et
1322 1210 1493 1246 Scheller.

90 1270 128 1306 In
147 1271 230 1306 Lex.
251 1271 364 1315 ampl.
381 1272 420 1307 b.
441 1283 475 1306 v.
494 1284 529 1316 p.
541 1270 668 1306 11735.
692 1270 753 1315 qui
774 1271 960 1314 Pomponii
977 1273 1087 1306 verba
1102 1271 1139 1306 in
1156 1272 1339 1307 Pandectt.
1358 1273 1383 1307 I'.
1403 1274 1495 1308 ΧΠ.

89 1332 174 1367 18⁰.
200 1331 338 1367 attulit=
363 1333 555 1378 tugurii
578 1333 814 1377 appellatione
838 1343 937 1366 omne
959 1332 1267 1375 aedificium,
1308 1334 1400 1378 quod
1422 1346 1495 1368 ru-

91 1394 184 1429 atf'c
195 1404 246 1428 ce
289 1394 444 1440 magis
485 1394 737 1429 custodiae
780 1395 959 1436 convenit,
998 1405 1104 1438 quam
1136 1393 1279 1427 urbanis
1314 1395 1496 1439 aedificiis,

91 1455 328 1502 significatur.
348 1473 393 1480 —
422 1454 483 1490 Uti
515 1455 683 1498 permulti
711 1456 836 1497 codd.;
860 1455 924 1490 alii
947 1461 1007 1498 ut,
1032 1455 1209 1500 quomodo
1234 1454 1330 1489 Cort.
1350 1460 1384 1491 et
1406 1457 1498 1491 Ger-

92 1516 186 1551 lach.
210 1515 411 1558 ediderunt,
435 1519 556 1550 contra
578 1516 742 1552 Sallustii
766 1529 913 1551 morem.

183 1577 279 1611 XIII.
325 1579 360 1620 S.
382 1577 417 1611 1.
465 1578 766 1623 Numidae]·noc
788 1578 1005 1613 vocabulum
1029 1588 1111 1612 cum
1134 1575 1329 1612 Gerlachio
1351 1588 1498 1613 revoca-

94 1637 224 1672 vimus.
270 1637 411 1672 Cottius
433 1641 602 1683 tanquam
624 1640 780 1685 glossam
803 1640 999 1684 expulerat,
1024 1649 1133 1682 quum
1157 1637 1301 1673 vidisset
1323 1639 1360 1673 in
1377 1640 1498 1675 Guelf.

95 1697 155 1734 lo.
182 1698 323 1741 deesse,
354 1697 392 1732 in
415 1698 556 1734 Fabi-ic.
587 1699 622 1735 2.
648 1706 767 1735 autem
796 1705 832 1735 et
861 1699 983 1735 Guelf.
1010 1698 1044 1733 5.
1069 1703 1197 1742 puncto
1214 1703 1292 1744 post
1316 1700 1499 1736 discedunt

95 1760 234 1805 posito,
258 1761 302 1795 ad
332 1759 513 1804 sequentia
539 1759 657 1802 trahi,
691 1772 783 1804 quae
811 1771 934 1794 caussa
955 1770 1039 1794 sane
1066 1759 1247 1794 levissima
1281 1766 1354 1803 est,
1387 1774 1500 1807 neque

96 1822 208 1856 ullam
229 1820 304 1856 veri
324 1821 476 1866 speciem
495 1822 615 1856 habet.
631 1841 679 1846 —
703 1823 803 1856 Bello
823 1822 982 1856 meliores
1003 1820 1127 1854 eodem
1150 1821 1256 1855 modo
1283 1821 1416 1857 dictum
1437 1827 1500 1866 est,

95 1888 257 1927 utsupra
274 1896 306 1917 c.
323 1883 398 1925 VII,
411 1882 445 1917 5.
471 1884 579 1918 bonus
596 1884 751 1926 consilio,
773 1883 836 1917 ubi
855 1895 888 1918 v.
901 1885 973 1917 not.
993 1880 1132 1915 Cottius
1151 1886 1333 1925 praeterea
1354 1884 1502 1920 contulit

94 1945 172 1980 Liv.
189 1945 253 1987 111,
270 1944 306 1989 2,
330 1944 388 1979 13.
435 1945 572 1989 Aequos
598 1945 880 1990 populationibus
902 1942 1221 1987 incursionibusque
1239 1945 1398 1979 meliores
1416 1957 1503 1981 esse.

96 2006 206 2049 XXV,
217 2005 275 2048 18,
291 2005 326 2040 6.
345 2007 524 2041 summotis
541 2006 622 2040 aliis
642 2011 720 2040 uter
740 2007 827 2040 bello
846 2005 968 2040 melior
984 2004 1030 2037 sit
1046 2003 1284 2039 decernamus.
1305 2006 1502 2049 XXXVIII,

94 2065 153 2110 15,
170 2066 206 2102 9.
254 2067 397 2102 Pisidae
417 2067 522 2112 longe
541 2066 664 2112 optimi
682 2067 780 2102 bello.
804 2077 838 2101 ν.
858 2064 1127 2100 Drakenborch.
1155 2065 1200 2099 ad
1222 2066 1298 2107 VII,
1318 2066 1353 2108 9,
1370 2067 1405 2102 8.
1431 2068 1500 2102 Er-

95 2131 186 2164 nest.
210 2128 256 2163 ad
281 2127 400 2163 Tacit.
422 2129 510 2162 Anu.
538 2126 568 2171 1,
588 2126 623 2170 3,
645 2126 691 2162 in.
718 2128 840 2163 Germ.
862 2138 893 2161 c.
920 2127 1067 2172 XXXII,
1097 2130 1183 2161 extr.
1204 2126 1320 2163 Bentl.
1342 2129 1388 2163 ad
1409 2129 1498 2164 Hor.

96 2189 186 2233 Epp.
208 2189 236 2231 1,
255 2188 314 2232 1⁰,
336 2187 396 2224 34.

190 2251 224 2293 §-
249 2249 283 2284 2.
330 2260 435 2295 quam
458 2260 642 2284 maxumus
658 2251 786 2296 potest]
813 2250 930 2286 Potest
952 2260 1023 2284 non
1042 2249 1174 2296 legitur
1197 2249 1233 2284 in
1252 2250 1328 2284 cod.
1357 2249 1498 2294 rme„

97 2310 195 2345 haud
227 2309 332 2345 dubie
364 2304 583 2357 negligentia
612 2311 772 2356 librarii;
804 2324 905 2358 posse
940 2311 1034 2347 enim
1074 2323 1157 2347 cum
1188 2323 1295 2358 quam
1327 2312 1501 2356 particula

97 2370 304 2416 naepiseimo
327 2372 467 2416 ponitur
490 2373 535 2407 ad
558 2373 764 2419 superlativi
787 2373 860 2407 vim
886 2374 1084 2418 augendam
1099 2400 1108 2417 ‚
1132 2386 1169 2408 v.
1193 2373 1286 2407 inira
1309 2385 1340 2408 c.
1365 2373 1500 2415 xcm.

97 2433 262 2468 Moebius
285 2433 329 2467 ad
349 2433 446 2468 Caes.
465 2434 507 2468 B.
527 2434 570 2469 G.
589 2436 616 2478 1,
638 2435 672 2470 7.
699 2435 964 2470 Drakenborch.
988 2436 1032 2469 ad
1057 2435 1137 2470 Liv.
1161 2435 1238 2478 Vll,
1260 2435 1295 2478 9,
1312 2433 1346 2468 8.
1363 2453 1404 2461 —
1427 2435 1500 2469 Pro

98 2498 216 2528 amat
239 2492 439 2537 quindecim
461 2494 568 2538 libri,
602 2497 662 2531 sed
684 2507 753 2530 non
777 2496 924 2541 optimi,
953 2501 1062 2540 parat
1087 2495 1277 2537 exhibent,
1301 2507 1408 2539 quam
1432 2507 1499 2530 vos-

28 2597 35 2607 ,
88 2550 194 2598 cem,
219 2566 242 2590 a.
260 2556 402 2608 I’opma
426 2556 462 2590 in
488 2560 622 2591 textum
644 2562 833 2601 receptam,
856 2569 900 2591 ex
922 2556 1210 2601 interpretatione
1233 2557 1379 2592 alterius
1399 2556 1499 2591 verbi

20 2631 38 2645 x
98 2619 212 2650 ortam
233 2628 307 2650 esse
329 2616 410 2651 inde
433 2622 551 2662 patet,
574 2619 665 2663 quod
691 2618 809 2653 Guelf.
835 2618 868 2652 3.
893 2623 928 2653 et
951 2619 1027 2652 cod.
1051 2618 1095 2653 Β.
1120 2618 1224 2652 Publ.
1247 2623 1356 2662 parat
1381 2622 1499 2651 armat

96 2678 276 2721 praebent.
327 2680 472 2714 Armate
504 2684 642 2723 autem,
676 2679 769 2723 quod
798 2678 859 2713 vix
892 2679 1029 2713 moneri
1062 2691 1152 2724 opus
1184 2683 1256 2723 eet,
1289 2690 1398 2723 quum
1425 2690 1499 2723 pa-

20 2729 33 2771 ·Ῐ.·
97 2739 206 2773 randi
227 2739 404 2774 notionem
430 2741 724 2784 comprehendat,
759 2739 905 2785 gravius
935 2740 1067 2774 dictum
1091 2740 1243 2776 videtur.
1291 2740 1501 2785 Interpretee

99 2803 348 2844 compararunt
381 2800 501 2836 Tacit.
532 2802 621 2837 Ann.
654 2803 683 2844 I,
714 2801 773 2844 22,
809 2801 856 2837 in.
889 2813 952 2846 per
983 2802 1205 2848 gladiatores
1235 2814 1331 2845 suos,
1356 2813 1439 2847 quoe
1462 2802 1499 2835 in

168 2870 223 2916 11.
1186 2873 1218 2918 5
