1826 3276
398 155 481 230 452
751 183 795 225 c.
825 181 1151 223 SALLUSTI
1180 181 1399 225 cmsrl

404 299 569 343 munita
615 275 906 356 aggreditur3
958 297 1129 356 proelia
1175 296 1334 352 multa,
1354 328 1359 332 -
1377 300 1568 341 ceterum
1611 297 1749 356 levia,

365 394 486 440 2alia
520 392 610 435 aliis
643 391 751 434 locis
776 391 938 436 facere.
982 391 1157 435 Interim
1190 391 1293 435 novi
1325 391 1481 435 milites
1515 392 1606 436 sine
1633 398 1752 436 metu

397 501 576 547 pugnae
611 484 780 542 adesse,
814 485 965 529 videre
997 485 1203 545 fugientis
1233 485 1332 544 capi
1359 490 1434 528 aut
1465 485 1620 543 occidi,
1658 487 1753 530 for-

397 582 627 624 tissumum
680 595 902 637 quemque
953 580 1251 634 tutissumum‚
1304 580 1434 624 armis
1482 580 1754 641 libertatem,

398 675 586 734 patriam
619 681 915 734 parentesque
949 680 994 718 et
1028 675 1113 718 alia
1139 675 1286 718 omnia
1318 675 1434 734 tegi,
1473 675 1660 734 gloriam
1686 682 1754 719 at-
1800 677 1804 680 ’

365 781 391 819 3
404 785 490 828 que
528 770 698 813 divitias
742 771 907 828 quaeri.
977 770 1052 814 Sic
1085 769 1211 813 brevi
1242 770 1384 829 spatio
1427 770 1530 814 novi
1561 775 1755 815 veteres-

362 872 486 922 4que
521 866 748 920 coaluere,
795 871 839 909 et
871 865 1006 909 virtus
1052 865 1246 908 omnium
1280 864 1472 922 aequalis
1506 853 1636 910 facta.
1695 867 1757 911 At

397 975 553 1019 reges,
588 961 665 1004 ubi
700 959 757 1003 de
792 960 982 1004 adventu
1010 958 1130 1003 Mari
1165 964 1486 1018 cognoverunt,
1525 959 1687 1004 divorsi
1714 961 1758 1004 in

398 1055 522 1099 locos
557 1055 746 1099 difficilis
774 1056 947 1100 abeunt.
1002 1054 1070 1098 Ita
1099 1054 1342 1114 Iugurthae
1377 1055 1616 1114 placuerat,
1651 1071 1757 1115 spe-

404 1190 506 1223 quem
530 1189 730 1223 perversum
753 1176 906 1211 ordinem
939 1174 1145 1212 Gerlachius
1173 1178 1210 1212 in
1232 1177 1364 1213 maiore
1385 1177 1439 1212 od.
1462 1181 1631 1213 retentum
1651 1190 1762 1224 nuper

402 1239 542 1272 demum
565 1239 758 1281 relinquere
780 1247 882 1270 ausus
904 1242 965 1272 est.
1011 1239 1056 1273 Et
1077 1238 1128 1272 ita
1149 1238 1244 1272 iubet
1268 1249 1336 1272 non
1359 1237 1472 1272 solum
1495 1238 1661 1282 oppositio
1683 1249 1761 1273 ver—

399 1299 523 1332 borum
546 1300 656 1333 multa
678 1301 713 1331 et
737 1297 847 1337 levia,
877 1297 937 1329 sed
959 1297 1065 1331 etiam
1086 1302 1242 1331 constans
1265 1308 1346 1330 usus
1373 1296 1567 1341 geminatas
1589 1298 1678 1332 alius
1699 1309 1762 1333 vo-

400 1358 450 1391 cis
471 1358 602 1391 formas
633 1357 728 1390 iuxta
759 1356 971 1397 collocandi;
1002 1366 1036 1391 ν.
1059 1356 1104 1389 ad
1127 1356 1203 1390 Cat.
1227 1357 1286 1399 vl,
1309 1355 1344 1389 2.
1366 1367 1403 1400 p.
1425 1356 1485 1395 32.
1529 1355 1762 1393 ‘Nihilominus

402 1417 552 1451 Weisius
574 1417 771 1461 vulgatam,
792 1419 970 1458 tamquam
991 1415 1275 1460 integerrimam,
1297 1415 1446 1459 repetiit.

490 1479 522 1519 g.
546 1477 580 1511 2.
627 1476 700 1510 sine
723 1475 838 1517 metu]
865 1473 1007 1517 Collatia
1029 1473 1093 1516 iis,
1116 1485 1204 1517 quae
1226 1487 1256 1510 c.
1280 1475 1388 1516 Lxx,
1409 1473 1444 1510 ⁵.
1469 1475 1514 1508 de
1533 1481 1644 1510 metus
1667 1477 1763 1512 vocis

399 1536 651 1581 significatione
677 1534 846 1575 diximus,
869 1537 1014 1577 apparet
1036 1534 1109 1567 sine
1132 1539 1224 1568 metu
1244 1534 1281 1567 h.
1305 1534 1331 1567 1.
1354 1533 1557 1578 respondere
1577 1538 1763 1572 vernaculo

402 1597 606 1640 kaltbmtig.
630 1614 674 1620 —
711 1594 781 1628 Aut
814 1597 893 1628 ante
929 1593 1038 1627 occidi
1069 1605 1176 1636 quum
1202 1594 1238 1626 in
1261 1594 1366 1629 Fabr.
1389 1593 1424 1627 2.
1445 1593 1552 1636 (lesit,
1573 1593 1610 1628 in
1631 1594 1702 1630 luc.
1727 1595 1761 1632 2.

401 1658 518 1689 antem
542 1654 680 1698 legatur
703 1658 743 1687 et
766 1653 894 1695 occidi,
918 1663 940 1687 a
962 1652 1079 1686 Curtio
1101 1657 1136 1686 et
1157 1663 1180 1687 a
1203 1652 1392 1688 Gerlachio
1414 1649 1451 1687 i'n
1473 1653 1526 1687 ed.
1548 1654 1681 1690 maiore
1704 1657 1762 1691 de-

401 1715 511 1749 letum
533 1718 597 1748 est.
642 1713 694 1747 Ac
715 1723 777 1756 per
799 1724 835 1747 se
869 1712 953 1746 ferri
984 1723 1084 1756 posse
1114 1713 1301 1757 asyndeton
1330 1711 1436 1746 facile
1465 1715 1632 1759 concedo.
1653 1717 1764 1752 altero

403 1774 508 1808 verbo
531 1784 637 1816 quam
660 1771 758 1816 prius
780 1771 1027 1816 graviorefut
1050 1784 1112 1817 per
1133 1772 1373 1818 gradationem
1395 1772 1569 1808 adiectum
1591 1774 1705 1816 dican
1727 1787 1762 1811 ν.

402 1834 446 1868 ad
471 1833 576 1868 Catil.
599 1833 720 1874 xlm,
742 1832 776 1866 2.
799 1833 877 1866 coll.
902 1832 963 1873 XI,
985 1831 1019 1866 4.
1043 1835 1078 1867 et
1099 1833 1144 1867 ad
1166 1833 1242 1878 lug.
1272 1833 1350 1874 XX,
1373 1831 1408 1867 8.
1431 1831 1506 1867 mv.
1530 1834 1604 1878 Vll,
1627 1833 1684 1878 38,
1705 1833 1763 1869 15.

403 1898 476 1928 tum
499 1893 624 1937 capi,
666 1892 818 1925 occidi
840 1892 998 1933 Samnis‚·
1027 1894 1084 1928 sed
1106 1893 1143 1927 in
1166 1893 1321 1928 omnium
1343 1893 1417 1926 fere
1437 1892 1607 1927 librorum
1628 1904 1763 1928 summo

403 1964 569 1987 consensu
591 1952 679 1986 nihil
699 1953 901 1987 mutandum
925 1955 988 1987 est.
1003 1971 1047 1979 ——
1071 1953 1122 1986 De
1144 1953 1260 1988 verbis
1279 1954 1432 1997 patriam
1450 1947 1598 1997 pov-‘en
1611 1957 1764 1998 tesque

403 2023 440 2048 v.
458 2012 502 2046 ad
525 2012 627 2046 Catil.
650 2013 708 2057 Vl,
733 2012 766 2049 5.
813 2013 912 2047 Locis
933 2012 984 2047 ibi
1006 2012 1156 2046 laudatis
1179 2013 1238 2047 hic
1262 2013 1420 2048 addimus
1453 2011 1569 2046 Tacit.
1591 2012 1680 2047 nint.
1701 2013 1764 2054 ΠΙ,

403 2072 439 2115 5,
462 2074 552 2107 mod.
603 2073 672 2107 Nec
706 2073 886 2118 quicquam
917 2073 1014 2117 prius
1044 2073 1261 2114 imbuuntur,
1295 2083 1399 2117 quam
1431 2077 1640 2106 contemnere
1671 2072 1762 2117 deos,

404 2144 526 2168 exuere
555 2133 775 2177 patriam,
810 2137 1040 2177 parentes.
1071 2131 1146 2166 Cic.
1179 2132 1249 2169 off.
1278 2133 1318 2175 1,
1343 2131 1411 2173 1⁴1,
1434 2130 1491 2166 58.
1538 2132 1576 2165 Si
1598 2133 1764 2167 eontentio

404 2193 577 2238 quaedam
609 2198 643 2227 et
678 2193 888 2236 comparatio
915 2194 1004 2236 fiat,
1041 2192 1161 2235 quibus
1197 2193 1381 2236 plurimum
1414 2189 1630 2226 tribuendum
1661 2192 1764 2235 offici,

403 2254 574 2298 principes
596 2252 662 2286 sint
682 2253 845 2298 patria
867 2257 1005 2296 atque
1032 2257 1276 2296 parentes,
1301 2262 1442 2296 quornm
1464 2250 1633 2294 beneficiis
1653 2251 1765 2284 maxi-

405 2313 471 2346 mis
495 2312 642 2357 obligate·
663 2324 788 2346 sumus.
819 2312 869 2347 ld.
902 2311 945 2345 de
977 2311 1107 2344 Invent-
1129 2312 1178 2353 11,
1202 2312 1268 2356 22,
1291 2312 1349 2346 66.
1400 2311 1622 2346 Pietatem
1645 2311 1765 2354 appel-

407 2372 499 2412 lant,
523 2383 611 2416 quae
635 2383 721 2417 erga
742 2372 946 2416 patriam
969 2376 1032 2405 aut
1053 2377 1271 2414 parentes
1304 2375 1366 2405 aut
1388 2371 1475 2404 alios
1496 2369 1664 2415 sanguine
1686 2381 1766 2404 con-

406 2432 537 2466 iunctos
568 2433 718 2475 officium
753 2442 954 2466 conservare
985 2435 1108 2466 monet.
1144 2433 1233 2475 Epp.
1256 2432 1300 2466 ad
1322 2431 1456 2464 Famm.
1477 2429 1506 2470 1,
1525 2427 1560 2471 9,
1583 2427 1640 2462 44.
1691 2429 1765 2462 Vim

406 2502 515 2535 neque
544 2493 733 2534 parenti
766 2503 873 2538 neque
903 2491 1084 2536 patriae
1117 2492 1238 2536 afferri
1266 2495 1431 2536 oportere.
1452 2508 1497 2515 —-
1526 2487 1656 2530 Quaeri
1686 2487 1712 2522 i·
1735 2498 1766 2520 ο-

408 2550 625 2594 comparari3
648 2562 682 2583 v.
707 2552 750 2584 ad
774 2562 805 2585 c.
831 2551 892 2594 111,
915 2550 950 2585 ὃ.
974 2562 1008 2595 p.
1033 2551 1088 2587 18.

498 2611 531 2652 §-
554 2610 588 2646 3.
613 2613 648 2644 et
667 2611 701 2643 4.
749 2611 824 2655 Sic]
870 2611 950 2644 Vim
982 2610 1085 2644 huius
1118 2609 1307 2654 particulae
1334 2607 1582 2642 illustravimus
1613 2607 1656 2642 ad
1689 2606 1766 2640 ent.

409 2670 482 2711 Vll,
505 2670 539 2704 6.
563 2689 607 2695 --
636 2670 724 2704 Novi
746 2675 940 2716 veteresque
970 2670 1144 2714 quomodo
1176 2669 1243 2703 sibi
1264 2671 1477 2713 opponantur
1497 2666 1627 2701 (lictum
1649 2669 1701 2700 est
1722 2665 1766 2699 ad

408 2741 440 2764 e.
463 2730 604 2772 LXXV,
627 2728 662 2763 8.
685 2749 729 2754 -—
753 2730 887 2775 Reges,
918 2731 1087 2775 Iugurtha
1109 2733 1143 2765 et
1166 2730 1335 2764 Bocchus.
1361 2747 1403 2754 —
1438 2728 1489 2762 De
1511 2727 1663 2762 odom
1683 2724 1767 2770 ‘1¹¹5‘¹
