1826 3276
395 185 477 225 542
753 176 797 218 c.
827 174 1150 216 SALLUs’rl
1179 143 1396 219 cmsm

398 296 573 355 cepere,
610 289 748 349 magis
788 289 1014 332 atrocitate
1048 289 1112 332 rei
1138 304 1269 348 quam
1301 290 1393 335 fide
1422 294 1550 337 nunci
1583 287 1752 339 terren-

397 398 480 445 tur,
516 386 730 441 simulque
763 381 941 428 barbari
969 384 1136 428 animos
1171 385 1342 441 tollere,
1377 392 1420 429 et
1453 387 1498 430 in
1525 390 1750 447 perculsos

365 486 624 533 SRomanos
659 480 797 523 acrius
827 478 1042 523 incedere.
1110 479 1291 538 Iamque
1324 481 1522 540 paullum
1556 483 1613 526 ab
1648 475 1756 543 fuga

398 579 602 631 aberant,
637 589 773 632 quum
798 574 948 631 Sulla,
982 574 1224 633 profligatis
1264 576 1341 633 iis,
1375 591 1486 634 quos
1521 565 1756 622 advorsum

359 674 532 726 9ierat,
572 670 745 714 rediens
791 670 848 712 ab
881 670 1033 713 'latere
1079 662 1246 714 'Mauris
1290 671 1481 719 incurrit.
1523 672 1755 717 vBocchus

403 769 544 812 statim
575 764 798 808 avortitur.
867 763 927 806 At
959 763 1197 823 Iugurtha,
1233 765 1340 809 dnm
1384 773 1626 812 sustentare
1656 783 1756 812 suos

401 869 445 907 et
478 862 622 921 probe
656 861 742 903 iam
777 858 985 917 adeptam
1020 860 1242 905 victoriam
1276 862 1462 925 retinere
1493 846 1636 922 cupit,
1671 862 1757 906 cir·-

399 963 652 1002 cumventus
681 955 737 996 ab
774 953 1002 1010 equitibus,
1039 954 1204 1009 dextra,
1239 956 1409 1001 sinistra
1443 958 1642 1002 omnibus
1677 973 1757 1001 oc-

403 1054 519 1107 cisis,
565 1051 680 1094 solus
722 1048 832 1092 inter
887 1049 974 1092 tela
1026 1049 1217 1095 hostium
1257 1051 1516 1097 vitabundus
1557 1053 1758 1112 erumpit.

492 1174 523 1214 ς.
548 1170 581 1204 7.
605 1173 639 1203 et
663 1167 696 1202 8.
743 1179 844 1212 quam
859 1168 934 1212 fide
956 1168 1084 1212 nunci]
1107 1168 1129 1204 i.
1155 1180 1185 1204 e.
1208 1180 1276 1204 non
1298 1172 1389 1214 quod
1412 1182 1502 1214 eum,
1526 1171 1586 1215 qui
1608 1171 1760 1205 Marium

401 1233 615 1266 interfectum
632 1228 837 1270 nunciabat,
859 1239 983 1261 verum
1006 1228 1131 1262 dixisse
1152 1229 1287 1273 fideque
1309 1230 1451 1275 dignum
1473 1242 1546 1265 esse
1567 1231 1760 1275 credebaut,

400 1293 460 1326 sed
493 1291 582 1335 quod
623 1301 677 1322 res
708 1289 802 1332 ipsa,
835 1288 931 1322 uuna
962 1288 1109 1322 auctoris
1132 1289 1265 1324 ratione
1294 1291 1435 1335 habita,
1465 1290 1764 1325 vehementissime

402 1363 462 1386 eos
485 1349 736 1383 commovebat.
759 1366 805 1372 -
827 1347 928 1389 Quod
950 1347 1110 1390 deinceps
1143 1353 1301 1382 narratur
1322 1351 1422 1384 simul
1448 1351 1610 1384 barbaros
1632 1351 1763 1386 animos

403 1410 596 1450 sustulisse,
621 1419 688 1441 non
710 1418 750 1440 eo
775 1406 926 1448 factum,
958 1407 1048 1450 quod
1070 1408 1275 1452 Iugurtham
1295 1409 1414 1443 Latine
1443 1410 1639 1453 loquentem
1660 1409 1763 1444 intel-

402 1469 564 1510 lexerint,
597 1471 634 1502 nt
663 1465 797 1511 hangio
828 1463 981 1509 videtur,
1015 1466 1073 1500 sed
1105 1468 1196 1509 quod
1217 1468 1432 1502 adversarios
1462 1468 1599 1503 territos
1621 1479 1662 1503 ac
1682 1479 1763 1503 con·
1810 1505 1811 1510 ,

403 1533 573 1565 sternatos
607 1527 779 1569 ridebant.
801 1545 847 1550 —
875 1526 1045 1559 Romanos
1077 1526 1215 1560 Cor-tius
1244 1525 1360 1560 invitis
1380 1527 1540 1562 omnibus
1572 1529 1670 1562 codd.
1693 1528 1764 1564 suis

404 1588 540 1623 delevit.
586 1588 713 1621 Postea
736 1572 942 1618 Gerlachiu-
972 1583 1008 1617 in
1038 1584 1130 1618 Med.
1163 1585 1197 1619 1.
1219 1585 1253 1619 2.
1278 1586 1351 1620 Vat.
1375 1586 1409 1621 4.
1431 1586 1465 1622 5.
1490 1588 1607 1622 deesse
1626 1588 1764 1633 reperit,

404 1661 512 1693 eoque
535 1647 570 1682 in
593 1647 797 1680 Commentt.
819 1656 853 1687 p.
877 1642 956 1677 3292
982 1643 1164 1677 delendum
1187 1649 1320 1688 censet,
1344 1647 1380 1680 in
1404 1647 1456 1682 ed.
1479 1647 1666 1683 novissima
1687 1660 1764 1682 sen-

404 1709 531 1744 tentiae
553 1718 635 1741 suae
658 1704 1026 1746 immemor.-Quum
1049 1703 1085 1738 in
1108 1705 1250 1748 apodes}
1272 1706 1420 1750 positum
1442 1707 1696 1743 illustravimus
1717 1708 1763 1742 ad

405 1781 434 1802 c.
453 1769 533 1808 ΧΠ,
562 1765 594 1800 5.
626 1778 660 1809 p.
684 1765 742 1799 64.
770 1782 811 1790 —
837 1764 905 1806 Iis,
937 1758 1001 1807 pro
1031 1775 1098 1807 quo
1131 1766 1233 1808 pauci
1267 1768 1364 1802 codd.
1388 1772 1500 1803 tenent
1523 1769 1603 1812 his,
1627 1767 1765 1802 Coi-tius

402 1830 586 1873 praeeunte
609 1824 746 1859 Wassio
769 1824 888 1866 eiecit,
913 1834 980 1858 nou
1004 1824 1088 1859 satis
1119 1829 1279 1868 reputans
1299 1838 1368 1861 non
1389 1838 1524 1872 semper
1543 1828 1636 1871 quod
1657 1827 1766 1871 possit

404 1887 481 1922 fieri
503 1881 608 1920 etiam
633 1884 709 1918 fieri
732 1884 875 1926 debere,
894 1924 897 1930 Ἰ
913 1894 1001 1927 quae
1020 1895 1074 1918 res
1094 1884 1149 1918 iui
1172 1886 1359 1921 multorum
1384 1898 1540 1923 errorum
1563 1899 1684 1924 caussa
1705 1899 1765 1923 ex-

404 1947 500 1982 stitit.
523 1965 569 1972 —
591 1946 641 1979 De
673 1944 880 1987 anastrophe
909 1944 1173 1989 praepositionis
1200 1946 1236 1980 in
1267 1947 1382 1980 verbis
1410 1958 1492 1992 quos
1514 1948 1684 1982 advers
1698 1959 1764 1982 um

406 2018 439 2042 v.
464 2004 615 2049 Zumptii
638 2004 794 2038 Graium.
819 2005 895 2039 Lat.
925 2006 958 2046 §.
980 2003 1037 2039 65.
1061 2004 1096 2039 6.
1118 2017 1152 2049 p.
1176 2005 1256 2042 264.
1287 2006 1339 2039 ed.
1362 2007 1432 2049 1v.‚
1455 2007 1514 2050 qui
1537 2012 1652 2041 tumen
1673 2007 1766 2040 hunc

407 2077 507 2101 nsum
539 2064 656 2109 paullo
687 2063 946 2108 angustioribus
975 2065 1101 2100 finibus
1131 2065 1420 2109 circumscripsit,
1447 2067 1492 2100 ad
1513 2067 1626 2101 solum
1646 2066 1766 2100 relati-

407 2137 492 2160 vum
514 2127 548 2159 et
571 2126 732 2168 quattuor
754 2123 943 2168 particulas
966 2129 1046 2158 ante
1059 2149 1070 2168 ,
1093 2130 1211 2159 contra
1225 2150 1236 2167 ‚
1265 2125 1357 2160 inter
1379 2130 1414 2160 et
1432 2131 1572 2171 propter
1592 2136 1766 2160 revocans.

408 2186 453 2219 cf.
489 2183 720 2220 Ruddimann.
750 2183 874 2218 Institt.
914 2181 1072 2237 Gramm.
1113 2186 1190 2220 Vol.
1222 2186 1268 2222 11.
1301 2198 1336 2230 p.
1366 2184 1446 2221 335.
1477 2190 1512 2220 et
1540 2184 1766 2220 Ramshornii

409 2246 569 2280 Gramm.
592 2244 666 2278 Lat.
697 2244 730 2285 §-
754 2241 833 2278 161.
854 2243 890 2276 3.
919 2255 953 2287 p.
976 2245 1046 2279 379
1068 2257 1118 2288 sq.
1150 2245 1234 2289 Nep.
1260 2245 1343 2280 Con.
1368 2257 1397 2280 c.
1419 2245 1464 2287 ΙΙ,
1485 2245 1520 2279 2.
1567 2245 1669 2278 Hunc
1692 2244 1766 2278 ad-

408 2316 429 2338 v
443 2316 569 2339 ersus
607 2302 853 2338 Pharnabazus
893 2302 1030 2339 habitus
1072 2310 1121 2339 est
1163 2306 1357 2349 imperator.
1408 2305 1516 2339 Plura
1553 2304 1768 2344 contulerunt

408 2363 585 2398 Daehnius
608 2363 651 2398 ud
674 2363 758 2407 Nep.
782 2363 885 2396 Paua.
908 2375 937 2396 c.
959 2365 1018 2408 IV,
1040 2364 1075 2398 4.
1099 2357 1282 2399 Ruhnlien.
1305 2364 1350 2398 ad
1373 2364 1460 2399 Veii.
1482 2365 1527 2405 11,
1546 2364 1603 2406 91,
1616 2363 1650 2398 2.
1673 2365 1766 2407 Aug.

410 2424 577 2461 Matthias
599 2424 643 2458 ad
666 2423 737 2457 Cic.
768 2434 802 2466 p.
829 2423 922 2457 Mur.
945 2435 974 2459 c.
998 2423 1032 2466 4,
1057 2424 1091 2458 9.
1115 2424 1230 2458 Beier.
1253 2423 1297 2458 ud
1329 2423 1400 2459 off.
1423 2424 1452 2465 1,
1474 2423 1530 2467 15,
1552 2424 1609 2458 49.
1632 2435 1668 2468 p.
1687 2423 1766 2458 12⁰.

411 2483 581 2518 Goerenz.
613 2484 657 2517 ad
690 2484 802 2528 Legg.
825 2483 860 2524 1,
885 2483 943 2525 21,
966 2482 1022 2518 55.
1050 2496 1082 2527 p.
1108 2483 1165 2518 89.
1188 2505 1234 2511 —
1259 2484 1407 2522 Rediens
1430 2487 1504 2527 post
1537 2485 1649 2526 ierat,
1680 2494 1768 2527 quae

412 2554 479 2577 vox
502 2543 546 2577 ad
567 2543 805 2586 praecedentia
826 2546 981 2587 spectans
1002 2543 1239 2588 perspicuitati
1269 2544 1364 2578 haud
1393 2554 1512 2587 parum
1534 2542 1694 2586 inservit,
1719 2547 1768 2577 te-

413 2614 507 2637 mere
530 2614 551 2637 a
577 2602 696 2637 Coi-tio
722 2603 993 2648 repugnantibus
1024 2603 1122 2637 codd.
1146 2603 1255 2637 eiecta
1285 2607 1350 2638 est.
1393 2602 1489 2636 Idem
1509 2603 1688 2647 vulgatum
1711 2613 1768 2636 or-

414 2663 528 2697 dinem
552 2663 736 2697 verborum
758 2664 801 2696 ab
826 2664 935 2698 latere
962 2663 1095 2697 Mauris
1117 2661 1190 2696 sine
1213 2663 1334 2698 idonea
1357 2663 1452 2696 codd.
1476 2662 1688 2702 auctoritate,
1713 2660 1768 2694 vix

415 2722 508 2756 enini
533 2734 617 2757 unus
640 2723 794 2766 alterque
817 2723 1018 2763 assentitur,
1041 2722 1090 2756 sic
1113 2721 1321 2765 immutavit,
1345 2726 1382 2756 ut
1406 2722 1536 2755 Mauris
1559 2721 1671 2766 primo
1693 2720 1768 2754 loco
