1826 3276
377 192 462 232 276
743 185 788 227 C.
817 185 1138 228 SALLUSTI
1167 187 1387 232 CRISPI

378 301 589 347 destrium
623 299 922 343 Bomilcarem
951 279 1178 359 praefecit.
1215 302 1406 360 eumque
1441 302 1599 348 edocet
1628 317 1742 362 quae

379 401 560 456 ageret;
594 394 691 453 ipse
725 394 912 454 propior
948 401 1145 439 montem
1177 410 1288 444 cum.
1317 396 1438 440 omni
1471 397 1666 455 'equitatu
1701 404 1751 441 et⁴

342 490 601 551 2peditibus
638 487 819 533 delectis
863 504 964 534 suos
1004 490 1202 534 collocat.
1272 491 1387 535 Dein
1421 491 1614 552 singulas
1649 493 1744 540 tur-

381 601 474 643 mas
511 591 642 642 atque
679 584 926 643 manipulos
975 586 1230 630 circumiens
1265 591 1429 645 monet
1449 591 1581 644 atque
1616 585 1745 630 obte-

383 686 534 738 statur,
571 679 633 724 uti
668 694 886 723 memores
922 680 1132 739 pristinae
1163 682 1330 726 virtutis
1361 687 1406 725 et
1440 678 1648 726 victoriae
1681 690 1748 725 se-

380 837 459 861 cure
481 825 644 869 potuerit.
694 824 786 858 Huic
809 823 1012 858 dubitationi
1036 825 1268 870 Gerlachius,
1301 827 1362 870 qui
1395 827 1575 872 vulgatam
1597 824 1749 866 retinuit,

367 886 431 938 ‘ita
454 884 626 925 occurrit,
659 886 696 918 ut
729 883 821 918 dicat
852 895 930 918 euos
960 884 1162 928 pronomine
1193 885 1345 931 intelligi
1369 887 1498 931 equites
1519 885 1656 931 regios,
1692 885 1751 928 qui

382 943 537 980 custodes
559 944 707 988 corporis
734 948 851 984 erant,
886 944 928 976 de
957 944 1081 988 quibus
1113 944 1240 979 dicitur
1270 957 1300 982 c.
1322 946 1408 989 mv,
1432 945 1467 981 4.·
1489 945 1577 986 LVI,
1599 944 1633 978 4.
1681 942 1751 977 Sed

380 1007 507 1039 horum
531 1004 685 1048 equitum
709 1014 776 1036 uon
801 1002 936 1038 videtur
957 1006 1074 1038 tantus
1095 1006 1258 1039 nu'merus
1282 1005 1401 1048 fuisse,
1423 1011 1462 1040 ut
1484 1004 1520 1038 ἱιι
1542 1003 1750 1048 disponenda

382 1065 457 1100 acie
480 1065 692 1110 singularem
717 1063 832 1097 locum
855 1056 1063 1104 obtinerent3
1086 1074 1198 1106 neque
1219 1075 1260 1099 ex
1281 1064 1559 1109 antecedentibus
1581 1063 1654 1097 uuo
1677 1074 1750 1096 mo-

382 1126 427 1161 do
451 1129 558 1170 patet,
581 1125 646 1158 hos
667 1123 911 1168 intelligendos
934 1133 1018 1157 esse.
1059 1123 1177 1166 Quare
1197 1123 1249 1158 ita
1271 1127 1432 1168 putamus
1450 1123 1654 1168 capiendam
1676 1122 1750 1155 vul-

381 1190 501 1232 getam
533 1183 716 1219 lectionem
729 1206 738 1221 ‚
776 1185 813 1216 ut
846 1193 920 1216 cum
942 1171 1210 1226 comprehendat
1232 1193 1314 1227 eos,
1349 1194 1434 1228 quos
1465 1193 1545 1217 euos
1573 1183 1676 1215 vocat
1697 1181 1754 1214 Iu-

383 1246 517 1291 gurtha
532 1271 543 1288 ,
580 1254 649 1288 qua
670 1241 805 1276 ratione
828 1253 1016 1286 pronomen
1039 1243 1137 1286 quasi
1160 1254 1225 1287 pro
1246 1243 1460 1288 appositione
1482 1239 1754 1276 anteced-tium

385 1306 568 1340 verborum
591 1302 789 1336 habendum
820 1302 943 1344 fuerit,
971 1301 1040 1335 hoc
1063 1312 1183 1337 sensu:
1216 1303 1289 1346 ipse
1321 1314 1400 1337 cum
1422 1301 1518 1337 omui
1541 1300 1699 1345 equitatu
1721 1304 1757 1333 et

338 1407 341 1412 Ι
384 1364 554 1410 peditibus
587 1362 747 1403 delectis,
780 1361 910 1407 quippe
946 1360 1054 1405 quos,
1085 1361 1293 1397 Bomilcaris
1315 1359 1426 1407 copiis
1449 1359 1646 1406 oppositos,
1678 1356 1755 1393 sust

384 1424 549 1464 haberet,
568 1422 735 1462 collocat3
759 1421 834 1456 sive
856 1421 964 1457 etiam
986 1421 1054 1455 sic:
1078 1420 1151 1465 ipse
1173 1432 1261 1463 suos,
1286 1421 1408 1466 quippe
1432 1421 1496 1466 qui
1513 1431 1556 1454 ex
1579 1418 1675 1455 omni
1690 1429 1755 1462 eq.

384 1487 420 1518 et
440 1483 516 1526 pcd.
541 1480 608 1516 del.
641 1481 863 1523 constabant,
895 1481 1057 1515 collocat.
1103 1480 1236 1515 Eodem
1268 1481 1342 1515 fere
1366 1480 1469 1515 modo
1502 1489 1581 1513 cum
1602 1477 1754 1522 positum

385 1543 495 1577 habes
517 1553 548 1576 c.
573 1541 696 1583 XLVI,
713 1540 747 1574 7.
796 1541 848 1574 In
868 1545 1102 1585 postremo
1126 1541 1166 1575 G.
1191 1540 1323 1574 Marius
1347 1540 1504 1585 laegatus
1528 1549 1620 1573 cum
1642 1538 1757 1582 equi-

385 1603 513 1637 tibus
544 1601 699 1635 curabat.
721 1604 756 1634 et
778 1600 824 1642 C,
849 1600 884 1635 2.
930 1600 1028 1634 Sulla
1062 1610 1152 1634 cum
1184 1600 1407 1644 equitatu
1439 1597 1563 1643 apua
1597 1597 1757 1631 destu-

386 1672 473 1696 mos
496 1680 540 1686 --
565 1660 734 1701 enimbat,-
767 1671 849 1695 nam
879 1661 1051 1706 equitatus
1085 1663 1164 1695 sunt
1194 1658 1260 1703 ipsi
1284 1657 1476 1704 (postremi
1497 1657 1570 1702 ac)
1593 1655 1758 1698 dextumi,

387 1730 574 1764 sensusque
597 1722 666 1754 este
700 1720 735 1753 in
760 1719 924 1754 dextuma
948 1721 1169 1765 (postrema)
1193 1723 1317 1764 parte,
1350 1719 1409 1752 nbi
1433 1717 1550 1753 stabat
1574 1716 1756 1762 equitatus,

391 1781 490 1815 Sulla
508 1778 685 1824 (Marius)
705 1780 872 1821 cuv-aben,-
894 1781 952 1814 vel
974 1780 1164 1824 simplicius
1187 1779 1315 1814 etiam:
1338 1779 1456 1820 Sulla,
1479 1778 1554 1823 qur*
1576 1789 1625 1822 eq
1638 1777 1757 1811 nita-

388 1847 482 1875 tum
513 1836 732 1881 habebat,
756 1841 850 1884 apud
873 1841 1049 1875 dextamos
1071 1841 1226 1876 curabat.
1251 1857 1297 1864 -
1321 1829 1467 1874 Dilectus
1489 1836 1627 1872 Cottius
1646 1836 1755 1870 etiam

389 1904 545 1946 respectu
566 1899 701 1944 primae
721 1900 880 1945 syllabae
901 1901 994 1934 male
1016 1899 1171 1944 scripsit3
1190 1911 1222 1933 v.
1248 1898 1293 1933 ad
1316 1898 1392 1933 Cat.
1416 1896 1574 1939 xxxvl,
1595 1896 1630 1931 3.

478 1962 511 2003 §-
536 1960 570 1997 2.
614 1965 748 1995 turmae
778 1965 882 2004 atque
916 1960 1128 2004 manipnlos]
1163 1960 1212 1994 Ut
1238 1959 1350 1993 solent
1380 1957 1551 1993 interdum
1573 1954 1759 2000 scriptores

389 2020 561 2063 Romani,
594 2018 780 2055 Sallustius
813 2018 960 2054 militiae
990 2020 1171 2055 Romanae
1202 2018 1372 2053 vocabula
1393 2017 1559 2053 transfert
1581 2015 1634 2051 ad*
1648 2018 1758 2049 exter-

389 2091 471 2115 nam
494 2084 659 2126 gentemz
691 2090 723 2110 v·
758 2080 803 2113 acl
833 2079 908 2114 Cat.
931 2079 1030 2121 Lm,
1057 2077 1092 2113 3.
1138 2078 1190 2113 De
1217 2077 1338 2112 turmis
1368 2077 1498 2112 dictum
1533 2086 1640 2120 supra
1661 2075 1705 2109 ad
1727 2085 1757 2108 c.

391 2140 580 2181 XXXVIII,
608 2139 643 2173 6.
691 2138 827 2182 Quibus
855 2141 894 2173 ut
924 2139 960 2172 h.
985 2138 1010 2172 l.
1042 2137 1212 2182 equitatus
1242 2138 1278 2172 iu
1310 2137 1510 2172 universum
1531 2135 1758 2181 significatur,

392 2199 442 2233 ita
463 2198 632 2243 manipuli
655 2208 718 2241 pro
745 2197 916 2241 peditibus
939 2197 1024 2232 dicti
1046 2201 1149 2239 sunt,
1180 2209 1291 2242 neque
1314 2197 1416 2232 aliter
1437 2197 1530 2231 iul'ra
1553 2207 1584 2230 c.
1608 2195 1699 2243 XCI,
1722 2194 1756 2228 1.

391 2259 566 2294 centuriae
586 2269 628 2292 ac
650 2263 784 2292 turmae
808 2261 1056 2293 memorantur.
1102 2258 1156 2292 De
1177 2269 1320 2292 numero
1342 2257 1514 2299 militum,
1539 2251 1661 2300 quibus
1684 2264 1760 2289 ma-

393 2319 532 2364 nipulus
557 2319 736 2352 Romanus
759 2319 959 2362 constabat,
983 2317 1120 2352 Cottius
1142 2318 1302 2353 conferre
1322 2318 1420 2353 iubet
1441 2315 1611 2352 Stewech.
1634 2313 1670 2348 in
1693 2314 1760 2346 Ve—

393 2382 465 2424 get.
489 2379 544 2420 11,
567 2378 623 2412 13.
652 2381 687 2413 et
708 2377 802 2422 Lips.
826 2379 870 2412 de
892 2378 994 2413 milit.
1020 2379 1125 2412 Rom.
1148 2379 1216 2420 lv,
1239 2376 1272 2414 5.
1318 2377 1413 2412 Addo
1434 2373 1597 2412 Grouzeri
1620 2373 1759 2416 Antiqq.

394 2439 500 2473 Rom.
524 2439 558 2479 §-
581 2437 661 2471 232.
685 2449 719 2482 p.
741 2437 823 2474 365.
846 2439 899 2473 ed.
922 2438 969 2474 11.
994 2457 1037 2464 -·
1069 2439 1276 2473 Circumiens
1297 2438 1440 2482 praebet
1468 2430 1550 2470 Bas.
1573 2433 1608 2470 1.
1631 2436 1667 2468 ot
1689 2433 1761 2466 lnc.

395 2498 429 2533 l.
453 2497 576 2531 relicui
602 2498 675 2531 fere
698 2498 884 2538 circuienffi
916 2499 976 2533 sed
999 2510 1033 2532 m
1056 2498 1194 2539 littera,
1216 2507 1429 2541 quamquam
1449 2495 1485 2530 in
1507 2491 1761 2538 pronunciando

395 2567 599 2601 suppressa,
623 2556 750 2591 rectius
773 2558 957 2600 scribitur;
988 2558 1034 2592 cf.
1058 2569 1088 2592 c.
1114 2558 1218 2599 XLV,
1239 2557 1274 2592 2.
1292 2557 1331 2599 C,
1353 2555 1388 2591 4.
1411 2558 1444 2590 et
1469 2565 1503 2588 v.
1527 2543 1630 2588 (jour.
1655 2552 1761 2594 Leop.

396 2616 560 2651 Schneid.
586 2617 743 2653 Gramm.
767 2618 843 2654 Lat.
862 2618 939 2654 Vol.
955 2618 1036 2654 1.1.
1063 2629 1094 2663 p.
1115 2616 1194 2652 30⁷.
1218 2620 1252 2651 et
1275 2615 1414 2651 omnino
1436 2614 1641 2660 diligentem
1666 2622 1760 2647 com-

396 2676 640 2711 mentationem
659 2677 700 2709 de
716 2688 749 2710 m
767 2677 882 2712 littera
897 2689 931 2722 p.
948 2677 1018 2712 3⁰⁰
1033 2696 1078 2703 ——
1092 2676 1175 2712 309.
1192 2695 1236 2703 —
1256 2677 1337 2711 Sese
1356 2675 1492 2710 'eortius
1510 2675 1630 2708 contra
1645 2681 1763 2706 omncs

395 2735 492 2771 codd.
515 2735 618 2770 tacite
641 2735 787 2769 mutavit
805 2735 843 2777 *in
875 2747 994 2781 seque,
1028 2737 1118 2780 quod
1143 2736 1208 2770 nisi
1241 2734 1446 2770 auctoritate
1467 2733 1636 2768 librorum
1658 2731 1763 2765 desti-
