1826 3276
363 147 449 193 286
723 144 768 188 G.
798 142 1121 188 SALLUSTI
1148 145 1358 191 GRISPI

325 259 480 306 2Nam
514 263 616 302 ante
653 255 987 317 carthaginem*
1004 257 1194 304 deletam
1227 263 1420 320 populus
1461 267 1506 307 et
1544 267 1719 307 senatus

364 354 593 398 Romanus
626 351 802 410 placide
835 351 1124 411 modesteque
1157 353 1269 398 inter
1312 370 1360 400 se
1403 357 1721 416 rempublicam

366 446 635 500 tractabant3
674 460 820 505 neque
854 447 1022 507 gloriae
1055 463 1201 507 neque
1235 447 1535 495 dominationis
1578 458 1720 496 certa-

367 557 471 586 men
503 541 618 585 inter
652 541 756 585 civis
797 547 912 595 erat3
948 547 1089 588 metus
1123 543 1290 588 hostilis
1323 544 1368 588 in
1400 544 1528 589 bonis
1562 546 1724 589 artibus

367 668 420 700 est
440 663 648 710 Heusinger.
670 664 714 699 ad
738 665 810 700 Cic.
826 665 869 700 de
887 665 959 700 off.
975 666 1019 710 11,
1041 666 1076 708 4,
1098 665 1132 702 3.
1154 669 1189 701 et
1211 667 1428 712 Oudendorp.
1449 669 1496 703 ad
1517 669 1616 706 Caes.
1628 668 1671 703 B.
1686 670 1724 703 G.

368 725 410 767 1,
431 724 475 766 7,
498 724 553 766 4.;
576 725 636 758 sed
657 727 732 759 tum
753 725 841 759 haec
862 725 939 769 ipsa
960 727 1140 770 exempla,
1162 729 1235 762 tum
1258 719 1318 769 ea,
1342 738 1431 771 quae
1451 727 1501 762 ibi
1524 727 1725 770 afferuntur,

369 795 507 828 prorsus
528 783 632 818 alieni
653 787 732 818 sunt
753 784 901 828 generis.

461 845 495 885 §.
517 843 551 878 2.
593 845 738 888 populun
761 849 794 878 et
816 850 955 879 senatus
975 844 1165 888 Romamne]
1188 844 1287 888 Quod
1309 847 1429 880 auctor
1450 855 1473 880 a
1495 847 1631 888 recepto
1653 855 1727 879 ver-

370 903 495 937 borum
520 909 658 937 senatus
677 905 888 949 populusque
910 905 1009 938 Rom.
1032 903 1150 938 ordine
1180 905 1352 946 discessit,
1383 906 1458 940 eius
1486 905 1538 948 rei
1569 915 1728 939 caussam

369 962 485 996 Faber
506 961 589 996 scite
611 962 744 997 monuit
770 974 843 997 esse
860 964 966 1006 hanc,
990 963 1081 1007 quod
1103 963 1200 1006 duas,
1224 964 1349 1007 quibus
1367 966 1515 1009 respubl.
1538 965 1728 1007 constabat,

369 1023 484 1065 partes
507 1031 576 1055 nou
598 1021 634 1054 in
657 1032 764 1054 unum
787 1022 887 1065 quasi
908 1022 1049 1066 imperii
1070 1034 1193 1067 corpus
1213 1023 1387 1068 conflatas,
1411 1024 1470 1058 sed
1491 1024 1580 1059 iuter
1600 1035 1638 1059 se
1659 1024 1728 1058 dis-

370 1083 482 1114 cretas
513 1084 548 1114 et
578 1081 721 1115 seorsim
752 1082 902 1125 spectari
930 1082 1052 1118 voluit.
1099 1082 1182 1116 Sine
1213 1082 1280 1116 ista
1304 1093 1424 1118 caussa
1445 1083 1563 1119 Livius
1593 1094 1730 1128 quoque
1773 1085 1787 1098 “

370 1139 454 1180 vn,
482 1138 547 1179 31,
582 1139 638 1174 lo.
670 1140 773 1175 dixitz
824 1142 1078 1176 Denunciarent
1109 1143 1320 1176 Samnitibus
1349 1145 1510 1188 populi
1541 1144 1731 1178 Romani

371 1204 646 1243 senatusque
678 1201 843 1235 verbis.
875 1219 919 1226 —
957 1201 1099 1236 Placide
1121 1202 1158 1236 h.
1181 1201 1208 1238 l.
1233 1204 1284 1236 est
1314 1201 1387 1236 siue
1416 1203 1526 1238 turbis
1557 1204 1731 1239 civilibus.

363 1259 526 1298 Modeste
561 1259 703 1302 proprie
737 1260 780 1293 de
815 1260 919 1294 modo
949 1262 1117 1296 servando
1149 1260 1294 1303 dicitur3
1308 1287 1311 1289 -
1326 1261 1384 1295 sed
1417 1262 1504 1296 bene
1536 1263 1733 1299 observavit

371 1317 594 1363 Spaldingius
627 1318 670 1352 ad
703 1318 868 1362 Quinctil.
891 1320 930 1362 Ι,
954 1322 996 1362 2,
1018 1321 1054 1356 4.
1086 1321 1189 1361 latius
1220 1324 1338 1364 patere
1371 1322 1515 1356 modesti
1543 1322 1730 1365 notionem,

373 1377 581 1421 omninoque
611 1377 806 1411 universam
835 1378 942 1413 animi
972 1380 1160 1415 bonitatem
1182 1391 1223 1415 ac
1245 1379 1450 1424 probitatem
1472 1382 1540 1416 hoc
1562 1383 1732 1417 vocabulo

372 1437 626 1481 comprehendi.
670 1437 723 1471 na
745 1436 909 1480 Quinctil.
931 1438 998 1480 lv,
1021 1436 1063 1477 2.
1094 1439 1174 1475 1⁰0.
1206 1439 1397 1474 Modestum
1420 1442 1569 1482 factum.
1602 1441 1673 1477 Cic.
1695 1441 1732 1475 in

373 1497 470 1531 Verr.
492 1497 523 1539 I,
546 1496 604 1538 47,
627 1496 706 1530 124.
732 1497 760 1529 0
775 1498 962 1532 modestum
985 1498 1149 1540 ordinem,
1172 1499 1260 1542 quod
1283 1499 1376 1532 illinc
1399 1499 1496 1534 vivus
1517 1501 1670 1535 surrexit.
1689 1519 1731 1526 -

375 1557 470 1590 Inter
492 1567 528 1589 se
551 1555 826 1589 communionem
850 1556 987 1600 imperii
1009 1557 1200 1601 significat,
1223 1557 1272 1593 ita
1295 1558 1390 1593 utet
1411 1559 1559 1603 populus
1580 1562 1615 1594 et
1636 1569 1734 1594 seua-
1794 1563 1796 1566 '

373 1619 428 1650 tus
449 1615 697 1659 rempublivum
730 1619 953 1659 capesserent.
1000 1617 1212 1651 Tractabamt
1241 1617 1265 1654 i.
1299 1629 1329 1653 e.
1361 1618 1669 1661 administrabant,
1697 1622 1735 1653 ut

374 1675 448 1709 Cat.
473 1675 539 1718 LI,
563 1674 621 1708 28.
645 1674 765 1709 lustin.
789 1676 818 1716 1,
840 1676 876 1710 2.
903 1676 1057 1709 Gloriam
1077 1676 1115 1710 h.
1138 1676 1163 1709 l.
1186 1688 1254 1710 non
1275 1677 1424 1723 intelligi
1447 1689 1538 1719 eam,
1561 1689 1651 1722 quae
1670 1688 1734 1722 pa-

373 1737 472 1769 ratur
494 1745 536 1768 ex
556 1733 658 1768 victis
680 1734 835 1769 hostibus
858 1738 892 1770 et
914 1735 1053 1777 virtute,
1072 1739 1111 1769 ut
1132 1735 1208 1770 Cat.
1233 1737 1308 1778 Vll,
1330 1737 1377 1779 6.,
1403 1738 1463 1772 sed
1485 1749 1573 1781 quae
1596 1749 1736 1782 oppres-

374 1794 421 1829 sis
444 1793 578 1827 civibus
608 1794 802 1837 quaeritur,
835 1795 981 1829 ostendit
1007 1796 1162 1829 additum
1183 1797 1391 1831 vocabulum
1417 1797 1667 1832 dominationis.
1695 1817 1732 1830 -„-

374 1854 490 1888 Metus
520 1854 707 1888 hostilis
737 1854 795 1888 hic
825 1859 860 1889 et
880 1856 956 1900 lug
980 1855 1056 1897 CV,
1079 1854 1113 1889 3.
1145 1854 1195 1889 ita
1217 1855 1346 1890 dictum
1366 1860 1477 1891 estut
1499 1857 1535 1890 iu
1556 1857 1735 1901 Fragmm.

375 1914 526 1949 Historr.
550 1915 578 1954 Ι,
601 1912 642 1955 9,
665 1914 713 1951 in.
734 1916 878 1950 Remoto
902 1919 994 1949 metu
1017 1914 1196 1948 Punico.
1220 1916 1333 1949 Coar.
1361 1916 1440 1950 Alia
1461 1915 1611 1959 plurima
1633 1916 1738 1950 huius

376 1972 513 2018 generis
535 1972 796 2018 diligentissime
818 1986 859 2008 ex
882 1959 1008 2008 Tacito
1030 1973 1173 2018 collegit
1195 1975 1432 2010 Boetticherus
1452 1976 1488 2010 in
1511 1975 1593 2010 hex.
1619 1974 1736 2008 Tacit.

377 2044 412 2077 p.
435 2031 492 2066 36.
515 2043 549 2067 ιι.
573 2033 607 2066 3.
631 2052 677 2057 ——
698 2034 881 2069 Sublatum
904 2033 1243 2078 Carthaginiensium
1264 2038 1395 2069 metum
1418 2034 1566 2069 multum
1588 2034 1738 2068 valuisse

377 2093 422 2128 ad
445 2092 665 2126 concordiam
686 2093 936 2128 dissolvendam
958 2096 992 2127 et
1013 2094 1119 2127 bonos
1141 2103 1254 2127 mores
1277 2094 1540 2138 corrumpendos
1555 2094 1738 2129 Sallustius

378 2152 485 2187 etiam
507 2151 613 2186 tradit
634 2151 670 2186 in
695 2154 874 2198 Fragmm.
899 2153 1050 2187 Historr.
1074 2153 1112 2194 1,
1135 2152 1158 2186 8
1182 2155 1217 2186 et
1236 2151 1270 2186 9.
1302 2153 1396 2187 Idem
1418 2157 1592 2196 statuunt,
1620 2154 1737 2190 Sallu—

379 2211 484 2247 stium
506 2211 652 2246 fortasse
674 2213 802 2255 secuti,
834 2213 954 2247 Vellei.
977 2213 1027 2255 11,
1051 2212 1092 2254 1,
1116 2212 1150 2246 1.
1182 2216 1216 2246 et
1234 2213 1331 2248 Flor.
1354 2214 1421 2254 ΙΙΙ,
1446 2212 1512 2254 12,
1534 2213 1567 2246 2.
1592 2231 1636 2239 —
1667 2214 1738 2248 Pro

379 2272 549 2306 retinebat
566 2271 691 2304 Rivius
707 2270 742 2303 in
761 2271 932 2305 nonnullis
955 2270 1054 2304 libris
1076 2271 1241 2314 scriptum
1265 2282 1338 2305 esse
1359 2273 1514 2308 affirmat
1535 2272 1737 2315 continebat,

381 2332 472 2375 quod
495 2331 640 2364 verbum
663 2330 798 2364 Cottius
820 2336 911 2365 recte
934 2329 1066 2364 iudicat
1084 2330 1223 2374 proprie
1242 2332 1441 2376 disciplinae
1463 2343 1546 2375 esse,
1570 2343 1639 2376 qua
1660 2334 1738 2377 quis

381 2390 606 2436 astringitur3
645 2390 692 2424 cf.
717 2391 872 2424 Gronov·
897 2394 932 2426 et
952 2390 1139 2425 Burmann.
1154 2422 1155 2427 ,
1172 2390 1215 2424 ad
1237 2391 1384 2424 Phaedr.
1408 2392 1519 2426 Fabb.
1550 2393 1642 2426 Ptol.
1677 2393 1738 2427 lib.

382 2452 427 2494 11,
451 2451 484 2492 4,
509 2451 541 2483 1.
567 2453 601 2484 et
623 2450 882 2484 Drakenborch.
905 2450 949 2484 ad
971 2449 1047 2484 Liv.
1072 2451 1231 2492 XXXIX,
1254 2449 1311 2492 28,
1333 2450 1366 2484 2.
1392 2451 1610 2497 Quamquam
1633 2451 1740 2496 igitur

384 2510 636 2544 concedendum
659 2512 710 2542 est
732 2510 901 2543 continere
922 2510 1006 2544 huic
1026 2510 1102 2544 loco
1125 2511 1211 2544 bene
1233 2510 1435 2552 convenire,
1458 2514 1573 2545 tamen
1598 2512 1739 2554 probari

385 2570 487 2603 debet
502 2569 611 2602 Cor-tii
633 2568 810 2612 iudicium,
833 2569 893 2612 qui
914 2570 1082 2604 retinebat
1105 2571 1260 2610 verbum,
1287 2569 1460 2604 codicibus
1482 2571 1670 2616 firmatum,
1691 2572 1741 2606 ita

388 2628 492 2672 capit,
506 2632 543 2662 ut
563 2628 688 2662 habeat
704 2628 893 2672 pleniorem
908 2629 1108 2664 sententiam
1126 2630 1234 2664 hanc:
1255 2630 1298 2663 ab
1313 2630 1412 2664 malis
1425 2630 1556 2665 artibus
1572 2632 1740 2669 retinebat

389 2690 422 2721 et
441 2687 476 2721 in
499 2687 592 2722 bonis
614 2687 817 2731 continebat,
841 2687 883 2721 de
907 2699 974 2731 quo
997 2689 1222 2723 coarctandam
1243 2689 1430 2725 sententiae
1452 2700 1578 2734 genere
1596 2701 1629 2726 v.
1648 2691 1692 2725 ad
1711 2702 1739 2724 c.
