1826 3276
388 163 445 204 76
745 159 791 201 G.
825 158 1147 202 SALLUSTI
1174 155 1396 204 CRISPI

350 281 375 318 7
389 275 585 332 sinissae,
619 272 782 317 frustra
816 288 843 316 a
877 273 999 317 vobis
1032 274 1237 318 auxilium
1264 281 1429 335 petere.
1498 275 1547 320 Si
1574 276 1632 320 ad
1657 277 1743 322 lm-

386 367 652 429 petrandum
693 366 799 410 nihil
846 381 1025 411 caussae
1064 367 1278 413 haberem
1323 375 1499 429 praeter
1531 371 1743 416 miseran-

388 464 491 507 dam
525 462 769 519 fortunam,
815 461 938 518 quod
971 462 1122 520 paullo
1164 470 1263 507 ante
1296 479 1374 508 rex
1406 479 1593 524 genere,
1626 466 1745 510 fama

387 563 517 614 atque
553 555 691 615 copiis
725 561 907 615 potens,
953 571 1070 602 nunc
1104 557 1374 602 deformatus
1402 561 1643 618 aerumnis,
1674 562 1743 604 in-

386 667 493 710 ops,
538 651 698 694 alienas
735 665 845 710 opes
892 659 1101 712 exspecto
1119 686 1132 708 ‚
1177 660 1322 698 tamen
1371 661 1465 699 erat
1510 656 1743 699 maiestatis

384 746 539 806 populi
568 746 758 789 Romani
793 745 1032 805 prohibere
1066 749 1275 806 iniuriam,
1311 765 1454 808 neque
1483 751 1575 809 pati
1597 751 1744 796 cuius-

381 909 428 944 slt
448 908 598 943 diximus
619 909 663 943 ad
687 909 763 944 Cat.
787 910 829 951 Il,
852 910 885 944 9.
917 921 950 954 p.
973 910 1030 946 15.
1060 923 1176 946 sensus
1197 915 1249 946 est
1279 912 1397 948 enin-2
1427 926 1556 959 quum
1584 927 1639 950 res
1660 926 1743 950 suae

382 970 510 1005 dubiae
543 981 609 1003 ess
622 981 671 1003 en
684 975 709 1003 t.
733 970 779 1005 cf.
803 969 895 1003 inira
917 971 949 1012 §.
973 970 1029 1004 11.
1048 990 1094 995 ——
1126 971 1311 1015 Sequentia
1333 984 1394 1016 per
1415 985 1453 1007 se
1475 979 1571 1020 patet
1588 976 1744 1020 opposita

381 1040 454 1063 esse
484 1028 712 1072 praegressis,
743 1029 871 1064 omissa
892 1030 1096 1064 adversandi
1117 1031 1300 1074 particula.
1323 1033 1370 1065 cf.
1404 1033 1448 1067 ad
1470 1047 1499 1069 c.
1522 1036 1565 1076 11,
1587 1035 1621 1070 3.
1643 1039 1678 1069 et
1699 1035 1744 1069 ad

380 1090 455 1123 Cat.
478 1089 598 1129 LVIII,
620 1087 676 1121 14.
699 1100 734 1132 p.
759 1088 838 1122 309.
857 1108 902 1114 —
926 1090 1082 1124 Petenda
1106 1091 1314 1125 Gerlachius
1333 1091 1449 1126 ieiune
1469 1095 1618 1139 explicat
1637 1106 1744 1139 appe-

382 1150 500 1184 tenda.
547 1147 756 1182 Manendum
780 1148 894 1191 potius
925 1151 999 1183 erat
1030 1149 1252 1194 participium
1282 1151 1346 1186 fut.
1376 1151 1465 1195 pass.
1487 1153 1524 1186 h.
1546 1154 1569 1187 I.
1593 1166 1662 1189 non
1683 1165 1743 1188 ne-

380 1209 547 1243 cessitatis
569 1208 642 1241 vim
664 1207 816 1248 habere,
839 1208 898 1241 sed
920 1208 956 1242 id
981 1210 1073 1252 quod
1094 1210 1171 1244 fieri
1187 1211 1296 1255 possit
1317 1222 1359 1245 eo
1381 1211 1592 1256 significa-R
1624 1225 1742 1248 sensus

381 1272 451 1303 est:
482 1279 550 1312 quo
572 1271 728 1311 tempore
751 1267 831 1302 talis
865 1271 940 1302 erat
967 1268 1087 1312 populi
1107 1270 1212 1304 Rom.
1234 1270 1407 1313 condicio,
1441 1274 1480 1306 ut
1499 1267 1592 1306 fides¹
1605 1273 1743 1317 quidem

381 1329 454 1362 eius
467 1354 478 1370 ‚
512 1328 571 1362 sed
593 1338 661 1361 non
683 1327 824 1361 fortuna
854 1327 925 1370 peti
949 1331 1073 1371 posset.
1120 1329 1171 1363 De
1192 1330 1262 1363 hoe
1283 1330 1458 1375 participii
1479 1343 1543 1366 usu
1565 1343 1599 1367 v.
1621 1335 1743 1367 notata

379 1389 426 1423 ad
451 1389 527 1422 Cat.
549 1388 593 1429 X,
616 1388 652 1421 2.
685 1405 719 1411 ·—
750 1387 899 1429 Quorum
935 1398 997 1430 per
1016 1387 1152 1431 synesin
1174 1390 1324 1424 refertur
1357 1390 1400 1424 ad
1421 1401 1661 1436 praegressum
1678 1394 1742 1435 fa-

380 1448 477 1482 milia
508 1452 641 1490 nostra,
673 1446 772 1490 quasi
804 1446 943 1481 dixisset
976 1448 1121 1482 maiores
1143 1450 1266 1491 nostri,
1299 1461 1332 1483 v.
1355 1450 1400 1484 ad
1423 1450 1497 1484 Cat.
1521 1451 1684 1492 XXXIX,
1706 1450 1740 1484 3.

378 1508 458 1541 coll.
481 1518 585 1550 supra
613 1518 643 1542 c.
667 1507 759 1547 XIII,
782 1506 816 1540 7.
847 1507 994 1550 Frngm.
1026 1507 1175 1541 Historr.
1199 1509 1259 1550 111,
1281 1510 1339 1551 22,
1361 1509 1418 1544 28.
1443 1510 1540 1547 Gerl.
1558 1529 1603 1536 -
1628 1510 1741 1544 Verba

378 1579 433 1601 me
463 1572 618 1610 nepotem
647 1566 854 1601 Masinissae
887 1566 1025 1600 eortius
1053 1569 1296 1610 praeeuntibus
1324 1569 1540 1615 ming-arsia,
1575 1570 1741 1604 Putschio

378 1631 412 1660 et
435 1628 587 1660 Grutero
609 1626 724 1668 eiecit,
746 1630 910 1670 tanquam
933 1638 974 1660 ex
989 1628 1023 1671 ἕ.
1047 1627 1079 1660 2.
1105 1628 1142 1661 h.
1161 1640 1191 1662 c.
1214 1630 1286 1663 huc
1302 1629 1413 1664 illata.
1434 1644 1439 1651 ¹
1457 1628 1525 1663 Sed
1547 1628 1584 1662 in
1605 1639 1740 1663 summo

378 1687 532 1721 omnium
555 1686 653 1720 codd.
675 1697 840 1720 consensu
862 1686 952 1719 nihil
974 1690 1026 1720 est
1047 1689 1270 1731 mutandum,
1292 1701 1399 1733 quum
1421 1691 1586 1733 appareat
1606 1687 1740 1722 Adher—

377 1747 514 1787 balem,
536 1746 708 1780 maiorum
731 1747 863 1781 meritis
887 1751 920 1780 et
943 1746 1060 1791 gratia
1080 1747 1232 1782 maxime
1254 1749 1438 1790 confisum,
1461 1759 1568 1791 quum
1589 1749 1659 1782 alia
1679 1759 1739 1792 pe—

377 1807 470 1842 tendi
499 1806 624 1840 auxilii
653 1817 774 1840 caussa
803 1818 870 1840 non
899 1810 1113 1850 suppeteret,
1143 1808 1178 1841 in
1202 1809 1269 1842 hac
1292 1820 1330 1842 re
1361 1809 1662 1842 commemoranda
1685 1807 1739 1842 ni-

378 1867 487 1901 mium
511 1878 601 1907 esse3
625 1867 788 1909 quocirca
809 1877 876 1900 non
899 1867 1057 1900 sufficere
1079 1871 1174 1901 ratus
1204 1867 1239 1900 in
1263 1867 1460 1902 universum
1483 1879 1520 1901 se
1539 1867 1739 1914 progeniem

377 1927 504 1961 dixisse
534 1926 614 1960 talis
645 1926 821 1967 familiae,
852 1926 1068 1960 Masinissam
1099 1938 1122 1961 a
1155 1927 1323 1961 Romanis
1354 1927 1474 1973 magni
1502 1927 1585 1960 olim
1608 1929 1739 1962 factum

377 1988 504 2021 diserte
532 1987 647 2020 adhuc
674 1986 840 2020 nominat.
898 1986 938 2018 In
965 1985 1164 2020 universum
1193 1986 1398 2021 Gerlacliius
1430 1987 1560 2030 pariter
1590 1988 1633 2021 de
1653 1988 1690 2021 h.
1712 1989 1737 2021 1.

375 2047 514 2088 statuit;
547 2046 640 2080 male
669 2049 785 2080 tamen
816 2045 852 2079 in
884 2048 977 2079 textu
1011 2046 1063 2079 ed.
1097 2047 1176 2080 mai.
1201 2048 1307 2081 verba
1329 2059 1382 2080 me
1406 2048 1493 2081 Mas.
1511 2058 1588 2092 nep.
1614 2059 1738 2091 paren·-

377 2107 483 2142 thesis
510 2106 610 2151 signo
639 2105 797 2146 inclusit3
832 2117 886 2140 me
925 2105 1017 2139 enim
1056 2106 1101 2139 ad
1133 2107 1334 2150 primariam
1364 2108 1565 2142 sententiam
1595 2111 1738 2152 spectat,

377 2168 521 2202 eandem
555 2167 600 2199 ob
632 2176 818 2209 caussam,
847 2166 891 2198 ob
916 2177 1020 2208 quam
1044 2167 1162 2210 paullo
1186 2171 1264 2201 ante
1286 2168 1371 2201 mihi
1393 2173 1472 2201 ante
1503 2168 1739 2201 miserrumum

376 2228 597 2262 scribendum
616 2237 690 2260 esse
708 2225 928 2260 ostendimus.
953 2226 1046 2260 Tum
1063 2227 1171 2261 verba
1193 2227 1282 2260 Mas.
1305 2239 1394 2271 nep„
1411 2238 1500 2271 quae
1517 2225 1739 2270 appositionis

376 2287 545 2321 rationem
569 2286 717 2329 habent,
739 2296 806 2320 non
828 2285 1017 2330 potuissent
1038 2287 1140 2331 poni,
1165 2286 1230 2321 nisi
1253 2287 1407 2322 affuisset
1429 2287 1636 2320 vocabulum
1650 2311 1660 2327 ,
1683 2285 1744 2325 cui,

375 2347 669 2382 adhaerescerent.

467 2409 500 2449 §.
522 2407 557 2440 7.
607 2408 645 2441 Si
675 2407 722 2440 ad
750 2406 1026 2450 impetrandum]
1060 2406 1315 2440 Sententiarum
1347 2417 1470 2441 nexum
1503 2418 1570 2440 non
1592 2407 1739 2440 assecuti

378 2466 514 2500 librarii
545 2466 604 2499 sed
633 2470 713 2500 ante
744 2467 775 2500 si
804 2466 1017 2507 intulerunt,
1049 2466 1150 2510 idque
1182 2467 1325 2512 triginta
1357 2467 1442 2501 duos
1472 2466 1568 2500 codd.
1598 2465 1738 2500 invasit.

380 2525 605 2567 Gerlachius,
630 2526 700 2569 qni,
724 2529 762 2559 ut
787 2537 943 2560 caussam
965 2526 1234 2570 interpolationis
1258 2527 1461 2570 explicaret,
1484 2525 1644 2559 librarios
1666 2526 1736 2559 vim

379 2586 536 2630 asyndeti
558 2597 626 2620 non
649 2586 857 2619 intellexisse
880 2585 983 2628 dicit,
1012 2586 1086 2630 ipse
1108 2598 1196 2629 quae
1219 2586 1374 2631 asyndeti
1405 2590 1528 2619 natura
1551 2591 1586 2618 et
1608 2585 1739 2619 indoles

381 2646 425 2680 sit
446 2657 512 2680 non
535 2646 618 2680 satis
649 2646 858 2689 perspexisse
893 2647 1040 2681 videtur.
1086 2647 1186 2690 Quod
1215 2657 1325 2690 quum
1348 2645 1381 2679 in
1406 2645 1533 2679 omissa
1555 2646 1610 2679 vel
1632 2657 1738 2688 cepn—

381 2706 474 2741 landi
496 2706 551 2740 vel
575 2705 775 2742 adversandi
800 2707 854 2739 vel
880 2706 1068 2749 explicandi
1092 2706 1259 2750 particula
1275 2709 1459 2746 cernatur,
1491 2715 1559 2747 qua
1581 2704 1737 2750 singulae
