1826 3276
368 0 413 50 l

345 193 409 239 ⁰·oe-
711 188 756 236 C.
785 186 1107 236 SALLUST'I
1135 185 1352 258 CRISPI

346 309 443 369 puli
475 286 691 360 Romani,
726 306 952 351 subvenite
986 306 1146 350 misero
1173 308 1307 364 mihi,
1340 310 1399 352 ite
1433 309 1616 352 obviam
1635 310 1704 352 in-

346 386 507 460 iuriae,
540 401 674 446 nolite
708 401 802 460 pati
835 414 1020 459 regnum
1059 401 1318 457 Numidiae,
1354 402 1476 460 quod
1509 409 1706 448 vostrum

347 505 435 554 est,
478 511 561 556 per
603 495 742 539 scelus
787 499 832 538 et
888 496 1144 554 sanguinem
1189 495 1378 540 familiae
1421 502 1593 542 nostrae
1635 504 1707 541 ta*

346 590 575 637 bescere.“

478 685 577 730 XV.
647 685 887 742 Postquam
931 699 1009 727 rex
1046 685 1181 730 finem
1223 686 1434 744 loquendi
1467 686 1598 740 fecit,
1638 675 1705 730 le·-

321 770 438 843 'gati
472 779 736 840 Iugurthae,
779 779 1011 839 largitione
1040 782 1192 842 'magis
1234 797 1365 840 quam
1406 795 1559 825 caussa
1592 769 1707 836 freti,

343 945 377 986 §-
400 941 460 977 86..
478 952 512 986 p.
536 939 615 976 212.
647 941 850 983 probatam,
881 950 1062 984 perperam
1087 941 1253 978 Sallustio
1284 944 1466 983 obtrudcs,
1496 948 1604 985 quum
1626 951 1706 984 pro-

343 1001 513 1038 batissimi
537 1000 632 1034 codd.
663 1009 782 1032 omnes
804 998 933 1042 aliique
963 1001 1104 1044 plurimi
1135 1002 1171 1035 in
1202 1004 1339 1044 recepta
1373 1011 1396 1035 a
1417 1000 1518 1035 nobis
1535 999 1708 1043 ‘seriptum

343 1061 564 1098 consentiant.
610 1058 708 1092 Unus
731 1062 863 1092 tantum
887 1060 962 1094 Vat.
987 1062 1026 1094 A.
1051 1061 1158 1095 verba
1178 1071 1241 1104 per
1258 1071 1317 1093 voe
1335 1071 1371 1104 p.
1393 1061 1415 1094 1.
1436 1072 1471 1095 a.
1490 1072 1526 1104 p.
1543 1071 1584 1094 υ.
1600 1070 1637 1104 p.
1659 1070 1704 1093 m.

341 1135 378 1169 p.
399 1122 546 1156 Rmam’
578 1118 718 1159 omisit,
751 1119 843 1162 quod
875 1130 956 1152 casu
987 1119 1143 1161 factum,
1174 1131 1262 1161 non,
1293 1123 1330 1153 ut
1353 1119 1566 1154 Gerlachins·
1581 1122 1706 1160 censet,
1771 1138 1774 1140 -

342 1184 387 1220 ad
413 1183 583 1216 medelam
614 1179 835 1213 vexatissimo
858 1180 937 1213 loco
971 1179 1050 1222 (qui
1071 1179 1289 1223 planissimus
1308 1180 1376 1222 est)
1406 1180 1648 1214 adhibendum.
1671 1190 1704 1212 V.

343 1242 390 1277 nd
409 1252 439 1274 c.
456 1240 560 1280 xcn,
582 1238 616 1272 2.
635 1257 681 1265 -—
702 1239 767 1272 Per
790 1241 898 1273 scelus
921 1244 1022 1283 atque
1044 1240 1250 1284 sangninem
1266 1239 1464 1274 insolentius
1487 1239 1706 1273 coniunctum

341 1301 504 1340 videtum
539 1299 698 1342 quamvis
729 1299 821 1332 enim
852 1302 1035 1342 utrumque
1052 1311 1179 1332 nomen
1203 1310 1244 1332 ex
1263 1309 1328 1343 per
1350 1300 1599 1343 praepositione
1621 1310 1706 1342 pen-

340 1362 440 1403 deat,
471 1363 587 1403 tamen
610 1358 708 1392 varia
738 1358 918 1402 utriusque
941 1359 1028 1393 ratio
1051 1363 1112 1393 est.
1159 1358 1249 1392 Nam
1279 1370 1342 1403 per
1363 1361 1470 1393 scelus
1501 1370 1543 1393 ex
1565 1359 1706 1404 linguae

340 1434 408 1458 usu
430 1432 498 1455 non
522 1421 633 1464 potest
656 1417 765 1452 aliam
789 1417 856 1451 nisi
886 1419 1042 1452 adverbii
1076 1419 1149 1452 vim
1173 1419 1303 1452 habere
1319 1444 1330 1460 ‚
1363 1423 1403 1453 ut
1432 1418 1640 1452 ostendimus
1663 1418 1706 1452 nd

341 1484 416 1518 Cat.
442 1493 472 1516 c.
496 1480 574 1520 XX,
598 1479 654 1513 2⁰.
677 1491 713 1523 p.
734 1478 781 1513 96
801 1490 851 1522 sq.
882 1479 960 1512 coll.
984 1479 1139 1522 Herzog.
1161 1479 1205 1511 ad
1236 1490 1265 1512 c.
1291 1479 1365 1519 Xll,
1391 1478 1423 1511 5.
1447 1490 1479 1522 p.
1507 1478 1706 1521 61.;vquare

340 1543 450 1578 coelus
479 1540 598 1583 nequit
629 1539 751 1582 aptum
783 1549 858 1572 esse
888 1550 929 1572 ex
961 1537 1114 1583 genitivo
1139 1538 1323 1580 familiae,
1355 1538 1398 1571 ad
1431 1549 1532 1581 quem
1556 1542 1706 1572 tantum-

340 1603 444 1638 modo
467 1600 672 1645 sanguinem
694 1599 862 1642 pertinet3
899 1598 978 1631 inde
1000 1596 1220 1641 consequitur
1243 1602 1276 1630 ct
1299 1597 1366 1630 duo
1389 1597 1456 1630 ista
1477 1597 1616 1630 nomina
1638 1607 1704 1630 non

340 1661 420 1707 pari
442 1664 614 1706 potestate
635 1659 797 1702 copulare
812 1684 821 1701 ‚
847 1658 905 1692 sed
927 1669 1004 1691 eum
1028 1657 1064 1690 vi
1088 1657 1213 1690 addere
1231 1657 1321 1699 quod
1344 1657 1388 1689 ad
1411 1656 1607 1700 augendum
1628 1667 1706 1690 sen-

340 1733 419 1760 ·um
441 1722 625 1754 verborum
657 1731 722 1764 per
751 1720 859 1753 scelus
893 1718 1079 1761 pertineat,
1114 1727 1183 1758 qua
1213 1719 1381 1759 potestate
1409 1716 1537 1759 copula
1557 1717 1650 1750 valet
1671 1718 1705 1750 et

338 1783 499 1828 quidem
531 1780 578 1813 cf.
601 1780 645 1813 ad
674 1790 704 1812 c.
737 1779 883 1819 xxxii,
906 1778 938 1811 2.
963 1780 997 1810 et
1029 1787 1063 1809 v.
1087 1776 1167 1809 Car.
1190 1775 1305 1809 Beier.
1330 1776 1374 1809 nd
1397 1776 1471 1810 Cic.
1497 1777 1540 1810 de
1562 1777 1634 1811 Off.
1658 1777 1704 1818 11,

340 1842 406 1883 16,
430 1841 485 1875 57.
519 1852 552 1884 p.
577 1839 656 1873 111.
680 1839 776 1874 Cort.
810 1839 854 1872 nd
877 1838 965 1881 Epp.
997 1837 1041 1870 ad
1074 1837 1212 1870 Famm.
1246 1836 1310 1878 xl,
1335 1835 1399 1879 29,
1423 1835 1458 1869 6.
1480 1837 1636 1880 Herzog.
1661 1837 1704 1870 ad

338 1901 486 1945 Quintil.
510 1901 555 1941 X,
578 1899 613 1941 l,
637 1900 670 1933 7.
696 1911 730 1942 p.
754 1897 809 1932 95.
834 1898 1020 1941 Kiessling.
1044 1897 1087 1930 ad
1113 1896 1199 1929 Tac.
1224 1895 1310 1930 Ann.
1334 1896 1360 1937 1,
1376 1894 1431 1936 55,
1457 1895 1488 1928 l.
1515 1897 1574 1939 JV,
1598 1896 1654 1938 51,
1670 1896 1704 1933 3.
1743 1921 1745 1923 .

339 1961 484 1995 Daehne
506 1959 550 1992 ad
571 1958 660 2002 Nep.
680 1958 773 1991 Milt.
791 1958 851 1998 111,
876 1956 908 1990 4.
934 1957 1046 1990 Hand.
1071 1956 1114 1988 de
1134 1955 1283 1988 Partica.
1308 1955 1398 1988 Latt.
1421 1955 1498 1988 Vol.
1517 1956 1561 1989 11.
1574 1967 1606 1998 p.
1624 1956 1702 1990 477.

340 2023 374 2064 §-
399 2019 434 2054 6.
481 2019 607 2052 Sensus
631 2022 684 2051 est
715 2017 842 2062 igitur=
874 2016 982 2050 nolite
1013 2015 1086 2059 pati
1116 2025 1264 2059 regnum
1286 2014 1468 2048 Numidiae
1490 2016 1645 2058 nefarie,
1669 2021 1705 2051 et

339 2081 476 2126 quidem
497 2090 561 2123 per
582 2078 808 2122 propinquum
831 2088 942 2110 meum
965 2076 1151 2109 tabescere.
1198 2074 1236 2107 Si
1260 2073 1336 2116 quis
1364 2085 1447 2108 vero
1469 2085 1533 2119 per
1561 2078 1705 2121 sangui·

340 2151 418 2175 nem
437 2139 601 2183 familiae
622 2143 760 2172 nostrae
778 2137 975 2180 intelligere
996 2134 1096 2168 malit
1116 2145 1179 2177 per
1206 2134 1344 2166 caedem
1367 2145 1497 2176 meam,
1521 2146 1589 2169 non
1614 2137 1705 2170 mul-

339 2203 415 2235 tum
446 2209 627 2243 repugno;
665 2201 759 2231 certe
788 2197 1024 2230 membrorum
1066 2194 1156 2228 ratio
1186 2193 1306 2226 eadem
1337 2198 1462 2228 manet.
1520 2196 1705 2231 Tabescerc

338 2263 457 2295 autem
478 2258 614 2293 Cottius
636 2258 723 2292 bene
753 2257 923 2300 explicat,
955 2254 1125 2299 dignitate
1153 2264 1215 2286 sua
1236 2253 1368 2296 privari
1389 2256 1424 2287 et
1446 2255 1627 2297 paullatim
1649 2256 1704 2289 in-

341 2320 464 2364 terire,
489 2319 568 2353 coll.
592 2317 666 2352 Cic.
689 2318 777 2361 Epp.
801 2317 845 2350 ad
868 2316 970 2351 Attio.
995 2316 1066 2357 ΙΙΙ,
1089 2312 1145 2349 25.
1171 2314 1309 2347 litterae
1333 2314 1418 2347 mihi
1440 2315 1550 2347 Roma
1573 2315 1704 2349 allatae

341 2384 440 2420 eunt,
474 2391 514 2413 cx
537 2379 658 2423 quibus
686 2377 856 2423 perspicio
879 2376 974 2410 nobis
997 2375 1032 2408 in
1058 2375 1123 2409 hac
1146 2375 1346 2410 calamitate
1379 2379 1395 2409 t
1409 2373 1703 2409 abeundum

341 2449 425 2475 use.
446 2464 453 2469 —

432 2496 507 2530 XV·
556 2499 588 2539 §.
621 2499 653 2531 1.
704 2499 810 2542 finem
841 2496 1023 2541 loquendi]
1057 2493 1223 2528 Weissius
1257 2505 1297 2527 ex
1331 2492 1499 2536 corruptis
1520 2493 1605 2527 edd.
1634 2494 1704 2528 suis

343 2556 483 2602 scripsit
515 2558 674 2601 loquendi
697 2559 804 2600 finem
818 2585 826 2600 ‚
854 2557 967 2600 lepide
989 2556 1188 2599 vituperans
1210 2558 1359 2594 eeteros,
1395 2551 1454 2595 qui
1477 2552 1572 2586 oodd.
1596 2554 1704 2587 secuti

344 2620 435 2653 nunt.
457 2635 502 2642 -
526 2617 631 2650 Suam
663 2617 942 2661 post-saeviliam
972 2627 1077 2659 quum
1102 2614 1239 2648 Cottius
1260 2614 1296 2646 h.
1319 2613 1344 2645 l.
1367 2611 1534 2645 intactum
1555 2612 1703 2656 relique-

329 2676 413 2718 fit,
446 2677 653 2710 Gerlaohius
681 2677 765 2711 satis
794 2676 908 2710 ieiune
938 2677 1097 2710 observat
1127 2679 1199 2709 tum
1231 2685 1271 2707 ex
1293 2673 1383 2714 hoc,
1417 2675 1495 2706 tum*
1522 2682 1563 2707 ex
1584 2671 1705 2705 multis

349 2737 427 2772 eliis
450 2736 613 2781 exemplis
641 2735 783 2780 colligi,
816 2737 925 2769 multo
950 2736 1087 2780 saepius
1111 2746 1132 2769 e
1155 2733 1319 2768 Sallustio
1342 2743 1527 2776 pronomen
1549 2731 1703 2766 additum
