1826 3276
402 186 484 226 508
762 178 807 221 G.
838 175 1161 219 SALLUSTI
1190 137 1400 220 CllISPI

400 310 501 340 men
535 293 591 337 ab
631 290 817 349 negotiis
864 305 1102 348 numquam
1143 291 1343 352 voluptas
1388 300 1630 355 remorata,
1671 296 1750 340 nisi

400 390 521 449 quod
565 386 622 430 de
666 399 803 428 uxore
845 386 988 445 potuit
1034 385 1258 430 honestius
1297 387 1489 442 consuli3
1522 368 1750 446 facundus,

397 512 465 556 psit
487 515 520 544 et
533 535 544 551 ,
578 507 669 552 quod
692 519 754 541 eur
786 507 984 542 faciendum
1016 510 1188 552 putaverit
1209 510 1305 544 nulla
1325 520 1447 544 caussa
1467 511 1612 555 reperiri
1631 514 1749 555 potest.

397 568 579 605 contrario
602 568 705 602 modo
727 578 790 610 pro
813 567 911 601 iuxta
934 573 1069 612 atque
1091 569 1127 602 in
1150 569 1203 602 ed.
1228 568 1312 602 mai.
1334 568 1451 603 invitis
1473 566 1573 604 codd.
1595 571 1752 606 omnibus

398 632 504 666 habet
534 630 632 663 iuxta
664 632 729 668 εις
763 630 859 670 tum,
895 630 934 661 ut
964 632 1014 662 est
1043 628 1272 663 inconstantia
1298 628 1464 674 insignis,
1478 623 1525 664 'in
1548 630 1751 674 Commentt.

397 703 431 735 p.
454 688 533 724 324.
564 688 724 732 copulam
755 686 905 720 deletam
935 687 1031 727 vult3
1054 690 1224 730 postremo
1248 687 1283 721 in
1305 688 1357 724 ed.
1381 689 1565 724 novissima
1587 690 1630 724 ad
1654 691 1751 724 codd.

396 747 723 794 scripturam·redit.
771 748 931 781 Ceterum
953 746 1186 790 perspicuitati
1211 758 1277 780 non
1299 747 1384 782 satis
1406 750 1664 792 consuluerunt,
1695 740 1754 793 q'ui

396 810 494 844 nulla
522 808 794 851 interpunctione
824 811 900 851 post
929 807 1027 840 iusta
1055 806 1298 850 distinxerunt,
1329 800 1427 852 quasi
1449 809 1636 852 particulae
1657 810 1754 845 iuxta

398 875 527 914 atque,
557 873 596 902 ut
626 866 713 901 alias
747 866 805 905 fit,
837 864 1000 909 coniungi
1028 865 1183 901 debeant.
1228 866 1317 900 Nam
1340 867 1393 902 vis
1415 867 1603 911 praedicati
1623 872 1755 903 constat

397 930 473 964 sola
503 930 600 963 iuxta
633 937 739 966 voce,
771 924 828 958 cui
856 935 947 958 nova
979 914 1072 958 notio
1095 925 1233 959 additur
1254 927 1463 962 doctissume.
1512 928 1629 971 Quare
1651 933 1754 973 atque

398 990 491 1023 valet
514 993 547 1022 et
575 986 706 1031 quidem
720 1011 729 1026 ,
753 989 792 1018 ut
814 988 908 1018 recte
931 984 1067 1018 monuit
1087 984 1116 1017 F
1118 982 1216 1027 aber3
1241 998 1274 1021 v.
1299 989 1342 1023 ad
1367 1000 1394 1023 c.
1418 987 1525 1029 xcu,
1547 987 1580 1022 4.
1596 1006 1641 1013 —-
1669 989 1753 1022 Esse

397 1052 474 1093 post
497 1047 683 1087 luxurioso,
716 1045 806 1088 quod
830 1044 865 1077 in
888 1044 998 1078 tribus
1025 1045 1121 1077 codd.
1145 1045 1256 1084 deest,
1288 1044 1424 1079 (lortius
1445 1046 1589 1089 pessime
1610 1048 1754 1091 delevit3

398 1120 440 1141 ex
470 1108 539 1141 hoo
570 1105 662 1139 enim
685 1105 792 1137 verbo
815 1103 954 1148 singula
976 1103 1178 1145 enunciata,
1211 1104 1334 1147 quibus
1357 1104 1478 1139 Sullae
1498 1106 1674 1151 ingenium
1697 1109 1755 1141 de-

396 1152 579 1208 scribitur,
610 1163 779 1208 pendent,
802 1163 851 1196 ita
875 1167 912 1196 ut
935 1164 1067 1206 oratio,
1087 1175 1148 1207 per
1168 1163 1308 1197 nomina
1330 1164 1570 1208 progrediens,
1585 1166 1625 1204 *in
1647 1169 1754 1203 verbo

396 1226 578 1267 subsistat3
610 1225 832 1268 quamobrem
861 1222 972 1256 maior
1005 1222 1232 1266 interpunctio
1257 1224 1493 1262 tantummodo
1513 1228 1589 1268 post
1609 1226 1778 1271 ignavia(

397 1290 433 1322 et
456 1297 527 1321 esse
556 1285 734 1329 ponenda,
758 1287 873 1316 cetera
899 1282 1078 1316 commatis
1101 1282 1339 1328 distinguenda
1371 1287 1460 1317 sunt.
1480 1303 1526 1309 -—
1556 1285 1638 1319 Post
1657 1297 1754 1320 num-

397 1358 501 1393 quam
523 1345 559 1379 in
582 1355 649 1378 uno
672 1344 848 1385 alteroque
875 1342 950 1376 cod.
972 1341 1111 1386 legitur
1134 1353 1230 1383 eum,
1259 1341 1351 1385 quod
1379 1342 1511 1376 scribae
1540 1345 1753 1395 addiderunt,

397 1407 571 1442 obiectum
602 1402 754 1449 suppleri
784 1413 883 1446 posse
915 1401 1117 1443 nescientes,
1149 1402 1192 1434 de
1222 1412 1291 1444 qua
1321 1412 1359 1435 re
1380 1402 1575 1438 monuimus
1597 1406 1628 1446 5.
1653 1405 1688 1440 2.
1710 1426 1754 1432 —
1797 1411 1799 1413 '

397 1465 654 1501 Particularum
677 1463 745 1496 nisi
767 1462 857 1506 quod
879 1472 981 1495 usum
1004 1461 1158 1504 elliptica
1181 1460 1315 1494 dicendi
1343 1462 1476 1496 ratione
1497 1462 1558 1496 niti
1581 1468 1673 1498 recte
1695 1466 1755 1499 ob-

395 1523 548 1560 servavit
571 1522 751 1556 Walchius
774 1523 818 1555 ad
841 1521 957 1558 Tacit.
979 1521 1096 1565 Agric.
1122 1533 1151 1555 c.
1174 1521 1233 1554 Vl.
1256 1533 1289 1564 p.
1313 1519 1392 1554 154.
1437 1522 1528 1555 Nam
1550 1533 1656 1565 quum
1680 1534 1757 1558 sen-

397 1583 505 1619 tentia
535 1593 596 1626 per
626 1581 692 1614 nisi
723 1581 812 1625 quod
842 1581 962 1622 illata,
1000 1580 1081 1623 quia
1111 1590 1240 1613 novum
1270 1572 1502 1623 praedicatum
1533 1582 1659 1625 habet,
1687 1595 1755 1619 non

395 1643 501 1689 possit
523 1641 682 1676 continuo
705 1651 746 1673 ex
765 1640 983 1674 antecedente
1002 1638 1134 1682 excipi,
1157 1639 1199 1672 ad
1223 1641 1330 1674 verba
1351 1641 1393 1674 ab
1414 1643 1562 1686 negotiis
1583 1639 1755 1688 nunquam

396 1693 556 1747 voluptas
578 1704 752 1735 remorata
774 1699 983 1743 cogitatione
1006 1700 1075 1733 tale
1098 1700 1180 1745 quid
1203 1701 1394 1735 addendum
1416 1705 1486 1735 est:
1510 1707 1548 1736 ut
1571 1709 1754 1748 appareat,

395 1762 642 1807 voluptatibus.
663 1771 739 1794 eum
779 1759 893 1804 potins
923 1760 1055 1793 duxisse
1088 1760 1273 1795 honestum.
1329 1761 1394 1794 Cui
1425 1761 1520 1796 laudi
1550 1772 1657 1806 quum
1684 1775 1752 1798 non

396 1821 616 1858 annumerari
639 1819 786 1862 possint,
819 1830 908 1862 quae
930 1819 1073 1853 libidine
1094 1820 1258 1863 abreptus
1279 1820 1394 1854 minus
1415 1820 1558 1855 honeste
1580 1826 1614 1856 et
1636 1827 1755 1858 contra

397 1884 557 1917 decorum
581 1881 617 1915 in
639 1879 861 1922 matrimonio
884 1879 977 1923 egit,
1003 1879 1159 1923 turpibus
1182 1880 1357 1914 amoribus
1382 1883 1416 1914 et
1439 1881 1616 1916 adulteriis
1637 1882 1754 1917 indul-

397 1954 499 1988 gens,
537 1942 624 1975 haec
655 1943 747 1974 recte
770 1951 832 1984 per
854 1939 1040 1982 particulas
1063 1939 1129 1972 nisi
1150 1941 1240 1983 quod
1263 1939 1312 1974 ita
1333 1940 1563 1985 excipiuntur,
1595 1945 1634 1976 ut
1653 1943 1755 1986 plena

395 2001 563 2038 sententia
593 2000 661 2042 sit,
694 2000 761 2033 nisi
791 2000 903 2033 huic
939 1998 1069 2032 laudi
1111 2004 1366 2044 repugnat,
1407 2001 1507 2044 quod.
1544 2001 1597 2035 Ad
1617 2014 1753 2037 sensum

397 2064 506 2108 igitur
535 2072 602 2095 non
634 2059 868 2099 incommode,
905 2069 1113 2101 quamquam
1144 2070 1183 2092 re
1217 2057 1398 2092 nonsatis
1427 2063 1605 2102 accurate,
1639 2062 1753 2097 Faber

397 2123 466 2157 nisi
487 2122 576 2166 quod
599 2121 691 2154 idem
717 2131 791 2153 csse
814 2118 896 2153 dicit
919 2122 1021 2162 atque
1043 2119 1111 2152 sed.
1143 2118 1187 2151 οἳ.
1213 2117 1328 2152 Tacit.
1349 2119 1437 2153 Ann.
1458 2119 1488 2163 1,
1512 2118 1570 2161 33,
1592 2121 1626 2155 3.
1673 2123 1754 2166 Ipsa

398 2182 594 2228 Agrippina
618 2181 734 2224 paullo
758 2178 971 2222 commotior,
994 2179 1039 2212 ni
1046 2179 1086 2211 su·
1114 2178 1228 2222 quod
1259 2179 1419 2213 castitate
1442 2184 1476 2213 et
1497 2181 1618 2215 mariti
1639 2192 1754 2216 amore

400 2242 555 2287 quamvis
591 2240 793 2274 indomitum
825 2239 975 2272 animum
1007 2238 1044 2271 in
1073 2238 1195 2271 bonum
1218 2238 1388 2280 vertebat,
1421 2238 1482 2273 ubi
1504 2251 1608 2274 nexus
1631 2241 1680 2287 ita
1703 2246 1755 2278 est

399 2301 656 2346 concipiendus:
694 2310 781 2344 quae
814 2310 869 2332 res
896 2309 964 2331 mm
991 2301 1128 2341 poterat
1156 2308 1224 2330 non
1255 2297 1419 2331 damnosa
1441 2299 1542 2342 fieri,
1571 2301 1662 2335 nisi
1693 2313 1751 2337 sa-

400 2363 528 2395 lubrem
551 2361 829 2404 temperationem
852 2359 913 2393 hoc
936 2358 1076 2401 attulit,
1099 2358 1227 2401 quod.
1248 2357 1332 2390 ibid.
1359 2359 1415 2400 vl,
1436 2358 1493 2403 24,
1516 2360 1550 2396 2.
1597 2359 1752 2398 Astitisse
1810 2403 1814 2407 ,

399 2425 449 2455 tot
468 2431 532 2464 per
554 2431 682 2462 annos,
714 2421 772 2465 qui
795 2420 946 2460 vultum,
979 2418 1147 2463 gemitus,
1172 2418 1337 2451 occultum
1360 2418 1464 2452 etiam
1485 2430 1637 2455 murmur
1659 2423 1752 2456 exci-

397 2484 538 2525 perent,
568 2480 624 2513 vix
637 2481 748 2523 fides,
780 2479 942 2524 (supple:
973 2488 1078 2521 quum
1110 2477 1180 2510 alia
1210 2488 1319 2521 eaque
1347 2478 1440 2512 certa
1468 2476 1665 2512 testimonia
1686 2490 1753 2514 non

399 2539 617 2583 habeantur)
641 2540 731 2572 nisi
753 2540 848 2583 (hoc
870 2538 1034 2572 idoneum·
1053 2537 1284 2571 testimonium
1308 2538 1385 2582 est)
1416 2538 1528 2582 quod
1562 2538 1654 2571 Actia·
1675 2550 1751 2573 een-

400 2599 543 2633 turionin
580 2598 741 2642 epistolae
773 2610 944 2633 servornm
972 2597 1109 2631 nomina
1137 2598 1399 2641 praeferebant,
1429 2601 1471 2631 ut·
1499 2598 1573 2642 quis
1605 2598 1754 2632 Drusum
1804 2638 1811 2646 '

399 2660 620 2703 pulsaverat,
645 2663 864 2692 exterruerat.
888 2658 936 2692 id.
964 2657 1065 2698 XIV,
1087 2656 1143 2698 14,
1167 2655 1201 2692 5.
1248 2658 1355 2691 Notos
1384 2668 1512 2702 quoque
1535 2657 1661 2701 equites
1683 2657 1754 2691 Ro-

402 2730 519 2753 manos
547 2728 668 2762 operas
698 2729 824 2752 arenae
852 2718 1050 2762 promittere
1077 2718 1212 2762 subegit
1245 2718 1340 2751 donis
1367 2716 1562 2762 ingentibus
1590 2717 1753 2763 (supplez
