1826 3276
426 197 790 243 IUGURTHA.
851 197 983 242 GAP.
1011 195 1222 240 LXXXI.
1431 197 1518 240 425

130 312 335 372 iniustos,
364 315 592 376 profunda
623 315 826 374 avaritia,
862 315 1112 361 communis
1143 313 1343 359 omnium
1375 310 1519 358 hostis

74 420 102 471 J
132 400 253 467 esse3
297 412 489 458 eandem
525 414 623 458 illos
671 415 873 459 caussam
908 413 1017 458 belli
1062 427 1166 457 cum
1206 410 1395 457 Boccho
1432 409 1519 454 ha-

130 508 264 568 bere,
299 524 435 569 quam
470 526 621 555 secum
660 517 707 556 et
742 527 846 556 cum
881 511 974 556 aliis
1004 510 1240 571 gentibus,
1275 508 1520 554 lubidinem

131 605 426 668 imperitandi,
463 608 559 667 quis
594 608 743 652 omnia
776 623 919 669 regna
954 606 1147 652 advorsa
1181 607 1291 661 sint3
1326 612 1422 651 tum
1454 621 1543 651 se·-

132 719 211 770 se‚·
239 705 398 765 paullo
433 711 536 750 ante
563 703 970 769 Carthaginiensis,
999 705 1107 749 item
1141 704 1313 750 Persen
1346 718 1520 765 regem,

130 806 236 863 post
268 802 333 848 uti
367 803 554 862 quisque
589 803 965 865 opulentissumus
999 801 1217 859 videatur,
1251 803 1312 846 ita
1347 802 1521 846 Roma-

115 963 253 999 Guelf.
274 964 332 999 11.
356 965 467 1001 Laud.
491 964 527 1002 8.
555 965 650 1001 Med.
674 966 733 1001 10.
758 968 794 1001 et
815 965 902 1000 ven.
925 965 958 1000 1.
983 977 1032 1000 m.
1057 977 1123 1010 pn,
1155 968 1273 1001 tamen
1295 965 1393 999 hand
1416 963 1524 999 dubie

133 1036 219 1061 vera
250 1025 426 1071 scriptura
458 1032 520 1064 est.
573 1028 718 1063 Nullam
755 1026 872 1070 enim,
904 1027 997 1071 quod
1025 1026 1133 1061 ceteri
1155 1027 1256 1063 codd.
1280 1037 1399 1061 omnes
1422 1037 1524 1070 prae-

132 1087 236 1130 bont,
270 1096 379 1133 quum
405 1089 601 1124 necessario
624 1085 670 1124 ad
693 1089 830 1123 animus
853 1087 979 1122 referri
1001 1087 1145 1130 debeat,
1176 1089 1367 1123 absurdam
1389 1092 1522 1123 senten-

131 1149 222 1184 tiam
244 1149 368 1184 reddit.
393 1150 578 1195 Quomodo
602 1150 695 1184 enim
716 1150 854 1184 unimus
877 1161 1017 1183 uxorem
1041 1151 1208 1184 sociam
1230 1151 1364 1185 habere
1386 1151 1526 1195 potest?

114 1210 203 1246 ‘Sed
235 1211 372 1246 scribae
400 1211 610 1257 ignorarunt
637 1211 791 1246 obtinere
823 1210 984 1245 absolute
1007 1210 1098 1253 dici,
1130 1222 1234 1256 quem
1257 1223 1360 1246 usum
1384 1213 1527 1248 uberius
1552 1241 1557 1256 s

133 1273 180 1309 ad
201 1285 234 1308 c.
257 1272 368 1316 XVII,
388 1273 422 1308 7.
446 1285 480 1317 p.
505 1271 576 1307 1⁰5
597 1283 649 1316 sq.
678 1271 945 1307 illustravimus.
994 1273 1152 1306 Eundem
1187 1283 1379 1319 agnoscens
1408 1275 1527 1310 Faber

133 1335 172 1368 h.
195 1334 221 1368 l.
244 1333 390 1369 contulit
413 1334 489 1368 Cic.
523 1334 567 1368 de
590 1333 679 1378 Rep.
716 1334 776 1375 vl,
800 1332 858 1369 17.
909 1333 1038 1368 Subter
1059 1334 1213 1368 mediam
1240 1335 1322 1377 fere
1345 1326 1540 1380 regionem?

132 1396 187 1431 ool
216 1395 411 1431 obtinet.
1531 1391 1534 1395 ’

224 1457 386 1492 LXXXI.
409 1458 444 1499 §.
467 1455 501 1489 1.
548 1455 742 1500 placitum]
778 1456 832 1489 De
853 1454 925 1489 hoe
956 1457 991 1489 et
1012 1455 1206 1489 multorum
1232 1455 1419 1489 verborum
1445 1467 1528 1490 neu-

134 1517 282 1555 tralium
304 1515 491 1563 participio
521 1515 671 1560 perfecti
703 1517 758 1551 cf.
782 1515 1022 1551 Ruddimanni
1044 1515 1171 1550 lnstitt.
1209 1515 1370 1550 Gramm.
1395 1517 1472 1550 Vol.
1499 1517 1527 1552 1.

136 1591 174 1624 ι».
192 1578 264 1614 299
286 1589 339 1624 eq.
362 1597 409 1603 —
432 1577 634 1612 {mentionis
659 1580 774 1624 fidem
803 1580 892 1614 dare
925 1583 959 1614 et
981 1590 1033 1613 ac
1048 1578 1118 1622 cip
1130 1584 1203 1612 ere
1225 1577 1299 1612 vim
1323 1577 1528 1622 Voigtlaeu-

135 1641 241 1675 derue
263 1640 301 1674 in
321 1638 512 1674 Forcellini
534 1640 618 1674 Lex.
643 1640 720 1675 Vol.
745 1641 774 1675 1.
807 1653 843 1685 p.
866 1640 924 1675 27.
947 1642 1044 1674 recte
1064 1637 1192 1682 repetit
1221 1649 1244 1672 a
1266 1650 1365 1673 more
1387 1640 1527 1674 dextra-

136 1713 214 1736 rum
238 1701 520 1747 iungendarum,
544 1701 636 1745 quod
658 1701 740 1735 fidei
764 1700 905 1746 signum
930 1703 1030 1734 essct.
1079 1699 1246 1743 Accipere
1269 1699 1364 1734 enim
1387 1700 1529 1745 proprie

136 1766 188 1798 est
218 1761 354 1806 aliquid
383 1762 544 1796 oblatum
575 1774 683 1797 manu
713 1772 847 1806 capere.
872 1780 920 1786 —
949 1759 1079 1794 Bocchi
1101 1759 1300 1796 animum
1331 1760 1354 1797 i.
1379 1773 1409 1796 e.
1433 1762 1528 1796 Boe-
1553 1791 1555 1793 .

136 1824 263 1866 chum,
289 1823 335 1857 cf.
359 1822 404 1857 ad
427 1835 459 1858 e.
483 1823 646 1866 XXXIX,
670 1822 704 1858 5.
737 1834 771 1867 p.
794 1821 875 1857 228.
898 1841 946 1848 -
980 1821 1217 1864 Profunda
1239 1822 1417 1866 avaritia,
1450 1822 1475 1858 i.
1496 1834 1530 1859 e.

138 1895 232 1930 quae
252 1883 387 1929 expleri
411 1887 577 1928 nequeat,
601 1887 724 1926 vasta,
747 1883 939 1926 immensa3
964 1883 1010 1917 cf.
1035 1883 1181 1928 Fragm.
1205 1882 1360 1917 Historr.
1375 1883 1443 1926 '1v‚
1471 1884 1530 1928 12,

138 1945 295 1982 5.‘Gerl.
342 1945 477 1990 Cupido
519 1944 760 1990 profunda
800 1944 937 1989 imperi.
970 1944 1044 1978 Cic.
1077 1943 1114 1977 in
1146 1943 1266 1980 Pison.
1302 1956 1333 1978 c.
1364 1944 1434 1986 21,
1471 1945 1530 1982 48.

141 2007 256 2051 Quum
277 2011 414 2052 partem
438 2007 511 2041 cius
531 2007 689 2051 praedae
710 2006 980 2052 profundae
1007 2005 1167 2040 libidines
1190 2005 1426 2042 devorassent.
1473 2007 1529 2042 Si-

140 2069 272 2106 militer
293 2068 427 2103 Seneca
458 2067 546 2102 dixit
577 2067 688 2113 Epist.
722 2068 915 2102 LXXXIX.
964 2067 1147 2111 Profunda
1170 2071 1205 2102 et
1226 2068 1438 2104 insatiabilis
1461 2081 1530 2116 gu-

141 2133 188 2166 la.
212 2150 260 2157 —-
282 2130 336 2165 Ad
359 2140 518 2164 caussam
539 2140 664 2163 vocem
686 2141 756 2164 uon
779 2132 917 2164 tantum
941 2127 1092 2174 pertinet
1114 2127 1212 2170 belli,
1237 2130 1298 2163 sed
1320 2130 1430 2164 verba
1453 2131 1532 2166 belli

142 2204 218 2228 curn
243 2191 375 2226 Boccho
401 2189 501 2234 quasi
523 2189 561 2223 in
582 2202 690 2224 uuum
714 2189 919 2232 coniuncta3
945 2190 1145 2234 pariterque
1173 2191 1256 2225 belli
1276 2191 1385 2226 etiam
1410 2192 1453 2226 ad
1477 2203 1532 2227 se-

142 2252 284 2299 queutia
312 2262 440 2286 seeum
474 2255 509 2284 et
541 2261 634 2285 eum
658 2252 740 2286 aliis
762 2253 927 2298 gentibus
950 2253 1160 2287 trahendum
1185 2256 1248 2289 est.
1263 2271 1310 2276 —
1336 2252 1426 2286 Lub
1442 2254 1533 2294 idi-

142 2325 238 2350 uem
268 2312 496 2358 imperitandi
516 2316 697 2356 praestant
719 2313 830 2348 Fabr.
854 2313 887 2350 1.
920 2313 1001 2348 Sen.
1027 2313 1060 2347 1.
1085 2313 1120 2348 2.
1145 2314 1271 2349 Heuss.
1297 2314 1418 2350 Guelf.
1438 2315 1473 2350 1.
1497 2300 1553 2350 2.'

143 2376 200 2413 12.
221 2375 313 2420 Teg.
337 2383 457 2409 omnes
479 2373 615 2416 Leidd„
635 2378 770 2419 septem
794 2374 945 2417 Wassii,
977 2374 1047 2408 dno
1070 2373 1190 2416 Rivii,
1214 2374 1330 2408 Puris.
1352 2375 1387 2410 b.
1411 2376 1533 2412 Berol.

141 2437 180 2474 2.
202 2435 350 2472 Goerlit.
397 2432 516 2468 Ceteri
537 2434 669 2469 habent
685 2435 837 2471 lubidine
859 2436 958 2480 imp„
982 2434 1102 2469 ieiuna
1123 2445 1165 2469 ac
1188 2445 1297 2478 paene
1315 2436 1432 2482 inepta
1453 2450 1534 2474 sen-

144 2497 273 2539 tentia;
306 2497 352 2531 cf.
377 2495 453 2530 m.
486 2495 540 2537 1¹,
571 2495 621 2530 2.·
658 2495 845 2543 Postquam
869 2495 1140 2531 Lacedaemonii
1173 2501 1278 2540 atque
1308 2497 1534 2534 Athenienses

147 2563 287 2605 coepere
321 2547 579 2593 lubidi‘nem
610 2556 886 2593 dominandi
917 2567 1074 2592 caussam
1098 2556 1181 2590 belli
1202 2557 1340 2592 habere.
1374 2559 1442 2593 rue
1466 2559 1532 2594 im-

77 2650 80 2654 .
142 2620 297 2666 periture
329 2618 439 2652 verbo
475 2628 510 2651 v.
539 2617 584 2652 ad
618 2629 650 2652 e.
681 2618 851 2662 LXXIX,
872 2619 908 2654 2.
932 2638 978 2644 -
1010 2616 1170 2653 Adversa
1200 2609 1303 2654 sunt
1327 2620 1534 2665 confirmant

145 2681 231 2716 Bas.
255 2668 290 2716 Ϊ.
313 2681 384 2715 luc.
409 2678 444 2712 1.
468 2678 502 2712 2.
527 2679 608 2715 Eoo.
640 2679 758 2714 Guelf.
789 2681 823 2715 6.
850 2679 885 2714 ⁷.
911 2679 968 2715 11.
991 2678 1063 2722 12.,
1088 2690 1208 2715 omues
1243 2680 1358 2715 Italici
1383 2682 1534 2727 exceptis

146 2741 241 2776 Mod.
263 2740 299 2775 ⁷.
328 2743 365 2776 et
386 2741 470 2775 ven.
498 2740 532 2774 l.
557 2751 606 2777 m.
639 2748 705 2785 pr„
738 2741 854 2778 Paris.
877 2742 913 2775 b.
938 2752 968 2776 c.
991 2753 1026 2776 x.
1050 2753 1070 2776 z
1093 2752 1142 2776 m.
1176 2752 1260 2785 sec„
1292 2743 1412 2777 Berol.
1438 2742 1474 2778 2.
1498 2747 1534 2778 et

101 2799 105 2802 ”
145 2799 265 2845 Minu„
287 2799 386 2837 cuius
411 2801 506 2837 modi
528 2812 619 2846 quae
655 2801 746 2837 ratio
776 2802 822 2838 sit
850 2802 887 2837 iu
920 2802 1079 2839 oratione
1109 2802 1252 2849 obliqua
1275 2803 1363 2840 nati·
1385 2802 1536 2839 diximus
