<?xml version="1.0" encoding="UTF-8"?>
<!DOCTYPE html PUBLIC "-//W3C//DTD XHTML 1.0 Transitional//EN"
    "http://www.w3.org/TR/xhtml1/DTD/xhtml1-transitional.dtd">
<html xmlns="http://www.w3.org/1999/xhtml" xml:lang="en" lang="en">
 <head>
  <title>
</title>
<meta http-equiv="Content-Type" content="text/html;charset=utf-8" />
  <meta name='ocr-system' content='tesseract 3.04.00' />
  <meta name='ocr-capabilities' content='ocr_page ocr_carea ocr_par ocr_line ocrx_word'/>
</head>
<body>
  <div class='ocr_page' id='page_1' title='image "./operaquaesupers02salluoft_0501.png"; bbox 0 0 1826 3276; ppageno 0'>
   <div class='ocr_carea' id='block_1_1' title="bbox 385 190 1561 237">
    <p class='ocr_par' dir='ltr' id='par_1_1' title="bbox 385 190 1561 237">
     <span class='ocr_line' id='line_1_1' title="bbox 385 190 1561 237; baseline 0.003 -2"><span class='ocrx_word' id='word_1_1' title='bbox 385 190 747 235; x_wconf 78' lang='lat' dir='ltr'><strong>IUGURTHA.</strong></span> <span class='ocrx_word' id='word_1_2' title='bbox 805 190 932 235; x_wconf 84' lang='lat' dir='ltr'><strong>CAP.</strong></span> <span class='ocrx_word' id='word_1_3' title='bbox 963 190 1215 234; x_wconf 88' lang='lat' dir='ltr'><strong>LXXXIX.</strong></span> <span class='ocrx_word' id='word_1_4' title='bbox 1416 197 1502 237; x_wconf 67' lang='lat'><strong>47⁹</strong></span> <span class='ocrx_word' id='word_1_5' title='bbox 1558 196 1561 201; x_wconf 80' lang='grc'>’</span> 
     </span>
    </p>
   </div>
   <div class='ocr_carea' id='block_1_2' title="bbox 27 307 1537 958">
    <p class='ocr_par' dir='ltr' id='par_1_2' title="bbox 27 307 1537 958">
     <span class='ocr_line' id='line_1_2' title="bbox 108 307 1500 370; baseline 0.001 -17"><span class='ocrx_word' id='word_1_6' title='bbox 108 307 380 364; x_wconf 76' lang='lat' dir='ltr'><strong>morabatur.</strong></span> <span class='ocrx_word' id='word_1_7' title='bbox 450 309 560 355; x_wconf 82' lang='lat' dir='ltr'><strong>Eius</strong></span> <span class='ocrx_word' id='word_1_8' title='bbox 609 309 728 355; x_wconf 80' lang='lat' dir='ltr'><strong>cives</strong></span> <span class='ocrx_word' id='word_1_9' title='bbox 777 308 904 369; x_wconf 87' lang='lat' dir='ltr'><strong>apud</strong></span> <span class='ocrx_word' id='word_1_10' title='bbox 954 307 1222 370; x_wconf 68' lang='lat' dir='ltr'><strong>[ugni-tham</strong></span> <span class='ocrx_word' id='word_1_11' title='bbox 1266 309 1500 365; x_wconf 83' lang='lat' dir='ltr'><strong>immunes,</strong></span> 
     </span>
     <span class='ocr_line' id='line_1_3' title="bbox 108 405 1499 468; baseline 0.001 -17"><span class='ocrx_word' id='word_1_12' title='bbox 108 405 197 451; x_wconf 85' lang='lat' dir='ltr'><strong>levi</strong></span> <span class='ocrx_word' id='word_1_13' title='bbox 230 407 447 468; x_wconf 87' lang='lat' dir='ltr'><strong>imperio,</strong></span> <span class='ocrx_word' id='word_1_14' title='bbox 493 413 540 452; x_wconf 90' lang='lat' dir='ltr'><strong>et</strong></span> <span class='ocrx_word' id='word_1_15' title='bbox 581 406 644 452; x_wconf 90' lang='lat' dir='ltr'><strong>ob</strong></span> <span class='ocrx_word' id='word_1_16' title='bbox 680 421 735 451; x_wconf 85' lang='lat' dir='ltr'><strong>ea</strong></span> <span class='ocrx_word' id='word_1_17' title='bbox 761 405 1026 451; x_wconf 87' lang='lat' dir='ltr'><strong>fidelissumi</strong></span> <span class='ocrx_word' id='word_1_18' title='bbox 1058 405 1360 465; x_wconf 82' lang='lat' dir='ltr'><strong>habebantur,</strong></span> <span class='ocrx_word' id='word_1_19' title='bbox 1397 422 1499 452; x_wconf 89' lang='lat' dir='ltr'><strong>mu-</strong></span> 
     </span>
     <span class='ocr_line' id='line_1_4' title="bbox 106 491 1502 550; baseline 0.001 -2"><span class='ocrx_word' id='word_1_20' title='bbox 106 503 185 549; x_wconf 78' lang='lat' dir='ltr'><strong>niti</strong></span> <span class='ocrx_word' id='word_1_21' title='bbox 224 504 470 550; x_wconf 83' lang='lat' dir='ltr'>advorsum</span> <span class='ocrx_word' id='word_1_22' title='bbox 513 502 654 549; x_wconf 80' lang='lat' dir='ltr'><strong>hostis</strong></span> <span class='ocrx_word' id='word_1_23' title='bbox 692 518 785 548; x_wconf 91' lang='lat' dir='ltr'><strong>non</strong></span> <span class='ocrx_word' id='word_1_24' title='bbox 825 503 1060 550; x_wconf 84' lang='lat' dir='ltr'><strong>moenibus</strong></span> <span class='ocrx_word' id='word_1_25' title='bbox 1102 504 1244 549; x_wconf 89' lang='lat' dir='ltr'><strong>modo</strong></span> <span class='ocrx_word' id='word_1_26' title='bbox 1289 510 1336 550; x_wconf 88' lang='lat' dir='ltr'><strong>et</strong></span> <span class='ocrx_word' id='word_1_27' title='bbox 1368 491 1502 550; x_wconf 71' lang='lat' dir='ltr'><strong>armis</strong></span> 
     </span>
     <span class='ocr_line' id='line_1_5' title="bbox 107 593 1503 665; baseline 0.001 -19"><span class='ocrx_word' id='word_1_28' title='bbox 107 593 394 661; x_wconf 35' lang='lat' dir='ltr'><strong>atquekiris,</strong></span> <span class='ocrx_word' id='word_1_29' title='bbox 430 616 587 646; x_wconf 84' lang='lat' dir='ltr'><strong>verum</strong></span> <span class='ocrx_word' id='word_1_30' title='bbox 615 602 750 646; x_wconf 86' lang='lat' dir='ltr'><strong>etiam</strong></span> <span class='ocrx_word' id='word_1_31' title='bbox 783 601 927 645; x_wconf 87' lang='lat' dir='ltr'><strong>multo</strong></span> <span class='ocrx_word' id='word_1_32' title='bbox 955 601 1102 662; x_wconf 84' lang='lat' dir='ltr'><strong>magis</strong></span> <span class='ocrx_word' id='word_1_33' title='bbox 1131 602 1336 648; x_wconf 89' lang='lat' dir='ltr'><strong>locorum</strong></span> <span class='ocrx_word' id='word_1_34' title='bbox 1365 618 1503 665; x_wconf 83' lang='lat' dir='ltr'><strong>aspe-</strong></span> 
     </span>
     <span class='ocr_line' id='line_1_6' title="bbox 27 697 1537 760; baseline 0 -12"><span class='ocrx_word' id='word_1_35' title='bbox 27 745 30 748; x_wconf 24' lang='lat'><strong>⁴</strong></span> <span class='ocrx_word' id='word_1_36' title='bbox 106 698 247 746; x_wconf 75' lang='lat' dir='ltr'><strong>ritate.</strong></span> <span class='ocrx_word' id='word_1_37' title='bbox 315 699 436 745; x_wconf 79' lang='lat' dir='ltr'><strong>Nam</strong></span> <span class='ocrx_word' id='word_1_38' title='bbox 479 705 661 760; x_wconf 83' lang='lat' dir='ltr'><strong>praeter</strong></span> <span class='ocrx_word' id='word_1_39' title='bbox 704 697 880 759; x_wconf 84' lang='lat' dir='ltr'><strong>oppido</strong></span> <span class='ocrx_word' id='word_1_40' title='bbox 926 700 1186 760; x_wconf 78' lang='lat' dir='ltr'><strong>propinqua</strong></span> <span class='ocrx_word' id='word_1_41' title='bbox 1229 701 1315 745; x_wconf 84' lang='lat' dir='ltr'><strong>alia</strong></span> <span class='ocrx_word' id='word_1_42' title='bbox 1350 702 1537 750; x_wconf 86' lang='lat' dir='ltr'><strong>omnia5</strong></span> 
     </span>
     <span class='ocr_line' id='line_1_7' title="bbox 108 795 1503 859; baseline 0.004 -19"><span class='ocrx_word' id='word_1_43' title='bbox 108 801 256 856; x_wconf 83' lang='lat' dir='ltr'><strong>vasta,</strong></span> <span class='ocrx_word' id='word_1_44' title='bbox 300 796 493 854; x_wconf 86' lang='lat' dir='ltr'><strong>inculta,</strong></span> <span class='ocrx_word' id='word_1_45' title='bbox 550 795 730 858; x_wconf 81' lang='lat' dir='ltr'>egentia</span> <span class='ocrx_word' id='word_1_46' title='bbox 774 811 943 857; x_wconf 84' lang='lat' dir='ltr'><strong>aquae,</strong></span> <span class='ocrx_word' id='word_1_47' title='bbox 997 797 1158 843; x_wconf 84' lang='lat' dir='ltr'><strong>infesta</strong></span> <span class='ocrx_word' id='word_1_48' title='bbox 1204 800 1503 859; x_wconf 76' lang='lat' dir='ltr'><strong>serpentibus,</strong></span> 
     </span>
     <span class='ocr_line' id='line_1_8' title="bbox 111 893 1502 958; baseline 0.003 -20"><span class='ocrx_word' id='word_1_49' title='bbox 111 907 305 952; x_wconf 88' lang='lat' dir='ltr'><strong>quorum</strong></span> <span class='ocrx_word' id='word_1_50' title='bbox 350 895 440 952; x_wconf 78' lang='lat' dir='ltr'><strong>vis,</strong></span> <span class='ocrx_word' id='word_1_51' title='bbox 491 894 621 940; x_wconf 85' lang='lat' dir='ltr'><strong>sicuti</strong></span> <span class='ocrx_word' id='word_1_52' title='bbox 672 893 880 939; x_wconf 84' lang='lat' dir='ltr'><strong>omnium</strong></span> <span class='ocrx_word' id='word_1_53' title='bbox 922 894 1121 942; x_wconf 81' lang='lat' dir='ltr'><strong>ferarum</strong></span> <span class='ocrx_word' id='word_1_54' title='bbox 1143 929 1157 952; x_wconf 92' lang='lat'>‚</span> <span class='ocrx_word' id='word_1_55' title='bbox 1207 896 1360 958; x_wconf 88' lang='lat' dir='ltr'><strong>inopia</strong></span> <span class='ocrx_word' id='word_1_56' title='bbox 1415 898 1502 942; x_wconf 90' lang='lat' dir='ltr'><strong>cibi</strong></span> 
     </span>
    </p>
   </div>
   <div class='ocr_carea' id='block_1_3' title="bbox 54 990 1503 1056">
    <p class='ocr_par' dir='ltr' id='par_1_3' title="bbox 54 990 1503 1056">
     <span class='ocr_line' id='line_1_9' title="bbox 54 990 1503 1056; baseline 0.005 -21"><span class='ocrx_word' id='word_1_57' title='bbox 54 1048 56 1051; x_wconf 14' lang='lat' dir='ltr'><strong>f</strong></span> <span class='ocrx_word' id='word_1_58' title='bbox 107 991 287 1047; x_wconf 78' lang='lat' dir='ltr'><strong>acrior3</strong></span> <span class='ocrx_word' id='word_1_59' title='bbox 331 991 392 1037; x_wconf 81' lang='lat' dir='ltr'><strong>ad</strong></span> <span class='ocrx_word' id='word_1_60' title='bbox 434 990 526 1038; x_wconf 85' lang='lat' dir='ltr'><strong>hoc</strong></span> <span class='ocrx_word' id='word_1_61' title='bbox 560 996 719 1039; x_wconf 83' lang='lat' dir='ltr'><strong>natura</strong></span> <span class='ocrx_word' id='word_1_62' title='bbox 754 993 1056 1054; x_wconf 84' lang='lat' dir='ltr'><strong>serpentium,</strong></span> <span class='ocrx_word' id='word_1_63' title='bbox 1101 994 1202 1056; x_wconf 85' lang='lat' dir='ltr'><strong>ipsa</strong></span> <span class='ocrx_word' id='word_1_64' title='bbox 1234 996 1503 1056; x_wconf 86' lang='lat' dir='ltr'><strong>perniciosa,</strong></span> 
     </span>
    </p>
   </div>
   <div class='ocr_carea' id='block_1_4' title="bbox 47 1151 1508 2854">
    <p class='ocr_par' dir='ltr' id='par_1_4' title="bbox 47 1151 1508 2854">
     <span class='ocr_line' id='line_1_10' title="bbox 106 1151 1504 1204; baseline 0.004 -16"><span class='ocrx_word' id='word_1_65' title='bbox 106 1152 152 1188; x_wconf 79' lang='lat' dir='ltr'><strong>cr.</strong></span> <span class='ocrx_word' id='word_1_66' title='bbox 174 1164 213 1195; x_wconf 44' lang='lat' dir='ltr'><strong>c..</strong></span> <span class='ocrx_word' id='word_1_67' title='bbox 229 1152 338 1196; x_wconf 77' lang='lat' dir='ltr'>XVH,</span> <span class='ocrx_word' id='word_1_68' title='bbox 361 1152 397 1190; x_wconf 72' lang='lat'><strong>7.</strong></span> <span class='ocrx_word' id='word_1_69' title='bbox 414 1172 458 1180; x_wconf 90' lang='lat'><strong>—-</strong></span> <span class='ocrx_word' id='word_1_70' title='bbox 480 1151 654 1189; x_wconf 78' lang='lat' dir='ltr'><strong>Immunes</strong></span> <span class='ocrx_word' id='word_1_71' title='bbox 675 1154 796 1199; x_wconf 78' lang='lat' dir='ltr'><strong>paullo</strong></span> <span class='ocrx_word' id='word_1_72' title='bbox 819 1154 1025 1192; x_wconf 85' lang='lat' dir='ltr'><strong>insolentius</strong></span> <span class='ocrx_word' id='word_1_73' title='bbox 1047 1157 1209 1192; x_wconf 78' lang='lat' dir='ltr'><strong>absolute</strong></span> <span class='ocrx_word' id='word_1_74' title='bbox 1232 1156 1367 1192; x_wconf 83' lang='lat' dir='ltr'><strong>dictum</strong></span> <span class='ocrx_word' id='word_1_75' title='bbox 1390 1157 1504 1204; x_wconf 83' lang='lat' dir='ltr'><strong>signi-</strong></span> 
     </span>
     <span class='ocr_line' id='line_1_11' title="bbox 100 1208 1502 1260; baseline 0.004 -11"><span class='ocrx_word' id='word_1_76' title='bbox 100 1208 190 1250; x_wconf 58' lang='lat' dir='ltr'><strong>‘fient</strong></span> <span class='ocrx_word' id='word_1_77' title='bbox 221 1226 245 1249; x_wconf 80' lang='lat' dir='ltr'><strong>a</strong></span> <span class='ocrx_word' id='word_1_78' title='bbox 273 1213 415 1250; x_wconf 69' lang='lat' dir='ltr'><strong>tributis</strong></span> <span class='ocrx_word' id='word_1_79' title='bbox 445 1218 482 1249; x_wconf 79' lang='lat' dir='ltr'><strong>et</strong></span> <span class='ocrx_word' id='word_1_80' title='bbox 513 1215 638 1248; x_wconf 75' lang='lat' dir='ltr'><strong>ceteris</strong></span> <span class='ocrx_word' id='word_1_81' title='bbox 667 1216 883 1251; x_wconf 76' lang='lat' dir='ltr'><strong>subditorum</strong></span> <span class='ocrx_word' id='word_1_82' title='bbox 915 1219 1076 1253; x_wconf 77' lang='lat' dir='ltr'><strong>oneribus</strong></span> <span class='ocrx_word' id='word_1_83' title='bbox 1107 1219 1231 1260; x_wconf 66' lang='lat' dir='ltr'><strong>meri,-</strong></span> <span class='ocrx_word' id='word_1_84' title='bbox 1274 1218 1326 1253; x_wconf 88' lang='lat' dir='ltr'><strong>ita</strong></span> <span class='ocrx_word' id='word_1_85' title='bbox 1356 1218 1502 1255; x_wconf 89' lang='lat' dir='ltr'><strong>Sueton.</strong></span> 
     </span>
     <span class='ocr_line' id='line_1_12' title="bbox 105 1274 1503 1315; baseline 0.003 -5"><span class='ocrx_word' id='word_1_86' title='bbox 105 1275 230 1311; x_wconf 78' lang='lat' dir='ltr'><strong>Claud.</strong></span> <span class='ocrx_word' id='word_1_87' title='bbox 253 1287 284 1310; x_wconf 88' lang='lat' dir='ltr'><strong>c.</strong></span> <span class='ocrx_word' id='word_1_88' title='bbox 308 1274 366 1310; x_wconf 74' lang='lat'><strong>25.</strong></span> <span class='ocrx_word' id='word_1_89' title='bbox 388 1274 585 1310; x_wconf 71' lang='lat' dir='ltr'><strong>accuratius</strong></span> <span class='ocrx_word' id='word_1_90' title='bbox 607 1274 717 1312; x_wconf 82' lang='lat' dir='ltr'><strong>dixit:</strong></span> <span class='ocrx_word' id='word_1_91' title='bbox 748 1278 892 1314; x_wconf 79' lang='lat' dir='ltr'><strong>Ilienses</strong></span> <span class='ocrx_word' id='word_1_92' title='bbox 923 1280 978 1314; x_wconf 82' lang='lat' dir='ltr'><strong>ab</strong></span> <span class='ocrx_word' id='word_1_93' title='bbox 1018 1280 1142 1314; x_wconf 74' lang='lat' dir='ltr'><strong>omni</strong></span> <span class='ocrx_word' id='word_1_94' title='bbox 1181 1290 1318 1314; x_wconf 80' lang='lat' dir='ltr'><strong>onere</strong></span> <span class='ocrx_word' id='word_1_95' title='bbox 1350 1280 1503 1315; x_wconf 77' lang='lat' dir='ltr'><strong>immn-</strong></span> 
     </span>
     <span class='ocr_line' id='line_1_13' title="bbox 105 1335 1505 1385; baseline 0.003 -13"><span class='ocrx_word' id='word_1_96' title='bbox 105 1347 184 1372; x_wconf 69' lang='grc' dir='ltr'><strong>ιω</strong></span> <span class='ocrx_word' id='word_1_97' title='bbox 209 1336 400 1382; x_wconf 74' lang='lat' dir='ltr'><strong>praestitit.</strong></span> <span class='ocrx_word' id='word_1_98' title='bbox 447 1335 532 1370; x_wconf 88' lang='lat' dir='ltr'><strong>Inde</strong></span> <span class='ocrx_word' id='word_1_99' title='bbox 554 1337 720 1372; x_wconf 87' lang='lat' dir='ltr'><strong>continuo</strong></span> <span class='ocrx_word' id='word_1_100' title='bbox 750 1337 964 1385; x_wconf 72' lang='lat' dir='ltr'><strong>intelligitur</strong></span> <span class='ocrx_word' id='word_1_101' title='bbox 986 1351 1111 1384; x_wconf 86' lang='lat' dir='ltr'><strong>parum</strong></span> <span class='ocrx_word' id='word_1_102' title='bbox 1134 1343 1228 1375; x_wconf 85' lang='lat' dir='ltr'><strong>recte</strong></span> <span class='ocrx_word' id='word_1_103' title='bbox 1250 1341 1397 1376; x_wconf 74' lang='lat' dir='ltr'><strong>sensisse</strong></span> <span class='ocrx_word' id='word_1_104' title='bbox 1419 1343 1505 1376; x_wconf 75' lang='lat' dir='ltr'><strong>Pal-</strong></span> 
     </span>
     <span class='ocr_line' id='line_1_14' title="bbox 104 1396 1504 1447; baseline 0.004 -15"><span class='ocrx_word' id='word_1_105' title='bbox 104 1396 256 1432; x_wconf 83' lang='lat' dir='ltr'><strong>merium</strong></span> <span class='ocrx_word' id='word_1_106' title='bbox 289 1397 336 1432; x_wconf 88' lang='lat' dir='ltr'><strong>ad</strong></span> <span class='ocrx_word' id='word_1_107' title='bbox 365 1397 404 1431; x_wconf 82' lang='lat' dir='ltr'><strong>h.</strong></span> <span class='ocrx_word' id='word_1_108' title='bbox 431 1397 458 1432; x_wconf 89' lang='lat' dir='ltr'><strong>l.</strong></span> <span class='ocrx_word' id='word_1_109' title='bbox 491 1401 527 1433; x_wconf 87' lang='lat' dir='ltr'><strong>et</strong></span> <span class='ocrx_word' id='word_1_110' title='bbox 559 1398 828 1445; x_wconf 85' lang='lat' dir='ltr'><strong>Berneggerum</strong></span> <span class='ocrx_word' id='word_1_111' title='bbox 861 1402 906 1436; x_wconf 86' lang='lat' dir='ltr'><strong>ad</strong></span> <span class='ocrx_word' id='word_1_112' title='bbox 938 1401 1060 1436; x_wconf 84' lang='lat' dir='ltr'><strong>lustin.</strong></span> <span class='ocrx_word' id='word_1_113' title='bbox 1092 1401 1145 1443; x_wconf 84' lang='lat' dir='ltr'><strong>V,</strong></span> <span class='ocrx_word' id='word_1_114' title='bbox 1169 1401 1206 1444; x_wconf 94' lang='lat'><strong>1,</strong></span> <span class='ocrx_word' id='word_1_115' title='bbox 1231 1401 1303 1444; x_wconf 86' lang='lat'><strong>11.‚</strong></span> <span class='ocrx_word' id='word_1_116' title='bbox 1335 1403 1398 1447; x_wconf 85' lang='lat' dir='ltr'><strong>qui</strong></span> <span class='ocrx_word' id='word_1_117' title='bbox 1422 1404 1504 1446; x_wconf 82' lang='lat' dir='ltr'><strong>levi,</strong></span> 
     </span>
     <span class='ocr_line' id='line_1_15' title="bbox 103 1457 1504 1507; baseline 0.004 -14"><span class='ocrx_word' id='word_1_118' title='bbox 103 1459 268 1494; x_wconf 84' lang='lat' dir='ltr'><strong>omuibus</strong></span> <span class='ocrx_word' id='word_1_119' title='bbox 291 1458 390 1493; x_wconf 87' lang='lat' dir='ltr'><strong>codd.</strong></span> <span class='ocrx_word' id='word_1_120' title='bbox 413 1457 620 1502; x_wconf 78' lang='lat' dir='ltr'><strong>firmatum,</strong></span> <span class='ocrx_word' id='word_1_121' title='bbox 643 1466 818 1497; x_wconf 86' lang='lat' dir='ltr'><strong>mutatum</strong></span> <span class='ocrx_word' id='word_1_122' title='bbox 842 1466 1008 1507; x_wconf 78' lang='lat' dir='ltr'><strong>cuperent</strong></span> <span class='ocrx_word' id='word_1_123' title='bbox 1033 1462 1070 1496; x_wconf 86' lang='lat' dir='ltr'><strong>in</strong></span> <span class='ocrx_word' id='word_1_124' title='bbox 1098 1461 1179 1499; x_wconf 75' lang='lat' dir='ltr'><strong>leni.</strong></span> <span class='ocrx_word' id='word_1_125' title='bbox 1225 1461 1316 1497; x_wconf 88' lang='lat' dir='ltr'><strong>Nam</strong></span> <span class='ocrx_word' id='word_1_126' title='bbox 1341 1463 1417 1498; x_wconf 81' lang='lat' dir='ltr'><strong>leve</strong></span> <span class='ocrx_word' id='word_1_127' title='bbox 1438 1469 1504 1506; x_wconf 86' lang='lat' dir='ltr'><strong>est,</strong></span> 
     </span>
     <span class='ocr_line' id='line_1_16' title="bbox 103 1518 1504 1570; baseline 0.005 -17"><span class='ocrx_word' id='word_1_128' title='bbox 103 1519 218 1565; x_wconf 75' lang='lat' dir='ltr'><strong>qnod,</strong></span> <span class='ocrx_word' id='word_1_129' title='bbox 241 1530 350 1564; x_wconf 78' lang='lat' dir='ltr'><strong>quum</strong></span> <span class='ocrx_word' id='word_1_130' title='bbox 370 1518 487 1564; x_wconf 79' lang='lat' dir='ltr'><strong>ipsum</strong></span> <span class='ocrx_word' id='word_1_131' title='bbox 511 1522 662 1565; x_wconf 82' lang='lat' dir='ltr'><strong>pondere</strong></span> <span class='ocrx_word' id='word_1_132' title='bbox 685 1528 829 1566; x_wconf 81' lang='lat' dir='ltr'><strong>eareat,</strong></span> <span class='ocrx_word' id='word_1_133' title='bbox 851 1525 947 1559; x_wconf 70' lang='lat' dir='ltr'><strong>nullo</strong></span> <span class='ocrx_word' id='word_1_134' title='bbox 970 1534 1073 1558; x_wconf 81' lang='lat' dir='ltr'><strong>onere</strong></span> <span class='ocrx_word' id='word_1_135' title='bbox 1096 1523 1233 1568; x_wconf 75' lang='lat' dir='ltr'><strong>aliquid</strong></span> <span class='ocrx_word' id='word_1_136' title='bbox 1252 1525 1382 1570; x_wconf 75' lang='lat' dir='ltr'><strong>premit</strong></span> <span class='ocrx_word' id='word_1_137' title='bbox 1390 1537 1404 1567; x_wconf 85' lang='lat'><em>3</em></span> <span class='ocrx_word' id='word_1_138' title='bbox 1427 1526 1504 1561; x_wconf 76' lang='lat' dir='ltr'><strong>lene</strong></span> 
     </span>
     <span class='ocr_line' id='line_1_17' title="bbox 103 1580 1503 1628; baseline 0.004 -13"><span class='ocrx_word' id='word_1_139' title='bbox 103 1593 188 1616; x_wconf 82' lang='lat' dir='ltr'><strong>vero</strong></span> <span class='ocrx_word' id='word_1_140' title='bbox 209 1580 362 1623; x_wconf 79' lang='lat' dir='ltr'><strong>dicitur,</strong></span> <span class='ocrx_word' id='word_1_141' title='bbox 383 1582 477 1625; x_wconf 83' lang='lat' dir='ltr'><strong>quod</strong></span> <span class='ocrx_word' id='word_1_142' title='bbox 498 1582 649 1618; x_wconf 85' lang='lat' dir='ltr'><strong>mollitie</strong></span> <span class='ocrx_word' id='word_1_143' title='bbox 669 1594 734 1618; x_wconf 84' lang='lat' dir='ltr'><strong>sua</strong></span> <span class='ocrx_word' id='word_1_144' title='bbox 756 1585 955 1625; x_wconf 82' lang='lat' dir='ltr'><strong>blanditur,</strong></span> <span class='ocrx_word' id='word_1_145' title='bbox 987 1587 1022 1618; x_wconf 90' lang='lat' dir='ltr'><strong>et</strong></span> <span class='ocrx_word' id='word_1_146' title='bbox 1044 1583 1238 1628; x_wconf 81' lang='lat' dir='ltr'><strong>asperitate</strong></span> <span class='ocrx_word' id='word_1_147' title='bbox 1264 1586 1360 1621; x_wconf 90' lang='lat' dir='ltr'><strong>omni</strong></span> <span class='ocrx_word' id='word_1_148' title='bbox 1384 1591 1419 1621; x_wconf 87' lang='lat' dir='ltr'><strong>et</strong></span> <span class='ocrx_word' id='word_1_149' title='bbox 1442 1599 1503 1621; x_wconf 87' lang='lat' dir='ltr'><strong>se-</strong></span> 
     </span>
     <span class='ocr_line' id='line_1_18' title="bbox 103 1642 1503 1691; baseline 0.003 -13"><span class='ocrx_word' id='word_1_150' title='bbox 103 1642 253 1678; x_wconf 79' lang='lat' dir='ltr'><strong>veritate</strong></span> <span class='ocrx_word' id='word_1_151' title='bbox 274 1653 318 1677; x_wconf 82' lang='lat' dir='ltr'><strong>ae</strong></span> <span class='ocrx_word' id='word_1_152' title='bbox 339 1642 562 1679; x_wconf 77' lang='lat' dir='ltr'><strong>vehementia</strong></span> <span class='ocrx_word' id='word_1_153' title='bbox 583 1648 698 1679; x_wconf 81' lang='lat' dir='ltr'><strong>vacat.</strong></span> <span class='ocrx_word' id='word_1_154' title='bbox 735 1646 783 1679; x_wconf 77' lang='lat' dir='ltr'><strong>cf.</strong></span> <span class='ocrx_word' id='word_1_155' title='bbox 818 1645 1006 1691; x_wconf 82' lang='lat' dir='ltr'><strong>Spalding.</strong></span> <span class='ocrx_word' id='word_1_156' title='bbox 1029 1646 1074 1680; x_wconf 89' lang='lat' dir='ltr'><strong>ad</strong></span> <span class='ocrx_word' id='word_1_157' title='bbox 1098 1645 1266 1690; x_wconf 82' lang='lat' dir='ltr'><strong>Quinctil.</strong></span> <span class='ocrx_word' id='word_1_158' title='bbox 1290 1647 1336 1689; x_wconf 84' lang='lat' dir='ltr'><strong>X,</strong></span> <span class='ocrx_word' id='word_1_159' title='bbox 1361 1647 1397 1690; x_wconf 94' lang='lat'><strong>1,</strong></span> <span class='ocrx_word' id='word_1_160' title='bbox 1421 1648 1503 1683; x_wconf 81' lang='lat'><strong>121.</strong></span> 
     </span>
     <span class='ocr_line' id='line_1_19' title="bbox 104 1701 1504 1751; baseline 0.004 -13"><span class='ocrx_word' id='word_1_161' title='bbox 104 1701 309 1739; x_wconf 79' lang='lat' dir='ltr'><strong>Doederliui</strong></span> <span class='ocrx_word' id='word_1_162' title='bbox 329 1701 526 1750; x_wconf 76' lang='lat' dir='ltr'><strong>synonym.</strong></span> <span class='ocrx_word' id='word_1_163' title='bbox 548 1704 628 1740; x_wconf 84' lang='lat' dir='ltr'><strong>Lat.</strong></span> <span class='ocrx_word' id='word_1_164' title='bbox 653 1705 733 1740; x_wconf 87' lang='lat' dir='ltr'><strong>Vol.</strong></span> <span class='ocrx_word' id='word_1_165' title='bbox 758 1707 802 1741; x_wconf 86' lang='grc' dir='ltr'><strong>ΙΙ.</strong></span> <span class='ocrx_word' id='word_1_166' title='bbox 826 1718 860 1751; x_wconf 80' lang='lat' dir='ltr'><strong>p.</strong></span> <span class='ocrx_word' id='word_1_167' title='bbox 877 1706 948 1742; x_wconf 75' lang='lat'><strong>176</strong></span> <span class='ocrx_word' id='word_1_168' title='bbox 971 1718 1023 1750; x_wconf 86' lang='lat' dir='ltr'><strong>sq.</strong></span> <span class='ocrx_word' id='word_1_169' title='bbox 1049 1708 1081 1750; x_wconf 83' lang='lat'><strong>§.</strong></span> <span class='ocrx_word' id='word_1_170' title='bbox 1105 1705 1141 1741; x_wconf 82' lang='lat'><strong>6.</strong></span> <span class='ocrx_word' id='word_1_171' title='bbox 1166 1707 1434 1743; x_wconf 81' lang='lat' dir='ltr'><strong>Drakenborch.</strong></span> <span class='ocrx_word' id='word_1_172' title='bbox 1458 1709 1504 1743; x_wconf 90' lang='lat' dir='ltr'><strong>ad</strong></span> 
     </span>
     <span class='ocr_line' id='line_1_20' title="bbox 104 1763 1506 1812; baseline 0.003 -12"><span class='ocrx_word' id='word_1_173' title='bbox 104 1765 182 1803; x_wconf 75' lang='lat' dir='ltr'><strong>Liv.</strong></span> <span class='ocrx_word' id='word_1_174' title='bbox 204 1766 265 1808; x_wconf 85' lang='lat' dir='ltr'><strong>vl,</strong></span> <span class='ocrx_word' id='word_1_175' title='bbox 287 1764 345 1807; x_wconf 82' lang='lat'><strong>19,</strong></span> <span class='ocrx_word' id='word_1_176' title='bbox 368 1763 404 1798; x_wconf 76' lang='lat'><strong>3.</strong></span> <span class='ocrx_word' id='word_1_177' title='bbox 451 1764 619 1808; x_wconf 80' lang='lat' dir='ltr'><strong>Imperite</strong></span> <span class='ocrx_word' id='word_1_178' title='bbox 651 1764 763 1812; x_wconf 84' lang='lat' dir='ltr'><strong>igitur</strong></span> <span class='ocrx_word' id='word_1_179' title='bbox 793 1767 948 1803; x_wconf 88' lang='lat' dir='ltr'><strong>Weisius</strong></span> <span class='ocrx_word' id='word_1_180' title='bbox 979 1767 1050 1802; x_wconf 69' lang='lat' dir='ltr'><strong>leva·</strong></span> <span class='ocrx_word' id='word_1_181' title='bbox 1079 1767 1329 1812; x_wconf 86' lang='lat' dir='ltr'><strong>interpretatur</strong></span> <span class='ocrx_word' id='word_1_182' title='bbox 1352 1768 1435 1804; x_wconf 73' lang='lat' dir='ltr'><strong>leni.</strong></span> <span class='ocrx_word' id='word_1_183' title='bbox 1458 1787 1506 1796; x_wconf 91' lang='lat'>—</span> 
     </span>
     <span class='ocr_line' id='line_1_21' title="bbox 106 1826 1505 1875; baseline 0.003 -14"><span class='ocrx_word' id='word_1_184' title='bbox 106 1826 338 1861; x_wconf 71' lang='lat' dir='ltr'><strong>Habebamus·</strong></span> <span class='ocrx_word' id='word_1_185' title='bbox 360 1835 425 1870; x_wconf 78' lang='lat' dir='ltr'><strong>per</strong></span> <span class='ocrx_word' id='word_1_186' title='bbox 445 1835 598 1870; x_wconf 81' lang='lat' dir='ltr'><strong>zeugma</strong></span> <span class='ocrx_word' id='word_1_187' title='bbox 629 1837 710 1862; x_wconf 88' lang='lat' dir='ltr'><strong>eum</strong></span> <span class='ocrx_word' id='word_1_188' title='bbox 742 1830 958 1875; x_wconf 69' lang='lat' dir='ltr'><strong>praegressis</strong></span> <span class='ocrx_word' id='word_1_189' title='bbox 983 1828 1193 1874; x_wconf 82' lang='lat' dir='ltr'><strong>praedicatis</strong></span> <span class='ocrx_word' id='word_1_190' title='bbox 1215 1828 1431 1873; x_wconf 82' lang='lat' dir='ltr'><strong>continetur,</strong></span> <span class='ocrx_word' id='word_1_191' title='bbox 1454 1829 1505 1865; x_wconf 85' lang='lat' dir='ltr'><strong>si-</strong></span> 
     </span>
     <span class='ocr_line' id='line_1_22' title="bbox 104 1886 1504 1936; baseline 0.004 -14"><span class='ocrx_word' id='word_1_192' title='bbox 104 1886 248 1933; x_wconf 73' lang='lat' dir='ltr'><strong>quidem</strong></span> <span class='ocrx_word' id='word_1_193' title='bbox 277 1887 324 1922; x_wconf 89' lang='lat' dir='ltr'><strong>ad</strong></span> <span class='ocrx_word' id='word_1_194' title='bbox 357 1886 428 1921; x_wconf 90' lang='lat' dir='ltr'><strong>duo</strong></span> <span class='ocrx_word' id='word_1_195' title='bbox 459 1886 580 1931; x_wconf 81' lang='lat' dir='ltr'><strong>priora</strong></span> <span class='ocrx_word' id='word_1_196' title='bbox 610 1888 763 1924; x_wconf 84' lang='lat' dir='ltr'><strong>relatum</strong></span> <span class='ocrx_word' id='word_1_197' title='bbox 794 1891 892 1926; x_wconf 84' lang='lat' dir='ltr'><strong>valet</strong></span> <span class='ocrx_word' id='word_1_198' title='bbox 921 1891 1169 1926; x_wconf 71' lang='lat' dir='ltr'><strong>tractabantur</strong></span> <span class='ocrx_word' id='word_1_199' title='bbox 1189 1891 1265 1926; x_wconf 82' lang='lat' dir='ltr'><strong>sive</strong></span> <span class='ocrx_word' id='word_1_200' title='bbox 1286 1891 1504 1936; x_wconf 77' lang='lat' dir='ltr'><strong>regebantur</strong></span> 
     </span>
     <span class='ocr_line' id='line_1_23' title="bbox 104 1946 1504 1998; baseline 0.002 -14"><span class='ocrx_word' id='word_1_201' title='bbox 104 1949 172 1995; x_wconf 72' lang='lat' dir='ltr'><strong>(cf.</strong></span> <span class='ocrx_word' id='word_1_202' title='bbox 199 1949 245 1985; x_wconf 79' lang='lat' dir='ltr'><strong>ad</strong></span> <span class='ocrx_word' id='word_1_203' title='bbox 267 1949 342 1984; x_wconf 73' lang='lat' dir='ltr'><strong>cat.</strong></span> <span class='ocrx_word' id='word_1_204' title='bbox 366 1947 430 1990; x_wconf 81' lang='lat' dir='ltr'><strong>XI,</strong></span> <span class='ocrx_word' id='word_1_205' title='bbox 451 1947 489 1983; x_wconf 83' lang='lat'><strong>5.</strong></span> <span class='ocrx_word' id='word_1_206' title='bbox 513 1960 550 1993; x_wconf 86' lang='lat' dir='ltr'><strong>p.</strong></span> <span class='ocrx_word' id='word_1_207' title='bbox 573 1946 676 1994; x_wconf 59' lang='lat'><strong>590,</strong></span> <span class='ocrx_word' id='word_1_208' title='bbox 707 1950 752 1986; x_wconf 87' lang='lat' dir='ltr'><strong>ad</strong></span> <span class='ocrx_word' id='word_1_209' title='bbox 777 1952 991 1996; x_wconf 76' lang='lat' dir='ltr'><strong>fidelissumi</strong></span> <span class='ocrx_word' id='word_1_210' title='bbox 1012 1956 1175 1998; x_wconf 76' lang='lat' dir='ltr'><strong>spectum</strong></span> <span class='ocrx_word' id='word_1_211' title='bbox 1207 1951 1384 1997; x_wconf 81' lang='lat' dir='ltr'><strong>significat</strong></span> <span class='ocrx_word' id='word_1_212' title='bbox 1406 1957 1504 1987; x_wconf 76' lang='lat' dir='ltr'><strong>tene-</strong></span> 
     </span>
     <span class='ocr_line' id='line_1_24' title="bbox 76 2008 1503 2056; baseline 0.002 -11"><span class='ocrx_word' id='word_1_213' title='bbox 76 2013 77 2016; x_wconf 76' lang='grc'>’</span> <span class='ocrx_word' id='word_1_214' title='bbox 105 2010 241 2045; x_wconf 73' lang='lat' dir='ltr'><strong>bantur·</strong></span> <span class='ocrx_word' id='word_1_215' title='bbox 270 2010 329 2044; x_wconf 83' lang='lat' dir='ltr'><strong>vel</strong></span> <span class='ocrx_word' id='word_1_216' title='bbox 359 2008 569 2054; x_wconf 78' lang='lat' dir='ltr'><strong>simpliciter</strong></span> <span class='ocrx_word' id='word_1_217' title='bbox 600 2017 728 2055; x_wconf 81' lang='lat' dir='ltr'><strong>erant,.</strong></span> <span class='ocrx_word' id='word_1_218' title='bbox 749 2024 784 2048; x_wconf 81' lang='lat' dir='ltr'><strong>v,</strong></span> <span class='ocrx_word' id='word_1_219' title='bbox 816 2013 862 2048; x_wconf 90' lang='lat' dir='ltr'><strong>ad</strong></span> <span class='ocrx_word' id='word_1_220' title='bbox 893 2014 970 2049; x_wconf 81' lang='lat' dir='ltr'><strong>Cat.</strong></span> <span class='ocrx_word' id='word_1_221' title='bbox 1001 2014 1037 2056; x_wconf 87' lang='lat'><strong>1,</strong></span> <span class='ocrx_word' id='word_1_222' title='bbox 1069 2013 1103 2049; x_wconf 82' lang='lat'><strong>4.</strong></span> <span class='ocrx_word' id='word_1_223' title='bbox 1136 2031 1182 2041; x_wconf 79' lang='lat'><strong>--</strong></span> <span class='ocrx_word' id='word_1_224' title='bbox 1219 2013 1310 2047; x_wconf 76' lang='lat' dir='ltr'><strong>Viris</strong></span> <span class='ocrx_word' id='word_1_225' title='bbox 1340 2024 1375 2047; x_wconf 80' lang='lat' dir='ltr'><strong>v.</strong></span> <span class='ocrx_word' id='word_1_226' title='bbox 1400 2013 1446 2048; x_wconf 87' lang='lat' dir='ltr'><strong>ad</strong></span> <span class='ocrx_word' id='word_1_227' title='bbox 1470 2025 1503 2049; x_wconf 88' lang='lat' dir='ltr'><strong>c.</strong></span> 
     </span>
     <span class='ocr_line' id='line_1_25' title="bbox 105 2070 1505 2121; baseline 0.002 -15"><span class='ocrx_word' id='word_1_228' title='bbox 105 2070 328 2114; x_wconf 71' lang='lat' dir='ltr'><strong>uxxxvm,</strong></span> <span class='ocrx_word' id='word_1_229' title='bbox 352 2070 388 2105; x_wconf 81' lang='lat'><strong>4.</strong></span> <span class='ocrx_word' id='word_1_230' title='bbox 419 2089 464 2097; x_wconf 91' lang='lat'><strong>-·</strong></span> <span class='ocrx_word' id='word_1_231' title='bbox 502 2071 628 2106; x_wconf 82' lang='lat' dir='ltr'><strong>Verum</strong></span> <span class='ocrx_word' id='word_1_232' title='bbox 661 2074 771 2109; x_wconf 78' lang='lat' dir='ltr'><strong>etiam</strong></span> <span class='ocrx_word' id='word_1_233' title='bbox 803 2078 885 2109; x_wconf 86' lang='lat' dir='ltr'><strong>ante</strong></span> <span class='ocrx_word' id='word_1_234' title='bbox 913 2075 1025 2110; x_wconf 81' lang='lat' dir='ltr'><strong>multo</strong></span> <span class='ocrx_word' id='word_1_235' title='bbox 1056 2075 1175 2121; x_wconf 77' lang='lat' dir='ltr'><strong>magis</strong></span> <span class='ocrx_word' id='word_1_236' title='bbox 1206 2073 1348 2109; x_wconf 73' lang='lat' dir='ltr'><strong>Cor-tius</strong></span> <span class='ocrx_word' id='word_1_237' title='bbox 1383 2074 1505 2120; x_wconf 82' lang='lat' dir='ltr'><strong>inepte</strong></span> 
     </span>
     <span class='ocr_line' id='line_1_26' title="bbox 105 2131 980 2175; baseline 0.005 -8"><span class='ocrx_word' id='word_1_238' title='bbox 105 2131 246 2175; x_wconf 72' lang='lat' dir='ltr'><strong>omisit,</strong></span> <span class='ocrx_word' id='word_1_239' title='bbox 267 2132 448 2169; x_wconf 75' lang='lat' dir='ltr'><strong>codicibus</strong></span> <span class='ocrx_word' id='word_1_240' title='bbox 471 2137 507 2169; x_wconf 81' lang='lat' dir='ltr'><strong>et</strong></span> <span class='ocrx_word' id='word_1_241' title='bbox 527 2138 646 2170; x_wconf 84' lang='lat' dir='ltr'><strong>rectae</strong></span> <span class='ocrx_word' id='word_1_242' title='bbox 667 2135 795 2170; x_wconf 87' lang='lat' dir='ltr'><strong>rationi</strong></span> <span class='ocrx_word' id='word_1_243' title='bbox 818 2135 980 2172; x_wconf 85' lang='lat' dir='ltr'><strong>illudens.</strong></span> 
     </span>
     <span class='ocr_line' id='line_1_27' title="bbox 197 2192 1508 2242; baseline 0.004 -14"><span class='ocrx_word' id='word_1_244' title='bbox 197 2195 232 2238; x_wconf 75' lang='lat' dir='ltr'><strong>S.</strong></span> <span class='ocrx_word' id='word_1_245' title='bbox 262 2192 299 2229; x_wconf 76' lang='lat'><strong>5.</strong></span> <span class='ocrx_word' id='word_1_246' title='bbox 346 2195 480 2238; x_wconf 69' lang='lat' dir='ltr'><strong>inferta</strong></span> <span class='ocrx_word' id='word_1_247' title='bbox 521 2197 760 2242; x_wconf 66' lang='lat' dir='ltr'><strong>serpentibus]</strong></span> <span class='ocrx_word' id='word_1_248' title='bbox 802 2198 939 2242; x_wconf 81' lang='lat' dir='ltr'><strong>Infesta</strong></span> <span class='ocrx_word' id='word_1_249' title='bbox 979 2195 1163 2242; x_wconf 81' lang='lat' dir='ltr'><strong>passivum</strong></span> <span class='ocrx_word' id='word_1_250' title='bbox 1196 2208 1338 2233; x_wconf 87' lang='lat' dir='ltr'><strong>sensum</strong></span> <span class='ocrx_word' id='word_1_251' title='bbox 1369 2197 1508 2234; x_wconf 78' lang='lat' dir='ltr'><strong>habere</strong></span> 
     </span>
     <span class='ocr_line' id='line_1_28' title="bbox 49 2253 1504 2302; baseline 0.003 -13"><span class='ocrx_word' id='word_1_252' title='bbox 49 2274 57 2280; x_wconf 36' lang='grc' dir='ltr'><strong>Α</strong></span> <span class='ocrx_word' id='word_1_253' title='bbox 106 2253 259 2290; x_wconf 82' lang='lat' dir='ltr'><strong>diximus</strong></span> <span class='ocrx_word' id='word_1_254' title='bbox 287 2256 334 2291; x_wconf 87' lang='lat' dir='ltr'><strong>ad</strong></span> <span class='ocrx_word' id='word_1_255' title='bbox 363 2255 441 2290; x_wconf 75' lang='lat' dir='ltr'><strong>eat.</strong></span> <span class='ocrx_word' id='word_1_256' title='bbox 473 2254 555 2300; x_wconf 77' lang='lat' dir='ltr'><strong>XV,</strong></span> <span class='ocrx_word' id='word_1_257' title='bbox 578 2257 637 2300; x_wconf 60' lang='lat'><strong>§.3</strong></span> <span class='ocrx_word' id='word_1_258' title='bbox 668 2258 729 2292; x_wconf 86' lang='lat' dir='ltr'><strong>sed</strong></span> <span class='ocrx_word' id='word_1_259' title='bbox 761 2270 853 2302; x_wconf 86' lang='lat' dir='ltr'><strong>quae</strong></span> <span class='ocrx_word' id='word_1_260' title='bbox 887 2258 926 2293; x_wconf 90' lang='lat' dir='ltr'><strong>in</strong></span> <span class='ocrx_word' id='word_1_261' title='bbox 958 2258 1029 2292; x_wconf 85' lang='lat' dir='ltr'><strong>hoe</strong></span> <span class='ocrx_word' id='word_1_262' title='bbox 1056 2258 1231 2294; x_wconf 80' lang='lat' dir='ltr'><strong>vocabulo</strong></span> <span class='ocrx_word' id='word_1_263' title='bbox 1253 2258 1368 2293; x_wconf 85' lang='lat' dir='ltr'><strong>inesse</strong></span> <span class='ocrx_word' id='word_1_264' title='bbox 1391 2259 1504 2295; x_wconf 81' lang='lat' dir='ltr'><strong>videri</strong></span> 
     </span>
     <span class='ocr_line' id='line_1_29' title="bbox 105 2309 1506 2365; baseline 0.004 -16"><span class='ocrx_word' id='word_1_265' title='bbox 105 2314 216 2358; x_wconf 78' lang='lat' dir='ltr'><strong>possit</strong></span> <span class='ocrx_word' id='word_1_266' title='bbox 238 2314 380 2359; x_wconf 82' lang='lat' dir='ltr'><strong>passiva</strong></span> <span class='ocrx_word' id='word_1_267' title='bbox 401 2315 615 2362; x_wconf 82' lang='lat' dir='ltr'><strong>significatio</strong></span> <span class='ocrx_word' id='word_1_268' title='bbox 628 2343 640 2361; x_wconf 91' lang='lat'><strong>,</strong></span> <span class='ocrx_word' id='word_1_269' title='bbox 663 2329 743 2354; x_wconf 88' lang='lat' dir='ltr'><strong>eam</strong></span> <span class='ocrx_word' id='word_1_270' title='bbox 767 2319 840 2354; x_wconf 85' lang='lat' dir='ltr'><strong>alio</strong></span> <span class='ocrx_word' id='word_1_271' title='bbox 862 2319 970 2354; x_wconf 89' lang='lat' dir='ltr'><strong>modo</strong></span> <span class='ocrx_word' id='word_1_272' title='bbox 993 2309 1246 2364; x_wconf 76' lang='lat' dir='ltr'><strong>expediendam</strong></span> <span class='ocrx_word' id='word_1_273' title='bbox 1269 2331 1345 2355; x_wconf 84' lang='lat' dir='ltr'><strong>esse</strong></span> <span class='ocrx_word' id='word_1_274' title='bbox 1368 2320 1506 2365; x_wconf 83' lang='lat' dir='ltr'><strong>primns</strong></span> 
     </span>
     <span class='ocr_line' id='line_1_30' title="bbox 105 2373 1503 2427; baseline 0.007 -19"><span class='ocrx_word' id='word_1_275' title='bbox 105 2373 288 2422; x_wconf 77' lang='lat' dir='ltr'><strong>ingeniose</strong></span> <span class='ocrx_word' id='word_1_276' title='bbox 310 2377 431 2413; x_wconf 85' lang='lat' dir='ltr'><strong>docuit</strong></span> <span class='ocrx_word' id='word_1_277' title='bbox 451 2379 683 2415; x_wconf 84' lang='lat' dir='ltr'><strong>Doederlinus</strong></span> <span class='ocrx_word' id='word_1_278' title='bbox 705 2380 900 2427; x_wconf 80' lang='lat' dir='ltr'><strong>Synonym.</strong></span> <span class='ocrx_word' id='word_1_279' title='bbox 924 2381 1020 2418; x_wconf 88' lang='lat' dir='ltr'><strong>Latt.</strong></span> <span class='ocrx_word' id='word_1_280' title='bbox 1045 2381 1121 2416; x_wconf 89' lang='lat' dir='ltr'><strong>Vol.</strong></span> <span class='ocrx_word' id='word_1_281' title='bbox 1142 2382 1202 2416; x_wconf 85' lang='lat' dir='ltr'><strong>lv.</strong></span> <span class='ocrx_word' id='word_1_282' title='bbox 1228 2393 1261 2426; x_wconf 82' lang='lat' dir='ltr'><strong>p.</strong></span> <span class='ocrx_word' id='word_1_283' title='bbox 1285 2381 1366 2416; x_wconf 79' lang='lat'><strong>400.</strong></span> <span class='ocrx_word' id='word_1_284' title='bbox 1393 2385 1426 2426; x_wconf 82' lang='lat'><strong>§.</strong></span> <span class='ocrx_word' id='word_1_285' title='bbox 1444 2382 1503 2418; x_wconf 80' lang='lat'><strong>12.</strong></span> 
     </span>
     <span class='ocr_line' id='line_1_31' title="bbox 104 2435 1504 2491; baseline 0.006 -21"><span class='ocrx_word' id='word_1_286' title='bbox 104 2435 281 2474; x_wconf 84' lang='lat' dir='ltr'><strong>Nimirum</strong></span> <span class='ocrx_word' id='word_1_287' title='bbox 303 2437 372 2474; x_wconf 86' lang='lat' dir='ltr'><strong>isto</strong></span> <span class='ocrx_word' id='word_1_288' title='bbox 395 2439 502 2475; x_wconf 75' lang='lat' dir='ltr'><strong>seusu</strong></span> <span class='ocrx_word' id='word_1_289' title='bbox 520 2441 731 2477; x_wconf 84' lang='lat' dir='ltr'><strong>vocabulum</strong></span> <span class='ocrx_word' id='word_1_290' title='bbox 755 2441 988 2486; x_wconf 80' lang='lat' dir='ltr'><strong>compositum</strong></span> <span class='ocrx_word' id='word_1_291' title='bbox 1022 2445 1076 2478; x_wconf 88' lang='lat' dir='ltr'><strong>est</strong></span> <span class='ocrx_word' id='word_1_292' title='bbox 1096 2453 1140 2477; x_wconf 82' lang='lat' dir='ltr'><strong>ex</strong></span> <span class='ocrx_word' id='word_1_293' title='bbox 1157 2445 1274 2488; x_wconf 81' lang='lat' dir='ltr'><strong>festus</strong></span> <span class='ocrx_word' id='word_1_294' title='bbox 1295 2448 1331 2479; x_wconf 87' lang='lat' dir='ltr'><strong>et</strong></span> <span class='ocrx_word' id='word_1_295' title='bbox 1352 2448 1504 2491; x_wconf 85' lang='lat' dir='ltr'><strong>negante</strong></span> 
     </span>
     <span class='ocr_line' id='line_1_32' title="bbox 106 2497 1501 2549; baseline 0.006 -16"><span class='ocrx_word' id='word_1_296' title='bbox 106 2497 145 2532; x_wconf 79' lang='grc' dir='ltr'><strong>ἰιι</strong></span> <span class='ocrx_word' id='word_1_297' title='bbox 169 2499 320 2545; x_wconf 78' lang='lat' dir='ltr'><strong>syllaba.</strong></span> <span class='ocrx_word' id='word_1_298' title='bbox 369 2501 442 2536; x_wconf 77' lang='lat' dir='ltr'><strong>Res</strong></span> <span class='ocrx_word' id='word_1_299' title='bbox 458 2504 621 2547; x_wconf 77' lang='lat' dir='ltr'><strong>festae</strong></span> <span class='ocrx_word' id='word_1_300' title='bbox 651 2502 746 2538; x_wconf 85' lang='lat' dir='ltr'><strong>euim</strong></span> <span class='ocrx_word' id='word_1_301' title='bbox 767 2515 877 2549; x_wconf 84' lang='lat' dir='ltr'><strong>quum</strong></span> <span class='ocrx_word' id='word_1_302' title='bbox 900 2515 970 2539; x_wconf 91' lang='lat' dir='ltr'><strong>non</strong></span> <span class='ocrx_word' id='word_1_303' title='bbox 1001 2505 1117 2539; x_wconf 89' lang='lat' dir='ltr'><strong>solum</strong></span> <span class='ocrx_word' id='word_1_304' title='bbox 1140 2505 1314 2541; x_wconf 83' lang='lat' dir='ltr'><strong>laetitiam</strong></span> <span class='ocrx_word' id='word_1_305' title='bbox 1335 2506 1501 2545; x_wconf 82' lang='lat' dir='ltr'><strong>habeant,</strong></span> 
     </span>
     <span class='ocr_line' id='line_1_33' title="bbox 47 2559 1502 2611; baseline 0.005 -16"><span class='ocrx_word' id='word_1_306' title='bbox 47 2579 53 2585; x_wconf 84' lang='lat'><strong>.</strong></span> <span class='ocrx_word' id='word_1_307' title='bbox 107 2559 167 2594; x_wconf 73' lang='lat' dir='ltr'><strong>sed</strong></span> <span class='ocrx_word' id='word_1_308' title='bbox 190 2561 301 2597; x_wconf 85' lang='lat' dir='ltr'><strong>otium</strong></span> <span class='ocrx_word' id='word_1_309' title='bbox 324 2573 465 2607; x_wconf 85' lang='lat' dir='ltr'><strong>quoque</strong></span> <span class='ocrx_word' id='word_1_310' title='bbox 487 2566 523 2599; x_wconf 83' lang='lat' dir='ltr'><strong>et</strong></span> <span class='ocrx_word' id='word_1_311' title='bbox 546 2565 788 2608; x_wconf 74' lang='lat' dir='ltr'><strong>securitatem,</strong></span> <span class='ocrx_word' id='word_1_312' title='bbox 810 2566 898 2601; x_wconf 85' lang='lat' dir='ltr'><strong>illae</strong></span> <span class='ocrx_word' id='word_1_313' title='bbox 920 2571 1000 2601; x_wconf 83' lang='lat' dir='ltr'><strong>sunt</strong></span> <span class='ocrx_word' id='word_1_314' title='bbox 1026 2566 1197 2611; x_wconf 77' lang='lat' dir='ltr'><strong>infestae,</strong></span> <span class='ocrx_word' id='word_1_315' title='bbox 1221 2578 1310 2611; x_wconf 83' lang='lat' dir='ltr'><strong>quae</strong></span> <span class='ocrx_word' id='word_1_316' title='bbox 1331 2568 1502 2603; x_wconf 85' lang='lat' dir='ltr'><strong>securita—</strong></span> 
     </span>
     <span class='ocr_line' id='line_1_34' title="bbox 107 2619 1500 2672; baseline 0.006 -17"><span class='ocrx_word' id='word_1_317' title='bbox 107 2619 154 2655; x_wconf 91' lang='lat' dir='ltr'><strong>tis</strong></span> <span class='ocrx_word' id='word_1_318' title='bbox 175 2631 277 2657; x_wconf 76' lang='lat' dir='ltr'><strong>seusu</strong></span> <span class='ocrx_word' id='word_1_319' title='bbox 305 2624 446 2659; x_wconf 86' lang='lat' dir='ltr'><strong>sublato</strong></span> <span class='ocrx_word' id='word_1_320' title='bbox 469 2624 632 2660; x_wconf 84' lang='lat' dir='ltr'><strong>timorem</strong></span> <span class='ocrx_word' id='word_1_321' title='bbox 656 2629 691 2661; x_wconf 86' lang='lat' dir='ltr'><strong>et</strong></span> <span class='ocrx_word' id='word_1_322' title='bbox 711 2622 938 2662; x_wconf 79' lang='lat' dir='ltr'><strong>formidinem</strong></span> <span class='ocrx_word' id='word_1_323' title='bbox 961 2626 1132 2670; x_wconf 80' lang='lat' dir='ltr'><strong>excitant,</strong></span> <span class='ocrx_word' id='word_1_324' title='bbox 1156 2628 1321 2672; x_wconf 84' lang='lat' dir='ltr'><strong>periculis</strong></span> <span class='ocrx_word' id='word_1_325' title='bbox 1343 2629 1500 2665; x_wconf 86' lang='lat' dir='ltr'><strong>obiectis.</strong></span> 
     </span>
     <span class='ocr_line' id='line_1_35' title="bbox 106 2681 1501 2736; baseline 0.006 -19"><span class='ocrx_word' id='word_1_326' title='bbox 106 2681 199 2717; x_wconf 76' lang='lat' dir='ltr'><strong>Rem</strong></span> <span class='ocrx_word' id='word_1_327' title='bbox 223 2684 336 2720; x_wconf 83' lang='lat' dir='ltr'><strong>solam</strong></span> <span class='ocrx_word' id='word_1_328' title='bbox 358 2685 471 2732; x_wconf 84' lang='lat' dir='ltr'><strong>igitur</strong></span> <span class='ocrx_word' id='word_1_329' title='bbox 492 2686 523 2721; x_wconf 86' lang='lat' dir='ltr'><strong>si</strong></span> <span class='ocrx_word' id='word_1_330' title='bbox 540 2690 674 2731; x_wconf 81' lang='lat' dir='ltr'><strong>spectes</strong></span> <span class='ocrx_word' id='word_1_331' title='bbox 696 2687 827 2732; x_wconf 73' lang='lat' dir='ltr'><strong>infesta</strong></span> <span class='ocrx_word' id='word_1_332' title='bbox 850 2700 935 2724; x_wconf 86' lang='lat' dir='ltr'><strong>sane</strong></span> <span class='ocrx_word' id='word_1_333' title='bbox 957 2692 1103 2733; x_wconf 86' lang='lat' dir='ltr'><strong>possunt</strong></span> <span class='ocrx_word' id='word_1_334' title='bbox 1124 2689 1231 2725; x_wconf 84' lang='lat' dir='ltr'><strong>etiam</strong></span> <span class='ocrx_word' id='word_1_335' title='bbox 1253 2692 1422 2736; x_wconf 78' lang='lat' dir='ltr'><strong>infestata</strong></span> <span class='ocrx_word' id='word_1_336' title='bbox 1445 2691 1501 2726; x_wconf 88' lang='lat' dir='ltr'><strong>di-</strong></span> 
     </span>
     <span class='ocr_line' id='line_1_36' title="bbox 106 2742 1499 2797; baseline 0.006 -19"><span class='ocrx_word' id='word_1_337' title='bbox 106 2742 162 2785; x_wconf 74' lang='lat' dir='ltr'><strong>ei,</strong></span> <span class='ocrx_word' id='word_1_338' title='bbox 184 2745 286 2788; x_wconf 83' lang='lat' dir='ltr'><strong>quasi</strong></span> <span class='ocrx_word' id='word_1_339' title='bbox 307 2747 512 2791; x_wconf 71' lang='lat' dir='ltr'><strong>periculosis</strong></span> <span class='ocrx_word' id='word_1_340' title='bbox 534 2748 638 2783; x_wconf 88' lang='lat' dir='ltr'><strong>rebus</strong></span> <span class='ocrx_word' id='word_1_341' title='bbox 660 2749 770 2793; x_wconf 86' lang='lat' dir='ltr'><strong>petita</strong></span> <span class='ocrx_word' id='word_1_342' title='bbox 792 2761 834 2784; x_wconf 87' lang='lat' dir='ltr'><strong>ae</strong></span> <span class='ocrx_word' id='word_1_343' title='bbox 856 2750 1074 2795; x_wconf 81' lang='lat' dir='ltr'><strong>perturbata.</strong></span> <span class='ocrx_word' id='word_1_344' title='bbox 1120 2750 1168 2786; x_wconf 88' lang='lat' dir='ltr'><strong>Iis</strong></span> <span class='ocrx_word' id='word_1_345' title='bbox 1189 2757 1413 2797; x_wconf 80' lang='lat' dir='ltr'><strong>opponuntur</strong></span> <span class='ocrx_word' id='word_1_346' title='bbox 1433 2763 1499 2787; x_wconf 91' lang='lat' dir='ltr'><strong>au-</strong></span> 
     </span>
     <span class='ocr_line' id='line_1_37' title="bbox 81 2807 1498 2854; baseline 0.006 -15"><span class='ocrx_word' id='word_1_347' title='bbox 81 2811 88 2819; x_wconf 64' lang='lat'>*</span> <span class='ocrx_word' id='word_1_348' title='bbox 109 2807 180 2839; x_wconf 58' lang='lat' dir='ltr'><strong>mm</strong></span> <span class='ocrx_word' id='word_1_349' title='bbox 202 2810 303 2850; x_wconf 76' lang='lat' dir='ltr'><strong>tuta,</strong></span> <span class='ocrx_word' id='word_1_350' title='bbox 334 2807 386 2844; x_wconf 80' lang='lat' dir='ltr'><strong>ita</strong></span> <span class='ocrx_word' id='word_1_351' title='bbox 408 2811 550 2851; x_wconf 88' lang='lat' dir='ltr'><strong>tamen,</strong></span> <span class='ocrx_word' id='word_1_352' title='bbox 576 2812 617 2844; x_wconf 86' lang='lat' dir='ltr'><strong>nt</strong></span> <span class='ocrx_word' id='word_1_353' title='bbox 648 2810 781 2854; x_wconf 75' lang='lat' dir='ltr'><strong>infesta</strong></span> <span class='ocrx_word' id='word_1_354' title='bbox 813 2822 935 2847; x_wconf 86' lang='lat' dir='ltr'><strong>rursus</strong></span> <span class='ocrx_word' id='word_1_355' title='bbox 957 2811 1121 2848; x_wconf 84' lang='lat' dir='ltr'><strong>differant</strong></span> <span class='ocrx_word' id='word_1_356' title='bbox 1145 2813 1191 2848; x_wconf 88' lang='lat' dir='ltr'><strong>ab</strong></span> <span class='ocrx_word' id='word_1_357' title='bbox 1214 2814 1350 2850; x_wconf 79' lang='lat' dir='ltr'><strong>intutis.</strong></span> <span class='ocrx_word' id='word_1_358' title='bbox 1400 2815 1498 2849; x_wconf 77' lang='lat' dir='ltr'><strong>Intu-</strong></span> 
     </span>
    </p>
   </div>
  </div>
 </body>
</html>
