1826 3276
404 179 495 263 Δ548
767 215 811 257 G.
841 213 1156 257 SALLUSTI
1203 214 1419 257 CRISPI

378 338 584 390 firantem
620 334 663 373 et
696 328 817 371 illum
853 328 1248 400 sceleratissumum
1290 330 1510 388 persequi.
1579 330 1653 375 Ad
1685 329 1773 374 hoc

415 426 584 488 populo
618 424 824 466 Romano
858 421 946 464 iam
980 437 1007 465 a
1039 423 1258 482 principio
1294 424 1448 467 melius
1475 425 1629 482 visum,
1664 427 1773 470 ami-

417 537 492 565 cos
521 533 653 577 quam
688 531 837 560 servos
875 532 1109 574 quaerere3
1144 519 1366 576 tutiusque
1399 519 1496 576 rati,
1531 520 1775 564 volentibus

377 639 402 675 7
417 629 548 674 quam
590 612 750 657 coactis
795 611 1059 671 imperitare.
1129 613 1233 658 Tibi
1267 628 1373 658 vero
1406 613 1525 658 nulla
1559 620 1778 674 opportu-

411 797 548 838 sactum
573 796 655 836 puto
687 800 779 831 esse,
811 795 937 834 gnate,
978 782 1107 835 quum
1139 797 1175 826 te
1209 792 1432 837 intelligo
1460 793 1628 837 resipisse.
1671 791 1779 826 Plura

415 853 520 888 huius
543 850 678 897 generis
695 849 894 884 Gronovius
918 850 1062 894 collegit
1082 851 1126 884 ad
1148 849 1225 885 Liv.
1249 851 1410 893 XXXIX,
1434 851 1491 892 12,
1517 851 1563 894 7.,
1585 851 1709 895 quibus
1726 852 1781 885 lo-

417 913 466 947 cis
502 911 662 945 omnibus
697 920 799 954 quum
840 919 980 943 caussae
1013 910 1087 944 vim
1127 921 1194 944 non
1232 911 1349 944 habet.
1385 921 1418 944 v.
1453 911 1543 956 Aug.
1577 910 1781 945 Grotefendi

417 973 574 1007 Gramm.
607 971 682 1004 Lat.
713 968 820 1002 schol.
849 979 882 1012 p.
917 968 997 1004 344.
1023 973 1054 1012 §.
1082 970 1160 1004 421.
1184 973 1254 1004 not.
1277 970 1310 1011 1,
1333 970 1367 1006 3.
1390 973 1424 1005 et
1446 970 1619 1015 imprimis
1641 982 1676 1015 p.
1699 969 1780 1006 317.

418 1035 448 1078 §.
474 1031 554 1067 393.
577 1033 648 1065 not.
673 1029 707 1063 3.
731 1047 774 1052 —
803 1028 933 1070 Talem,
955 1040 990 1062 v.
1014 1030 1059 1063 ad
1081 1041 1110 1063 c.
1136 1030 1181 1071 X,
1203 1029 1236 1063 8.
1260 1042 1293 1075 p.
1318 1031 1374 1066 56.
1399 1051 1443 1056 —
1478 1030 1675 1075 Aliquando
1699 1041 1780 1064 cum

416 1092 452 1126 vi
488 1102 551 1135 pro
584 1089 725 1124 tandem
757 1088 945 1132 aliquando
977 1089 1108 1123 dictum
1139 1089 1388 1125 illustravimus
1418 1091 1462 1125 ad
1495 1103 1524 1125 c.
1549 1089 1656 1130 LXII,
1679 1089 1711 1122 1.
1738 1108 1780 1114 —-

416 1153 467 1186 De
491 1150 592 1185 simul
615 1148 789 1193 particula
813 1149 947 1194 egimus
971 1149 1014 1182 ad
1038 1149 1110 1183 Cat.
1135 1149 1230 1190 xlx,
1252 1149 1286 1183 2.
1309 1169 1354 1176 —
1388 1149 1558 1196 Persequi,
1581 1149 1671 1192 quod
1696 1149 1781 1182 Cor-

416 1211 484 1246 tius
507 1221 588 1243 cum
610 1208 689 1243 aliis
714 1210 790 1243 vult·
812 1221 876 1254 pro
911 1210 1080 1254 gei-undio
1102 1210 1328 1254 persequendi
1355 1209 1504 1254 positum
1534 1219 1629 1253 esse,
1659 1209 1783 1253 pendet

416 1283 457 1305 ex
491 1269 678 1304 coniunctis
709 1269 825 1303 verbis
858 1271 1008 1303 demeres
1038 1269 1272 1303 necessitatem
1294 1269 1319 1303 i.
1343 1280 1372 1303 e.
1395 1281 1464 1304 non
1492 1281 1657 1316 cogens,-
1679 1281 1712 1304 ν.
1738 1270 1782 1304 ad

416 1330 492 1364 Cat.
517 1329 629 1370 XXX,
655 1327 688 1362 5.
712 1341 746 1373 p.
769 1328 852 1363 139.
873 1329 950 1374 Ing.
977 1329 1168 1370 LXXXIX,
1188 1327 1223 1362 3.

507 1392 539 1431 §.
564 1388 598 1421 6.
645 1388 718 1422 iam
741 1400 764 1422 a
781 1387 973 1433 principio]
1018 1389 1056 1421 ln
1088 1388 1260 1431 plerisque
1291 1387 1388 1421 codd.
1420 1391 1455 1422 et
1485 1388 1560 1422 edd.
1583 1387 1659 1431 poet
1684 1388 1782 1431 prin-

417 1449 503 1493 cipio
534 1446 695 1482 adiicitur
726 1458 794 1480 vox
822 1447 935 1492 inopi,
970 1458 1074 1490 quam
1104 1459 1172 1481 non
1201 1446 1434 1481 dubitavimus
1457 1450 1782 1491 tanquamturpem

416 1506 695 1552 depravationem
727 1506 871 1548 eiicere,
903 1506 1061 1550 quamvis
1089 1506 1297 1541 Gerlachius
1330 1506 1366 1539 in
1401 1507 1608 1541 Commentt.
1641 1518 1674 1551 p.
1700 1507 1783 1541 329.

417 1571 566 1608 tueatur,
589 1566 649 1609 qui
672 1565 820 1599 mirifico
842 1566 1001 1599 acumine
1024 1566 1151 1610 „inopi
1172 1565 1302 1609 inquit,
1324 1577 1394 1609 quo
1416 1566 1637 1609 insolentius,
1661 1577 1703 1601 eo
1723 1578 1784 1600 ve-

416 1627 511 1660 rius“
526 1625 558 1659 !?
606 1625 676 1658 Sed
700 1623 774 1658 veri
795 1628 863 1658 non
886 1635 994 1667 capax
1017 1625 1058 1658 V.
1081 1626 1126 1658 1).
1149 1636 1217 1659 non
1239 1625 1407 1671 cogitavit
1429 1626 1583 1675 ineptum
1605 1637 1688 1668 esse,
1710 1627 1784 1660 ino-

412 1698 493 1731 pem
516 1685 684 1730 populum
706 1695 818 1718 servos
841 1695 1024 1728 quaerere,
1063 1684 1120 1719 cui
1153 1689 1294 1729 propter
1324 1696 1380 1719 res
1413 1690 1577 1730 angustas
1598 1686 1658 1720 vix
1679 1686 1784 1721 amici

416 1746 503 1786 sint3
536 1745 692 1788 ineptum
727 1744 854 1785 etiam,
881 1744 1017 1778 Sullam
1046 1744 1367 1791 magniloquentiae
1389 1746 1570 1780 Romanae
1592 1747 1676 1781 adeo
1700 1746 1784 1780 obli-

417 1809 492 1841 tum
516 1817 600 1847 esse,
623 1808 662 1838 ut
683 1805 845 1846 Boccho,
879 1815 983 1847 quem
1005 1805 1062 1839 vel
1087 1805 1239 1840 maxime
1261 1804 1422 1849 opinione
1444 1806 1784 1851 Romanae-magni-

416 1864 544 1900 tudinis
575 1867 610 1899 et
642 1864 816 1908 potentiae
846 1863 990 1907 implere
1017 1864 1149 1906 studet,
1179 1865 1313 1908 inopem
1336 1864 1442 1899 fuisse
1463 1866 1629 1910 populum
1651 1866 1783 1899 Romn-

417 1936 500 1958 uum
524 1925 650 1958 narret.
695 1925 882 1959 Praeterea
904 1935 1010 1968 quum
1040 1924 1135 1968 inopi
1158 1924 1350 1960 arctissimo
1378 1936 1467 1959 nexu
1489 1920 1587 1961 coeat
1605 1937 1685 1960 cum
1707 1937 1785 1959 ver-
1822 1944 1824 1946 >

418 1985 471 2019 bis
494 1985 566 2019 iam
590 1996 614 2018 a
633 1985 822 2029 principio,
843 1995 887 2018 ne
910 1983 1061 2018 eflicitur
1083 1985 1222 2027 quidem
1245 1997 1308 2030 ea,
1340 1997 1445 2030 quam
1469 1985 1675 2020 Gerlachius
1695 1985 1784 2028 vult,

417 2045 596 2087 sententia,
625 2045 704 2078 olim
728 2048 861 2079 tantum
884 2045 1019 2089 inopem
1035 2045 1145 2087 fuisse
1179 2046 1345 2089 populum
1378 2046 1598 2088 Romanum;
1628 2045 1687 2078 sed
1716 2045 1785 2078 hoc

419 2105 555 2146 dicitur,
589 2108 635 2138 et
665 2105 770 2138 olim
795 2103 927 2147 fuisse,
965 2108 1010 2139 et
1045 2104 1287 2140 etiamtum
1318 2115 1393 2139 esse
1426 2105 1559 2150 inopem
1597 2104 1649 2148 (v.
1681 2104 1725 2139 ud
1753 2115 1783 2138 c.

418 2165 546 2207 XXIX,
568 2164 603 2198 2.
626 2176 660 2208 p.
684 2164 752 2198 161
775 2160 863 2208 sq.)‚‘
888 2163 980 2207 qnod
1010 2163 1113 2207 longe
1135 2166 1186 2198 est
1208 2164 1470 2209 ineptissimum.
1515 2165 1632 2209 Quare
1653 2167 1785 2198 certum

419 2229 470 2259 est
501 2235 622 2258 veram
651 2224 836 2258 lectionem
867 2223 1032 2258 exhibere
1063 2233 1122 2256 eos
1154 2224 1310 2268 codices,
1341 2224 1378 2258 in
1409 2224 1533 2268 quibus
1555 2224 1649 2268 inopi
1671 2224 1784 2265 deest;

419 2287 498 2319 sunt
522 2288 638 2319 autem
661 2284 714 2326 hi,
738 2283 854 2320 Guelf.
878 2284 910 2318 1.
935 2283 970 2318 3.
994 2282 1028 2315 4-
1052 2283 1156 2317 Fabr.
1179 2284 1230 2326 2„
1262 2284 1395 2328 aliquot
1419 2283 1580 2326 Munatii,
1613 2283 1725 2318 Palat.
1748 2281 1785 2317 4.

420 2344 578 2378 Arondel.
603 2343 692 2377 Tur.
717 2344 749 2377 1.
775 2344 907 2386 Goerl.,
930 2345 1093 2387 quattuor
1115 2355 1137 2378 a
1159 2343 1332 2389 Sellingio
1354 2343 1474 2379 collati
1499 2343 1555 2387 (v.
1578 2342 1652 2377 eius
1672 2343 1783 2377 Lectt.

419 2403 507 2438 Sall.
531 2416 564 2447 p.
586 2403 674 2447 340,
698 2408 733 2438 et
756 2403 869 2441 Paris.
892 2416 922 2438 z.
945 2415 966 2438 a
990 2414 1036 2437 m.
1059 2414 1112 2447 pr.
1158 2404 1234 2439 Nisi
1257 2407 1372 2438 autem
1395 2406 1523 2438 statuas
1547 2402 1641 2447 inopi
1662 2403 1707 2436 ab
1731 2401 1784 2435 in-

420 2463 512 2497 sulso
534 2463 676 2497 homine
697 2463 734 2497 in
755 2463 918 2498 Sallustii
940 2451 1048 2497 verba
1071 2474 1144 2498 esse
1166 2463 1327 2506 illatum,
1350 2461 1562 2508 probabilius
1584 2460 1720 2496 videtur
1742 2472 1784 2495 ex

420 2523 514 2557 male
533 2523 685 2566 repetitis
703 2523 850 2568 syllabis
869 2509 1102 2568 praecedentis
1120 2524 1282 2558 vocabuli
1302 2523 1532 2569 principio
1557 2523 1671 2556 ortum
1697 2531 1783 2560 esse,

420 2586 458 2615 ut
476 2582 594 2615 Faber
614 2586 739 2623 censet,
761 2594 864 2627 quam
886 2595 926 2617 ex
944 2583 1066 2628 imperi
1088 2583 1270 2626 vocabulo,
1293 2583 1385 2628 quod
1398 2580 1586 2626 Sellingins
1608 2581 1632 2614 1.
1657 2580 1680 2615 l.
1704 2590 1784 2614 con-

420 2641 495 2675 iicit
531 2652 554 2676 a
591 2642 743 2677 librariis
783 2642 937 2678 additum
975 2642 1246 2687 compendioque
1280 2643 1366 2687 impi
1400 2641 1564 2686 scriptum
1602 2639 1708 2674 facile
1747 2639 1784 2672 in

421 2701 514 2744 inopi
545 2701 692 2742 abiise&
730 2713 818 2746 quae
848 2704 1061 2744 coniectura,
1094 2713 1306 2746 quamquam
1335 2703 1436 2736 valde
1457 2703 1570 2742 acuta,
1602 2702 1716 2734 tamen
1739 2709 1782 2731 ne

421 2760 565 2794 minimo
588 2761 727 2804 quidem
749 2762 847 2796 codd.
871 2763 1002 2797 auxilio
1025 2766 1246 2798 sustentatur.
1293 2763 1472 2805 Utcunque
1494 2764 1546 2796 est
1566 2759 1694 2804 igitur,
1730 2761 1783 2792 te-
