1826 3276
361 183 446 225 556
728 178 774 220 G.
801 175 1112 219 SALLUSTI
1141 175 1356 219 CRISPI

363 295 532 356 posito,
571 306 685 336 cum.
706 289 922 349 expeditis
962 290 1217 334 cohortibus
1259 296 1304 334 et
1346 296 1472 350 parte
1507 292 1722 350 equitatus

364 388 655 450 proficiscitur
695 386 740 429 in
781 386 882 429 loca
923 387 1041 442 sola,
1082 387 1308 430 obsessum
1349 386 1504 429 turrim
1541 387 1723 446 regiam,

364 518 573 563 gnificantur
596 517 685 557 locu,
717 517 778 550 ubi
807 516 959 550 hiemem
994 516 1122 550 milites
1151 515 1366 559 transigant3
1397 515 1614 551 hibernacula
1642 527 1727 552 vero

365 580 444 611 sunt
468 576 543 619 ipsa
567 576 714 611 tentoria
739 576 813 610 sive
834 577 1068 618 tabernacula,
1093 575 1240 619 pellibus
1262 579 1373 617 tecta,
1403 576 1465 610 sub
1487 576 1612 619 quibua
1633 575 1727 611 mili-

365 640 417 671 tes
443 637 636 680 degebant3
659 647 692 670 v.
717 635 792 668 Liv.
817 636 858 676 V,
880 635 916 678 2,
941 635 973 669 1.
1021 637 1056 669 11
1064 625 1337 670 ibernacula
1361 636 1464 669 etiam
1489 635 1543 680 (in
1564 635 1729 670 Veiorum

365 696 588 740 obsidione),
619 707 674 730 res
707 707 797 729 nova
827 696 930 729 militi
960 695 1134 736 Romarm,
1167 695 1422 738 aedificari
1455 700 1584 740 coepta.
1629 696 1729 740 Quae

365 756 517 790 militum
549 755 780 790 habitationes
811 755 855 789 ad
886 758 1018 799 tempus
1045 755 1160 788 factae
1192 754 1354 797 quoniam
1378 754 1485 788 etium
1504 754 1643 798 pellium
1665 764 1729 788 no-

365 816 458 851 mine
490 817 726 856 vocabantur,
756 818 801 864 *ut
832 818 946 858 patet,
975 815 1005 849 si
1027 814 1119 861 Livii
1142 814 1248 848 verba
1271 813 1455 848 contuleris
1478 825 1556 848 cum
1581 815 1675 848 Flor.
1700 814 1728 856 l,

365 877 422 918 12,
446 877 481 911 8.
532 877 626 910 Tunc
651 877 670 919 (
679 875 714 909 in
737 875 901 908 Veiorum
932 875 1136 918 obsidione)
1157 874 1306 919 primum
1329 873 1516 908 hiematum
1538 874 1612 907 sub
1634 874 1728 918 pel-

366 938 505 978 libus,
539 936 621 979 quid
653 935 786 969 intersit
815 935 904 968 inter
926 935 1148 969 hibernacula
1176 936 1210 968 et
1233 932 1375 967 hiberna
1398 933 1502 967 facile
1523 933 1730 978 intelligitur

365 1008 407 1030 ex
430 996 485 1030 his
508 996 611 1029 locis:
645 995 720 1029 Liv.
745 995 929 1036 xxxvn,
952 994 1015 1035 39,
1039 994 1074 1028 2.
1119 995 1189 1027 Aut
1220 994 1297 1026 sub
1325 994 1530 1037 pellibus
1556 991 1728 1027 habendos

365 1058 491 1091 milites
509 1059 603 1099 sore,
627 1060 700 1096 aut,
724 1055 754 1088 si
777 1055 1032 1088 concedere
1060 1054 1104 1087 in
1128 1053 1318 1087 hiberna
1341 1054 1480 1095 vellent,
1505 1051 1730 1097 differendum

366 1127 437 1151 esse
460 1116 496 1149 in
519 1104 685 1149 aestatem
709 1115 845 1148 bellum.
891 1115 989 1148 Caes.
1011 1114 1055 1147 Β.
1081 1113 1124 1146 G.
1146 1113 1209 1154 111,
1230 1112 1288 1147 29.
1311 1115 1396 1148 extr.
1442 1112 1621 1146 Eiusmodi
1642 1117 1729 1146 tem-

363 1180 516 1220 pestates
535 1164 613 1208 sunt
636 1180 858 1215 consecutae,
891 1175 944 1208 uti
967 1174 1097 1208 diutius
1119 1173 1194 1206 sub
1216 1173 1415 1216 pellibus
1438 1171 1564 1206 milites
1586 1167 1730 1202 conti-

365 1236 468 1270 neri
491 1246 558 1268 non
580 1239 729 1278 possent.
767 1237 893 1278 Itaque
921 1234 1049 1268 Caesar
1072 1232 1254 1267 exereitum
1276 1251 1322 1258 -
1349 1233 1396 1266 in
1418 1228 1621 1265 hibernis
1643 1226 1730 1262 c'ol-

367 1295 555 1335 locavit,
578 1293 639 1327 ubi
660 1304 694 1326 v.
717 1295 871 1338 Herzog.
895 1306 930 1337 p.
954 1293 1033 1327 197.
1086 1291 1282 1325 Mansiones
1304 1290 1413 1335 igitur
1434 1290 1602 1323 hibernae
1624 1297 1730 1331 quum

366 1356 403 1389 h.
429 1355 451 1388 1.
475 1354 732 1398 significentur,
763 1365 849 1397 quas
882 1353 917 1386 in
947 1352 1091 1386 urbibus
1124 1351 1230 1384 fuisse
1253 1361 1357 1393 supra
1378 1353 1555 1383 narratum
1578 1350 1639 1388 est,
1663 1357 1732 1380 non

366 1417 479 1459 potest
503 1412 676 1453 dubitari,
707 1413 790 1456 quin
813 1413 962 1446 hibernis
984 1411 1084 1445 unice
1113 1421 1232 1444 verum
1267 1410 1332 1451 sit,
1364 1421 1431 1454 quo
1460 1407 1630 1442 vocabulo
1653 1405 1731 1440 Sal-

366 1474 492 1508 lustius
524 1473 559 1507 in
590 1472 710 1506 eadem
741 1484 779 1506 re
811 1471 938 1515 ubique
969 1471 1097 1511 utitur;
1134 1470 1180 1504 cf.
1208 1468 1299 1502 infru
1321 1471 1353 1510 §-
1377 1468 1412 1503 4.
1435 1473 1471 1503 et
1492 1466 1667 1508 xxxvu,
1695 1465 1729 1500 3.

366 1534 476 1576 LXII,
498 1532 532 1566 4.
556 1532 693 1573 xcvn,
716 1532 750 1565 3.
797 1531 908 1566 Aliter
932 1530 1119 1564 Gerlachio
1141 1529 1274 1568 visum,
1296 1527 1356 1571 qui
1378 1528 1415 1562 in
1438 1531 1581 1571 utruque
1603 1527 1656 1562 ed.
1677 1526 1732 1560 ln·-

368 1593 558 1628 bernaculis
590 1591 750 1633 retinuit,
792 1592 902 1625 altum
947 1589 983 1623 in
1023 1587 1286 1623 commentariis
1321 1587 1496 1622 silentium
1532 1588 1731 1628 observans,

366 1653 465 1698 quusi
488 1652 646 1686 omnibus
668 1651 823 1695 integris.
855 1670 900 1675 —
933 1649 1124 1692 composito
1153 1647 1246 1681 idem
1279 1651 1330 1682 est
1363 1648 1453 1691 quoti
1483 1649 1662 1690 collocato,
1693 1648 1755 1680 utv

367 1715 493 1748 Caesar
515 1711 599 1746 dicit
620 1712 663 1744 B.
689 1711 734 1746 G.
758 1711 818 1752 111,
842 1710 900 1744 29.
947 1709 1089 1742 Videtur
1120 1711 1236 1742 tamen
1264 1707 1370 1742 simnl
1393 1707 1554 1742 adiuncta
1574 1717 1648 1740 esse
1669 1715 1732 1739 no-

366 1773 416 1808 tio
441 1774 594 1807 intentae
621 1781 745 1812 curae,
780 1780 848 1813 qua
881 1769 1040 1803 omuibus
1071 1767 1240 1801 exercitus
1269 1768 1460 1802 commodis
1481 1765 1733 1811 prospiceretur

367 1844 389 1868 a
411 1833 509 1866 duce.
533 1851 578 1857 —
614 1831 705 1863 Loca
729 1830 825 1864 sola
848 1834 926 1863 sunt
951 1829 1109 1862 solitaria
1131 1828 1205 1861 sive
1237 1828 1393 1869 descrta‚·
1423 1838 1456 1864 v.
1479 1826 1664 1861 Ruhnken.
1687 1824 1733 1859 ad

367 1893 451 1928 Ter.
477 1892 581 1926 Andr.
607 1891 650 1932 11,
675 1889 710 1931 4,
737 1889 771 1922 3.
796 1888 915 1922 Bremi
938 1889 983 1923 ad
1006 1888 1090 1931 Nep.
1114 1887 1219 1920 Eum.
1244 1898 1275 1921 c.
1299 1887 1389 1928 vul,
1410 1886 1445 1922 6.
1473 1885 1731 1922 Drakenborch.

367 1953 411 1989 ad
435 1952 497 1986 Sil.
524 1952 592 1992 111,
622 1949 701 1984 429.
737 1949 876 1983 Cortius
904 1952 1082 1993 praeterea
1113 1946 1326 1990 comparavit
1357 1947 1471 1981 Plaut.
1498 1945 1644 1979 Mosteil.
1674 1944 1731 1984 IV,

367 2014 402 2054 3,
436 2012 470 2046 3.
504 2010 598 2045 Rud.
632 2011 658 2052 Ι,
691 2009 726 2052 3,
759 2009 816 2042 22.
848 2010 875 2052 1,
905 2008 938 2051 4,
963 2007 995 2042 8.
1030 2005 1132 2041 Ovid.
1154 2006 1332 2040 Metamm.
1355 2007 1416 2049 111,
1436 2005 1516 2040 393.
1539 2005 1628 2047 XIV,
1652 2002 1730 2038 681.

368 2074 478 2107 Fastt.
501 2072 529 2114 1,
553 2070 633 2105 398.
657 2070 685 2111 1,
708 2068 786 2103 502.
811 2089 855 2094 -
886 2069 1023 2102 Turrim
1047 2066 1182 2100 videtur
1203 2065 1326 2099 latiore
1349 2077 1450 2101 sensu
1473 2066 1514 2098 de
1536 2076 1615 2100 arce
1638 2064 1732 2098 edita

369 2131 644 2176 intelligendum.
667 2150 713 2154 —
755 2131 807 2163 De
830 2141 893 2174 quo
917 2127 1080 2162 adverbio
1103 2137 1135 2160 v·
1161 2130 1322 2159 annotata
1345 2127 1389 2160 ad
1413 2137 1441 2158 c.
1465 2112 1594 2166 LXVI,
1618 2124 1651 2158 2.
1685 2143 1732 2148 —

374 2192 549 2236 perfugas
572 2191 710 2224 omnis
732 2190 804 2223 iam
828 2189 964 2223 Cottius
986 2191 1080 2221 recte
1104 2186 1188 2220 vidit
1210 2186 1407 2230 germanice
1428 2186 1636 2219 reddendum
1660 2195 1733 2219 esse

372 2253 525 2286 lauter
563 2250 792 2292 Ueberldufer.
838 2250 906 2283 Ista
935 2248 1031 2282 enim
1063 2247 1116 2281 vis
1147 2250 1198 2280 est
1227 2247 1335 2279 omnis
1364 2246 1557 2286 vocabulo,
1582 2244 1732 2288 ubilnou

371 2311 547 2354 epitheton
576 2314 627 2344 est
658 2310 801 2351 obiecti,
830 2309 889 2343 sed
917 2308 1118 2353 praedicato
1148 2306 1289 2340 inservit
1313 2305 1506 2340 accuratius
1529 2303 1732 2343 definiendo,

371 2382 439 2414 quo
472 2370 643 2412 efficitur,
676 2375 715 2404 ut
745 2381 813 2403 non
842 2370 879 2402 in
906 2369 1101 2402 universum
1133 2367 1491 2410 comprehenduntur,
1509 2374 1733 2407 quaecunque
1792 2359 1794 2364 ’

372 2430 526 2464 eiusdem
548 2433 626 2463 sunt
649 2429 806 2473 generis,
839 2429 898 2464 sed
919 2427 1157 2463 tantummodo
1181 2430 1219 2461 ut
1241 2421 1358 2461 certae
1378 2426 1514 2460 cuidam
1537 2423 1609 2467 rei,
1645 2433 1734 2466 quae

371 2489 568 2534 praedicato
591 2489 816 2533 significatur,
839 2489 926 2523 nihil
950 2490 1100 2523 alienum
1124 2488 1314 2521 admixtum
1337 2498 1408 2520 esse
1432 2486 1579 2520 dicatur.
1622 2483 1734 2528 Igitur

373 2551 402 2585 si
425 2554 541 2584 nostro
564 2549 641 2583 loco
664 2551 772 2583 omnis
794 2549 1002 2584 vocabulum
1025 2549 1069 2582 ad
1092 2548 1267 2582 obiectum
1286 2547 1483 2586 referretur,
1504 2553 1622 2577 sensus
1645 2543 1734 2576 foret

373 2610 588 2654 transfugas,
612 2613 776 2652 quotquot
799 2609 842 2643 ad
866 2605 1073 2653 Iugurtham
1095 2611 1277 2647 venerant,
1300 2606 1396 2639 nuno
1419 2608 1579 2647 excepto,
1602 2602 1637 2636 in
1660 2605 1732 2636 tur·

374 2671 442 2704 rim
475 2669 580 2704 fuisse
611 2668 808 2712 impositos,
841 2669 933 2712 quod
956 2668 1012 2702 vix
1036 2667 1202 2701 credibile
1225 2669 1297 2707 θείς
1328 2665 1371 2699 ad
1393 2664 1627 2708 praedicatum
1649 2672 1732 2695 vero

374 2729 404 2764 si
428 2729 583 2771 traxeris,
601 2728 817 2774 praesidium
839 2727 967 2764 dicitur
989 2739 1054 2762 non
1078 2738 1118 2762 ea:
1141 2726 1231 2768 aliis,
1255 2736 1358 2769 quam
1383 2735 1423 2758 ex
1446 2722 1630 2768 transfugi·
1651 2733 1729 2768 eon-
