1826 3276
325 174 408 214 424
685 166 728 208 C.
759 162 1076 206 SALLUSTI
1107 161 1326 206 CRISPI

328 285 458 328 rimas
493 295 672 335 uxores,
707 277 841 321 denas
876 275 972 331 alii,
1007 275 1078 319 alii
1102 276 1238 336 pluris
1271 275 1456 334 habent,
1492 277 1573 322 sed
1602 292 1677 322 re-

294 385 425 440 7gcs.
448 391 502 421 eo
539 373 742 432 amplius.
809 371 888 437 Ita·
912 370 1079 414 animus
1107 369 1379 415 multitudine
1406 357 1680 427 distrahitur}

332 473 446 517 nulla
470 484 555 529 pro
585 468 703 512 socia
730 465 919 522 obtinet,
952 465 1116 525 pariter
1150 480 1302 509 omnes
1327 465 1434 510 viles
1463 472 1572 515 sunt,

466 562 673 608 LXXXI.
752 561 890 620 Igitur
939 560 985 604 in
1021 561 1170 604 locum
1218 559 1434 604 ambobus
1476 561 1687 620 placitum

337 660 549 705 exercitus
584 656 871 709 conveniunt3
912 655 995 711 ibi,
1037 655 1128 707 fide
1163 654 1267 699 data
1301 659 1346 698 ct
1373 661 1580 715 accepta,
1614 656 1689 701 Iu-

338 752 501 815 gurtha
534 751 706 796 Bocchi
742 750 935 794 animum
981 750 1176 794 oratione
1214 748 1435 794 accendit:
1467 751 1692 796 Romanos

342 916 377 948 et
398 911 501 946 Misn.
535 910 670 952 Ceteri,
693 909 730 944 in
753 908 878 953 quibus
899 907 1083 950 meliores,
1106 908 1239 942 Boccho
1260 907 1408 951 habent,
1430 919 1499 952 quo
1520 908 1700 944 affinitatis

343 972 433 1007 ratio
455 972 556 1016 plane
579 969 753 1005 contraria
777 967 915 1003 exsistit.
962 967 1031 1002 Sed
1051 969 1256 1013 Iugurtham
1278 967 1412 1003 Bocchi
1433 969 1542 1003 filiam
1563 969 1600 1003 in
1623 979 1701 1004 ma·
1724 996 1727 1001 .

344 1031 506 1068 trimonio
527 1030 691 1066 habuisse
711 1040 779 1063 non
801 1028 913 1063 solum
936 1030 1029 1071 patet
1051 1039 1093 1061 ex
1116 1028 1221 1062 Floro
1244 1028 1305 1069 111,
1328 1028 1362 1071 1,
1385 1028 1440 1063 17.
1488 1029 1703 1062 Fraudulen-

345 1093 493 1128 tissimus
514 1102 636 1136 regum
648 1089 779 1133 fraude
801 1087 946 1122 soceri
967 1087 1021 1120 sui
1045 1088 1082 1120 in
1099 1088 1243 1121 insidias
1258 1087 1421 1122 deductus
1439 1093 1500 1129 est,
1521 1089 1578 1122 sed
1599 1089 1704 1122 etiam

347 1152 478 1196 duplici
499 1161 608 1194 eoque
629 1147 828 1183 firmissimo
851 1145 1031 1180 Plutarchi
1056 1147 1264 1189 testimonio,
1288 1146 1323 1180 in
1347 1146 1446 1182 Sulla
1467 1158 1497 1180 c.
1517 1147 1577 1181 111.
1606 1145 1651 1183 ‘0
1665 1145 1706 1182 δὲ

351 1209 489 1256 Βόκχος
511 1209 683 1254 ἐτύγχανε
701 1205 767 1251 μὲν
791 1205 844 1240 ἔτι
869 1218 909 1250 γε
933 1205 1048 1241 πάλαι
1073 1204 1282 1252 γαμβρὸν
1305 1203 1394 1241 ὄντα
1413 1207 1530 1249 μισαῖν
1545 1207 1615 1242 -καὶ
1639 1220 1709 1252 φο-

351 1269 531 1318 βούμενος
553 1269 636 1305 τᾶν
658 1264 986 1311 Ἰουγούρθαν,
1013 1269 1047 1300 et
1070 1266 1104 1299 in
1127 1265 1241 1300 Mario
1262 1277 1292 1300 c.
1317 1267 1362 1300 X.
1386 1265 1524 1310 Βόκχος
1545 1263 1592 1312 ἦν
1614 1279 1711 1303 πεν-

351 1327 500 1376 θερᾶς
525 1327 759 1374 Ἰουγούρθα.
815 1325 947 1358 Boccho
981 1336 1060 1358 cum
1089 1325 1395 1368 praestantioribus
1423 1327 1578 1361 Sallustii
1607 1329 1708 1364 codd.

353 1391 460 1425 etiam
493 1390 600 1424 habet
627 1387 756 1422 Nouius
784 1385 842 1427 lv,
863 1383 958 1425 322„
980 1385 1071 1418 unde
1104 1385 1340 1429 cognoscitur,
1372 1385 1444 1419 iam
1470 1386 1710 1429 antiquissimo

355 1456 507 1494 tempore
540 1450 630 1483 hanc
661 1445 890 1488 corruptelam
928 1444 1099 1487 quandam
1138 1445 1307 1478 librorum
1339 1444 1508 1479 familiam
1538 1446 1713 1482 invasisse.

357 1508 563 1543 Gerlachius
587 1506 623 1540 in
655 1507 708 1541 ed.
731 1504 814 1539 mai.
846 1505 970 1538 Bocchi
993 1504 1148 1548 scripsit,
1179 1503 1215 1536 in
1237 1503 1321 1537 min.
1343 1504 1492 1546 Boccho,
1525 1505 1655 1540 scilicet
1677 1509 1716 1540 ut

356 1570 500 1604 lectores
517 1593 529 1610 ,
569 1566 629 1611 qui
657 1569 804 1608 utraque
834 1563 887 1598 ed.
921 1566 1063 1596 utuntur
1079 1587 1090 1604 ,
1130 1572 1194 1606 pro
1231 1562 1378 1598 arbitrIo
1408 1564 1556 1599 alterum
1586 1565 1717 1611 eligere

356 1630 503 1674 possent.

449 1686 531 1731 quia
553 1682 710 1729 singuli]
745 1682 835 1725 Quia
857 1682 962 1728 longe
984 1681 1123 1726 plurimi
1147 1680 1243 1715 codd.
1267 1684 1421 1725 tuentur;
1458 1683 1519 1717 alii
1542 1683 1630 1728 quod
1650 1685 1718 1719 ha·
1762 1700 1766 1702 -

359 1747 442 1780 bent
455 1770 467 1787 ,
499 1756 584 1788 quos
607 1743 744 1777 Cortius
770 1745 823 1776 est
852 1746 1000 1777 secutus.
1046 1742 1099 1776 Ad
1120 1740 1321 1776 sententiam
1343 1748 1410 1776 n'on
1432 1744 1580 1778 multum
1602 1745 1720 1787 refert,

362 1809 478 1842 utrum
511 1805 601 1840 hanc
630 1804 774 1837 illamve
803 1803 1010 1847 particulam
1043 1801 1184 1846 probes;
1220 1813 1300 1836 nam
1323 1802 1403 1837 licet
1427 1802 1608 1837 discrimen
1630 1804 1719 1840 inter

363 1869 546 1908 utramque
577 1875 651 1898 esse
673 1862 779 1896 facile
810 1863 991 1903 concedas,
1026 1865 1141 1896 tamen
1163 1872 1272 1904 neque
1293 1866 1425 1897 veteres
1447 1862 1573 1906 ubique
1593 1863 1629 1897 id
1651 1875 1722 1898 ser—

365 1936 464 1960 vasse
492 1924 670 1966 videntur,
711 1934 822 1967 neque
851 1922 1055 1957 recentiores
1085 1921 1120 1954 in
1155 1931 1198 1954 eo
1220 1921 1453 1956 constituendo
1484 1923 1723 1966 consentiunt3

368 1986 414 2018 cf.
442 1985 581 2028 Zumpt.
606 1983 728 2016 Gram.
752 1983 827 2016 Lat.
859 1985 892 2024 ἓ.
914 1982 972 2023 67,
993 1980 1027 2015 6.
1052 1991 1086 2024 p.
1113 1979 1193 2015 282.
1217 1980 1415 2016 Frotscher.
1446 1982 1545 2016 Obss.
1569 1982 1614 2017 ad
1635 1983 1723 2018 Sall.

370 2056 403 2089 p.
428 2043 487 2078 16.
509 2044 608 2078 lahn.
633 2042 678 2077 ad
701 2040 797 2086 Virg.
830 2041 915 2077 Aen.
946 2041 1042 2084 vm,
1066 2038 1147 2074 650.
1178 2040 1330 2084 Herzog.
1364 2040 1409 2074 ad
1430 2039 1517 2075 Sall.
1538 2042 1613 2077 Cat.
1638 2043 1666 2084 Ι,
1687 2043 1724 2079 3.

370 2103 515 2138 Daehne
547 2103 591 2137 ad
622 2102 710 2145 Nep.
748 2101 919 2136 Themist.
953 2112 982 2137 c.
1007 2101 1050 2144 X,
1074 2099 1108 2133 5.
1155 2099 1206 2132 Ex
1232 2098 1288 2132 his
1316 2100 1484 2145 Herzogii
1510 2102 1727 2146 potissimum

372 2161 556 2205 probamus
579 2160 807 2202 seutentiam,
838 2160 898 2204 qui
920 2161 1018 2195 docet
1039 2160 1129 2204 quod
1150 2159 1309 2202 usurpari
1333 2159 1377 2194 ad
1399 2170 1554 2195 caussam
1576 2161 1613 2195 in
1627 2165 1728 2206 facto

374 2220 490 2265 aliquo
512 2221 660 2265 positam
685 2221 897 2254 afferendam
915 2244 925 2263 ‚
958 2220 1039 2265 quia
1059 2230 1142 2253 vero
1166 2219 1345 2262 adhiberi,
1377 2219 1439 2254 ubi
1459 2221 1641 2255 iudicando
1663 2222 1730 2257 ali-

374 2280 471 2314 cuius
493 2281 545 2315 rei
567 2282 656 2316 ratio
681 2281 858 2316 afferatur.
904 2280 1073 2324 Exempla
1095 2280 1183 2324 quod
1204 2279 1396 2322 particulae
1415 2283 1494 2315 suut
1515 2290 1618 2324 supra
1639 2282 1674 2326 §-
1696 2282 1729 2317 4.

378 2339 537 2382 Lxxxl,
561 2340 595 2374 2.
623 2341 696 2382 cn,
718 2341 752 2375 7.
778 2359 822 2367 —
854 2342 904 2375 Eo
936 2341 1082 2384 amplius
1114 2339 1321 2373 Gerlachius
1353 2339 1594 2384 interpretatur
1614 2341 1733 2386 plures

379 2398 494 2441 denis,
530 2399 621 2442 quod
642 2400 701 2434 vix
723 2400 800 2434 fieri
822 2404 953 2444 potest,
987 2410 1093 2444 quum
1116 2399 1295 2434 antecedat
1325 2400 1389 2433 alii
1407 2401 1568 2444 plures.
1617 2401 1734 2436 Plures

378 2457 469 2490 enim
493 2460 664 2512 quomodo
688 2471 768 2494 cum
797 2460 951 2504 pluribus
980 2459 1174 2504 comparari
1203 2458 1370 2502 possunt?
1400 2459 1517 2502 Quare
1549 2461 1655 2495 verba
1679 2472 1735 2496 re-

380 2528 444 2563 ges
477 2529 515 2551 eo
549 2520 696 2562 amplius
727 2523 883 2564 spectare
919 2523 1000 2564 puto
1038 2521 1083 2554 ad
1113 2530 1315 2564 praegressa
1345 2531 1409 2564 pro
1439 2520 1554 2564 opibus
1583 2520 1734 2565 quisquc,

375 2572 510 2612 omisso
544 2579 780 2622 comparativo
802 2580 979 2622 membro,
1010 2580 1102 2623 quod
1126 2580 1163 2613 in
1183 2580 1276 2613 hunc
1306 2579 1378 2613 fere
1398 2579 1537 2613 modum
1560 2580 1738 2624 suppleas·

385 2637 444 2671 sed
467 2648 594 2683 reges,
619 2649 700 2682 quo
732 2640 881 2685 magis
910 2643 1084 2675 ceteros
1113 2639 1285 2683 opibus
1317 2643 1557 2684 superant,
1579 2650 1625 2673 eo
1654 2650 1738 2674 am-

383 2697 505 2740 plius
536 2707 654 2732 uxores
685 2698 823 2734 habent.
850 2718 890 2724 -
930 2699 1036 2746 Nulla
1065 2710 1274 2744 quamquam
1306 2698 1540 2734 tantummodo
1571 2701 1680 2746 σιμοὶ
1704 2697 1739 2732 in
