1826 3276
386 223 443 262 20
747 216 791 258 C.
822 213 1146 256 SALLUSTI
1176 212 1394 256 CRISPI

387 331 620 391 republica
664 335 852 372 aetatem
897 342 1055 386 agere,
1098 332 1219 370 tanto
1263 333 1442 384 tamque
1483 326 1576 370 utili
1609 324 1752 368 labori

387 441 489 470 meo
523 439 682 468 nomen
717 423 896 466 inertiae
929 422 1178 480 imponant,
1211 427 1333 464 'certe
1358 422 1514 479 quibus
1550 433 1753 463 maxuma

386 520 597 564 industria
624 517 797 561 videtur
827 517 1013 561 salutare
1041 516 1221 575 plebem
1257 522 1302 560 et
1331 516 1536 560 conviviis
1566 515 1753 575 gratiam

388 671 441 704 bis
469 669 553 714 ipsis
584 668 662 703 elici
692 673 814 713 potest.
858 670 938 703 Hoc
970 668 1061 702 enim
1093 668 1175 703 dicit
1206 668 1411 709 Sallustius,
1434 667 1604 702 historiae
1632 666 1755 701 laudes

388 731 464 764 aliis
486 741 522 763 se
544 730 757 773 relinquere,
797 728 907 771 ipsum
931 729 1105 761 celebrare
1128 729 1240 768 nolle,
1274 740 1317 761 ne
1348 733 1470 771 parum
1493 739 1572 762 vere
1595 731 1629 761 et
1651 737 1755 770 supra

388 790 529 823 modum
562 789 612 831 (i.
644 800 673 822 e.
706 799 768 830 per
801 787 1045 830 insolentiam)
1087 789 1239 822 studium
1269 799 1369 822 suum
1398 787 1557 822 laudasse
1585 787 1755 820 videatur.

387 849 457 883 Per
477 860 513 881 se
533 848 642 892 igitur
658 850 750 889 patet
767 847 873 879 verba
894 847 1069 880 laudando
1093 849 1271 888 extollere,
1306 858 1394 890 quae
1419 845 1556 880 Cottius
1581 843 1755 883 disiunxit,

388 907 625 950 coniungenda
661 917 752 947 esse,
790 906 894 948 idque
926 907 1086 950 loquendi
1116 919 1179 941 usu
1208 907 1350 951 egregie
1376 906 1619 946 confirmatur,
1649 913 1756 946 quum

389 969 549 1001 extollere
575 970 608 999 et
639 967 779 1009 efferre,
803 977 1012 1008 quamquam
1040 967 1129 1000 nude
1155 967 1237 1010 poni
1261 969 1418 1009 possunt,
1442 970 1560 999 tamen
1574 961 1757 1007 gravitatis

389 1037 512 1059 caussa
540 1037 643 1069 saepe
670 1026 860 1059 ablativum
889 1026 947 1058 vel
975 1025 1179 1059 substantivi
1207 1027 1263 1059 vel
1288 1025 1448 1070 gerundii
1468 1023 1671 1058 adiunctum
1692 1021 1757 1054 ha-

388 1087 513 1126 beant3
539 1086 584 1118 cf.
617 1086 690 1118 Cat.
707 1086 796 1125 vul,
822 1085 856 1119 4.
885 1089 1050 1129 quantum
1075 1085 1229 1118 verbis
1254 1096 1330 1118 eam
1352 1088 1494 1128 potuere
1520 1082 1756 1117 extollere.

389 1146 464 1190 lug.
490 1145 564 1186 XV,
585 1144 618 1180 2.
650 1145 841 1189 Iugurthae
870 1146 1032 1178 virtutem
1061 1146 1283 1178 extollere
1311 1145 1541 1178 laudibus.
1592 1140 1696 1182 LXV,
1721 1139 1756 1173 3.

390 1204 539 1238 secunda
562 1205 717 1237 oratione
743 1205 912 1238 extollere.
959 1204 1139 1245 LXXXV,
1161 1203 1217 1238 21.
1257 1204 1354 1246 0111,
1379 1203 1413 1238 ⁷.
1459 1204 1643 1237 Praeterea
1667 1199 1759 1244 quod

389 1263 547 1303 Cor-tius,
579 1266 617 1296 ut
647 1264 835 1297 sententiae
860 1265 951 1298 ratio
980 1267 1126 1305 constet,
1154 1266 1232 1297 ante
1259 1268 1383 1298 memet
1407 1262 1560 1306 suppleri
1579 1261 1675 1295 iubet
1691 1270 1757 1300 me,

390 1323 425 1356 id
452 1324 548 1357 nullo
575 1323 677 1356 modo
703 1322 780 1355 fieri
804 1326 931 1366 potest,
959 1328 996 1358 ut
1020 1327 1111 1367 patet
1130 1335 1172 1357 ex
1196 1327 1278 1357 nota
1295 1324 1337 1357 ad
1359 1323 1460 1356 Catil.
1477 1335 1508 1356 c.
1528 1322 1657 1364 xxm,
1673 1321 1708 1356 7.
1723 1331 1757 1371 p.

391 1382 470 1416 147.
517 1382 700 1425 Quomodo
730 1382 822 1415 enim
852 1394 892 1415 ex
914 1384 989 1426 quis
1011 1383 1129 1417 elicias
1147 1382 1228 1417 me?
1273 1382 1428 1425 Denique
1444 1383 1540 1416 nulla
1557 1391 1679 1416 caussa
1696 1383 1757 1420 est.

392 1453 454 1475 cur
479 1452 590 1474 meum
622 1447 700 1475 ante
725 1442 900 1475 laudando
922 1454 1004 1475 cum
1033 1443 1149 1476 Cortio
1169 1442 1346 1485 eiiciatur,
1378 1453 1587 1486 quamquam
1604 1451 1626 1476 a
1642 1439 1757 1475 Guelf.

391 1500 427 1542 6,
440 1501 502 1534 12.
527 1501 609 1534 ven.
626 1500 660 1534 3.
679 1505 712 1535 et
730 1502 804 1538 Vat.
824 1502 860 1535 4.
878 1502 988 1536 abest.
1035 1503 1299 1546 Quodammodo
1317 1513 1505 1545 pronomen
1523 1502 1642 1536 firmat
1654 1500 1761 1535 etiam

393 1560 511 1594 Taciti
538 1561 653 1602 locus,
682 1562 776 1595 haud
799 1562 902 1596 dubie
917 1563 959 1596 ad
979 1562 1183 1596 Sallustium
1208 1574 1404 1607 expressus,
1430 1563 1518 1596 Anu.
1535 1561 1626 1602 xiv,
1647 1559 1705 1600 43,
1727 1560 1760 1593 1.

393 1631 436 1653 ne
454 1620 558 1653 nimio
587 1631 703 1654 amore
725 1621 859 1664 antiqui
888 1623 991 1656 moris
1018 1623 1216 1656 studium
1244 1634 1379 1656 meum
1408 1622 1638 1656 extollere
1663 1620 1760 1654 vide-

394 1690 462 1714 rer.
486 1698 532 1704 —
561 1679 624 1712 Per
647 1680 865 1713 insolentiam
891 1686 1011 1715 auctor
1030 1682 1183 1715 consulto
1200 1681 1314 1715 verbis
1333 1693 1375 1715 ne
1392 1701 1436 1707 --
1453 1683 1528 1726 quis
1546 1679 1760 1725 interposuit,

396 1744 434 1772 ut
451 1739 486 1772 id
497 1764 507 1780 ,
533 1739 589 1772 cui
602 1739 759 1772 maxime
778 1752 958 1774 occurrere
976 1741 1067 1782 vult,
1096 1752 1174 1774 cum
1189 1741 1224 1774 vi
1242 1742 1491 1784 praemittatur.

488 1800 522 1840 ἓ.
548 1799 582 1832 3.
628 1801 751 1843 atque]
785 1801 882 1833 Haec
906 1800 1077 1844 particula
1107 1804 1145 1834 ut
1168 1801 1236 1834 duo
1261 1802 1451 1844 vocabula,
1480 1811 1626 1843 quornm
1647 1802 1761 1843 poste-

396 1859 469 1893 rius
494 1858 601 1902 priori
627 1859 772 1903 gravius
795 1864 864 1902 est,
889 1860 1066 1904 coniungit
1091 1861 1150 1904 (v.
1169 1861 1213 1893 ad
1234 1861 1307 1894 Cat.
1324 1872 1352 1893 c.
1372 1861 1427 1900 Ll,
1447 1859 1550 1902 1⁰.)‚
1580 1859 1630 1893 ita
1655 1859 1761 1893 etiam

398 1918 539 1952 inservit
564 1919 858 1952 enunciationibus
883 1919 1102 1962 copulandis,
1127 1930 1274 1962 quarum
1294 1919 1463 1962 posterior
1479 1919 1622 1964 gravior
1635 1923 1685 1953 est
1701 1930 1763 1953 an-

399 1978 594 2018 tecedente3
632 1989 738 2020 quam
764 1978 934 2012 rationem
962 1981 1122 2012 accurate
1149 1978 1334 2021 explicavit
1358 1979 1516 2012 Handius
1544 1979 1586 2011 de
1615 1978 1763 2013 Particc.

399 2039 489 2072 Latt.
509 2038 583 2071 Vol.
603 2038 629 2070 1.
654 2050 688 2081 p.
707 2037 787 2071 484.
835 2038 912 2071 Hoc
940 2037 1048 2082 igitur
1076 2038 1248 2082 significat
1275 2038 1481 2082 Sallustius,
1510 2049 1576 2071 non
1600 2038 1712 2071 solum
1734 2038 1764 2071 si

390 2098 521 2131 laudet
543 2097 711 2131 historiae
733 2097 884 2131 studium
910 2098 1037 2131 multos
1065 2098 1099 2131 id
1125 2109 1230 2142 aegre
1252 2099 1396 2140 laturos,
1420 2099 1490 2140 sed,
1515 2097 1651 2132 etiamsi
1675 2097 1765 2131 nihil

400 2158 443 2191 de
461 2157 534 2190 eius
550 2157 679 2190 virtute
697 2156 806 2200 dicat,
841 2159 926 2191 adeo
944 2157 1040 2199 fore,
1071 2157 1130 2200 qui
1142 2157 1256 2200 ipsum
1273 2159 1421 2192 studium
1441 2159 1645 2201 vituperent.
1689 2157 1766 2192 Non

400 2217 483 2251 satis
509 2221 602 2250 recte
626 2216 735 2260 igitur
757 2216 893 2250 Cottius
918 2221 1069 2261 „atque,
1098 2217 1228 2261 inquit,
1251 2219 1356 2252 servit
1382 2217 1598 2262 occupationi
1617 2221 1651 2252 et
1669 2219 1767 2252 notat

403 2282 438 2311 et
465 2267 623 2325 uerofet
652 2280 805 2310 tamen.“
849 2276 967 2319 Neque
996 2276 1154 2310 assentiri
1180 2289 1358 2321 possumus
1386 2278 1542 2319 nundin,
1567 2278 1627 2321 qui
1650 2278 1764 2322 Ι.1.Ρ.

403 2336 482 2371 489.
504 2336 750 2370 sententiarum
777 2347 901 2369 nexum
925 2335 1025 2369 aliter
1041 2347 1146 2379 quam
1162 2347 1223 2370 nos
1243 2338 1378 2381 capiens
1395 2343 1499 2382 atque
1514 2336 1697 2370 vernacule
1713 2335 1766 2368 in-

402 2397 658 2441 terpretandum
681 2400 795 2429 censet
820 2395 1033 2440 gleichwohl.
1090 2396 1194 2429 Cuius
1213 2396 1451 2440 explicationis
1475 2396 1602 2430 oblitus
1627 2407 1662 2439 p.
1685 2394 1765 2429 498.

405 2457 512 2492 aliam
537 2455 716 2499 proponit,
750 2454 862 2488 minus
890 2454 1013 2496 etiam,
1042 2455 1073 2488 si
1098 2456 1180 2499 quid
1211 2456 1331 2498 video,
1366 2455 1684 2490 commendabilem.
1722 2459 1765 2480 —'-

409 2519 571 2550 Salutare
599 2519 730 2559 spectat
753 2515 794 2548 ad
815 2514 1015 2549 ambitiosos
1035 2515 1113 2548 illos
1126 2540 1135 2555 ,
1162 2516 1222 2558 qui
1244 2519 1382 2559 propter
1398 2517 1544 2550 honores
1563 2515 1768 2559 prensabant

406 2577 542 2620 plebem
554 2601 565 2618 ,
593 2576 698 2608 etiam
716 2575 972 2608 nomenclatore
989 2574 1156 2607 adhibito.
1203 2576 1247 2610 cr.
1277 2576 1347 2609 Cic.
1365 2576 1407 2608 de
1423 2576 1516 2618 petit.
1535 2586 1627 2608 cons.
1645 2586 1674 2608 c.
1694 2575 1765 2608 vll.

406 2636 482 2670 Liv.
502 2636 626 2676 xxm,
645 2635 679 2675 4,
698 2634 731 2668 2.
762 2635 852 2668 Hinc
871 2640 1064 2676 senatores,
1095 2635 1219 2667 omissa
1244 2636 1427 2680 dignitatis
1452 2637 1683 2679 libertatisque
1698 2647 1768 2669 me-

408 2697 539 2737 moria,
570 2696 701 2739 plebem
722 2694 878 2735 adulari,
898 2696 1069 2736 salutare,
1097 2695 1245 2738 benigne
1268 2695 1437 2735 inuitare,
1468 2696 1647 2738 apparatis
1675 2696 1768 2728 acca·-

405 2765 489 2800 μονα
506 2755 625 2798 epulis.
671 2753 718 2787 ib.
738 2753 799 2793 ΙΙΙ,
820 2753 875 2795 14,
893 2752 926 2787 5.
951 2771 997 2778 --
1028 2754 1199 2788 Conviviis
1218 2753 1241 2787 i.
1263 2764 1293 2787 e.
1311 2753 1424 2797 epulis
1440 2758 1473 2787 et
1489 2753 1770 2789 viscerationibus
