1826 3276
435 152 800 210 IUGURTHA.
860 163 987 208 cAP.
1019 161 1148 206 xlx.
1411 163 1498 206 128

95 285 427 344 Mauretaniam
443 321 453 328 ,.
469 282 697 329 Numidae
738 286 916 336 tenent3
971 279 1182 341 proxumi
1225 277 1493 340 Hispaniam
1563 333 1566 335 ,

94 385 248 433 Mauri
281 372 395 430 sunt.
467 382 621 442 Super
664 379 923 426 Numidiam
968 378 1188 424 Gaetulos
1231 378 1530 440 accepimus5

17 518 19 522 ’
95 519 237 567 arguit3
269 517 431 565 Langius
462 527 547 552 vero
579 514 776 550 scribarum
801 514 924 548 turbas
953 513 1150 558 suspicatus
1168 514 1287 549 verbis
1310 514 1394 549 dein
1410 513 1496 548 Pha·-

95 570 222 618 'temon
241 592 330 618 arae
346 601 395 608 -
418 578 728 624 Carthaginienses
755 579 835 621 post
859 576 1044 610 Theraeo„
1065 576 1280 611 collocandis
1303 575 1498 610 difficulta-

95 647 170 679 tem
203 642 284 678 tolli
314 646 442 677 censet.
490 640 562 675 Sed
592 649 701 683 quum
735 636 818 672 talis
841 637 1054 671 confusionis
1077 649 1121 671 ne
1143 637 1331 671 minimum
1355 636 1499 681 quidem

95 703 290 751 vestigium
318 703 357 737 in
387 701 487 739 codd.
518 698 818 744 deprehendatur,
851 697 953 732 nobis
985 697 1202 733 cautioribus
1225 709 1301 732 esse
1323 697 1497 734 convenit.

97 767 138 802 In
165 765 369 801 uuiversum
401 762 498 798 enim
529 759 739 796 assentimur
774 758 895 794 Cortio
921 758 1132 794 Sallustium
1156 760 1282 794 eodem
1306 770 1386 794 aras
1412 759 1500 794 Phi-

96 827 280 862 laenorum
303 826 386 860 loco
407 824 599 864 collocare,
624 834 694 866 quo
722 824 856 856 ceteros
879 820 1084 866 scriptores,
1110 821 1171 856 sed
1195 821 1288 866 qnod
1312 820 1397 854 dicit
1419 832 1501 855 ver-

97 890 145 924 ba
167 901 210 924 ac
239 888 400 932 deinceps
429 886 522 921 duae
555 884 675 928 Syrtes
699 885 858 929 interque
877 895 937 918 eas
960 883 1081 928 Leptis
1101 882 1203 927 quasi
1227 894 1289 927 per
1312 883 1501 926 parenthe-

97 951 152 986 sin
182 949 367 985 interiecta
390 960 484 992 esse,
514 950 655 992 propter
680 944 1055 980 commemorationem
1081 944 1212 986 maris,
1237 941 1289 979 ita
1310 946 1352 978 ut
1374 943 1502 977 deinde

100 1011 192 1048 Phil.
210 1022 246 1046 a.
261 1010 421 1055 proxime
442 1012 602 1055 spectent
624 1008 668 1043 ad
693 1008 806 1042 verba
825 1008 946 1052 prima
967 1007 1101 1051 Cyrene
1119 1011 1182 1050 est,
1206 1004 1257 1046 id,
1281 1015 1502 1048 quamquam

97 1071 206 1107 etiam
228 1063 346 1106 Faber
368 1071 510 1116 suadet,
528 1070 606 1104 fieri
631 1070 763 1114 nequit.
809 1069 880 1104 Sed
902 1069 1026 1114 paullo
1050 1066 1280 1102 inconsultius
1313 1077 1335 1101 a
1365 1067 1504 1111 Cyrene

97 1133 220 1170 statim
242 1134 289 1169 ad
314 1134 438 1180 Syrtes
459 1143 668 1179 progressus
689 1134 834 1174 auctor,
868 1128 966 1175 prius
998 1129 1120 1173 Lepti,
1157 1139 1248 1174 quae
1271 1128 1358 1162 duas
1380 1127 1503 1173 Syrtes

98 1194 304 1238 interl-eet,
332 1195 535 1237 nominata,
565 1193 657 1229 redit
689 1192 904 1238 cogitatione
936 1191 982 1226 ad
1015 1190 1158 1225 initium
1193 1188 1343 1224 maioris
1374 1190 1504 1236 Syrtis,

99 1256 193 1301 quod
217 1267 328 1308 quum
351 1268 437 1292 sane
462 1257 559 1291 ultra
582 1267 664 1291 aras
687 1254 940 1299 porrigeretur,
963 1253 1034 1286 hoc
1056 1263 1195 1296 quoque
1220 1251 1264 1286 iis
1289 1251 1379 1287 locis
1392 1263 1506 1288 annu-

99 1317 274 1362 mer-avit,
297 1329 389 1364 quae
407 1319 501 1353 iuter
522 1318 612 1352 duas
631 1317 751 1362 Syrtes
766 1320 868 1357 sunt,
892 1314 954 1349 sed
982 1313 1034 1348 ita
1047 1339 1058 1357 ,
1083 1316 1124 1348 ut
1157 1313 1319 1357 proxime
1340 1313 1504 1360 Cyrenen

100 1389 176 1413 esse
196 1379 435 1425 cogitaretur,
466 1386 575 1423 quam
598 1378 645 1412 ob
668 1389 746 1412 rem
768 1376 878 1412 etiam
899 1375 997 1411 addit
1020 1387 1119 1421 quem
1138 1376 1251 1429 lycum
1272 1377 1362 1422 Aeg.
1382 1388 1414 1412 v.
1434 1380 1463 1418 ἰ.
1479 1379 1504 1413 i.

100 1440 136 1478 Ιι.
167 1441 289 1476 Carth.
318 1442 423 1477 Patet
446 1440 560 1486 igitur
581 1437 788 1474 inscientiae
810 1438 917 1482 culpa
939 1448 1071 1472 vacare
1092 1436 1301 1472 Sallustium
1315 1463 1326 1482 ,
1359 1439 1419 1473 sed
1443 1451 1507 1474 ne-

99 1502 295 1549 gligentiae
316 1502 465 1538 crimine
488 1512 561 1537 non
583 1500 730 1535 liberari
753 1511 876 1545 posse,
900 1498 982 1544 qui,
1019 1510 1130 1542 quum
1162 1498 1365 1544 significare
1398 1502 1508 1537 vellet

100 1564 148 1605 ad
170 1564 329 1610 Cyrenen
351 1575 466 1610 usque
487 1563 663 1609 pertinere
685 1561 821 1607 Syrtim
834 1587 845 1604 ,
878 1561 915 1596 in
939 1560 1086 1607 regione
1112 1561 1253 1606 Syrtica
1276 1565 1397 1600 autem
1421 1575 1508 1598 aras

104 1623 300 1659 Philaenon
322 1626 484 1670 proxime
505 1636 528 1660 a
550 1623 747 1670 Cyrenaica
769 1623 912 1665 abesse,
935 1622 993 1658 his
1016 1622 1252 1658 immiscuerit
1267 1623 1428 1669 Syrtium
1444 1626 1509 1660 de-

102 1684 349 1730 scriptionem,
392 1698 464 1731 quo
503 1686 663 1729 inceptus
700 1684 788 1718 ordo
819 1684 1014 1729 impeditus
1042 1689 1106 1721 est.
1164 1686 1265 1720 Idem
1299 1686 1375 1720 fere
1405 1687 1511 1722 sentit

102 1746 310 1783 Mannertns
338 1748 471 1794 Geogr.
501 1746 628 1781 Graec.
652 1748 688 1780 et
709 1746 819 1780 Rom.
841 1746 946 1782 Tom.
970 1747 1014 1781 X.
1049 1747 1089 1782 P.
1114 1747 1160 1781 Π.
1184 1759 1221 1791 p.
1243 1746 1328 1782 117.
1359 1767 1407 1774 -
1438 1749 1510 1783 Le-

101 1809 188 1854 ptis,
210 1808 312 1843 cuius
333 1809 467 1844 mentio
489 1808 621 1843 iterum
643 1807 686 1843 fit
709 1818 741 1840 c.
765 1807 940 1850 LXXVII,
965 1808 1000 1842 1.
1025 1811 1060 1842 et
1082 1807 1275 1850 LXXVIII,
1300 1807 1348 1850 1.‚
1372 1808 1511 1844 intelli-

104 1869 206 1916 gitur
231 1882 390 1917 mag-m,
435 1869 495 1904 cui
523 1868 633 1911 etiam
663 1879 791 1902 nomen
833 1868 1014 1914 Neapolis.
1046 1880 1085 1906 v.
1115 1879 1223 1914 supra
1256 1870 1288 1911 §.
1324 1870 1359 1904 1.
1388 1870 1510 1906 Strab-

105 1932 222 1975 xvn,
244 1933 280 1968 ὃ.
304 1943 338 1977 p.
362 1930 444 1966 493.
469 1929 632 1965 Tauclm.
658 1940 694 1973 p.
723 1928 827 1966 1192.
853 1929 896 1964 Δ.
922 1931 976 1964 ed.
999 1930 1175 1964 Almelov.
1199 1929 1351 1965 Sickleri
1375 1932 1511 1980 Geogr.

106 1996 180 2029 ant.
212 2006 248 2039 p.
284 1993 366 2029 82⁰.
401 1992 484 2026 Gar.
515 1989 648 2024 Ritteri
672 1991 797 2035 Asrica
818 2003 852 2035 p.
876 1990 959 2026 923.
982 2012 1030 2018 —
1052 1991 1126 2026 Pro
1150 1991 1278 2026 deinde
1302 1993 1443 2028 Curtius
1468 2006 1511 2029 ex

107 2065 177 2090 uno
201 2055 277 2090 eod.
303 2053 422 2090 Guelf.
446 2051 482 2087 4.
507 2050 647 2095 scripsit
674 2053 775 2095 dein,
801 2053 895 2097 quod
920 2052 1132 2088 Gerlachius
1155 2052 1232 2087 siue
1254 2064 1379 2089 caussa
1411 2066 1513 2089 secu-

108 2119 167 2152 tus
193 2119 268 2158 σοις
299 2126 336 2151 v.
367 2115 413 2150 ad
445 2125 475 2148 c.
510 2112 646 2157 XVIII,
680 2113 739 2150 12.
764 2133 808 2139 --
834 2114 964 2149 Locum
994 2114 1134 2149 Cottius
1157 2113 1279 2149 omisit
1302 2115 1514 2150 auctoritate

109 2176 193 2211 Sen.
218 2177 255 2214 2.
274 2179 310 2212 et
333 2177 485 2217 Heuss.;
508 2174 608 2210 nobis
631 2173 672 2208 hi
705 2174 776 2209 dno
810 2174 915 2218 libri,
947 2174 1153 2219 saepissime
1187 2174 1225 2209 in
1256 2175 1394 2211 vitiosis
1424 2177 1514 2212 scri-

109 2237 225 2282 pturis
247 2237 499 2282 conspirantes,
522 2247 591 2270 non
613 2235 702 2270 tanti
724 2236 894 2271 momenti
918 2236 1094 2281 videntur,
1118 2240 1160 2271 ut
1182 2236 1338 2279 relicuis,
1371 2237 1409 2272 in
1435 2238 1514 2282 qui-

48 2308 52 2312 ⁴
109 2299 178 2333 bus
211 2298 339 2344 optimi
366 2302 403 2333 et
427 2297 609 2333 veterrimi
640 2309 782 2341 omnes,
815 2297 1036 2342 praeferendi
1073 2297 1164 2340 sint,
1193 2309 1410 2343 quamquam
1428 2311 1515 2334 con-

112 2359 271 2396 cedimus
292 2359 424 2394 omisso
447 2360 558 2394 locun
579 2359 754 2394 vocabulo
776 2363 989 2395 structuram
1023 2362 1061 2395 et
1090 2370 1231 2396 sensum
1261 2361 1346 2396 satis
1382 2362 1514 2396 bonum

113 2433 208 2464 esse3
228 2433 265 2457 V.
290 2422 335 2455 ad
359 2421 439 2456 cat.
462 2420 542 2463 LV,
565 2420 601 2455 ὃ.

207 2485 241 2527 §.
263 2481 288 2517 4
310 2501 359 2508 —
380 2482 416 2518 6.
459 2482 622 2527 maxumi
639 2482 866 2527 Hispaniam]
892 2483 1000 2517 Godd.
1024 2482 1099 2517 fere
1121 2493 1241 2517 omnes
1255 2485 1291 2517 et
1302 2482 1380 2518 edd.
1398 2485 1515 2519 teuent

113 2545 269 2589 proxime
294 2543 533 2589 Ηὶφαπίατης
574 2543 695 2578 Ursini
724 2544 817 2579 liber
848 2548 884 2579 et
914 2545 996 2579 Sen-
1036 2544 1071 2580 1.
1107 2545 1264 2590 proxime
1298 2543 1516 2590 Hispanian

117 2605 267 2640 Gom-lit.
298 2607 454 2651 proxime
486 2605 686 2650 Hispanum
721 2606 842 2642 Guelf.
864 2605 900 2640 3.
921 2606 1117 2650 proximam
1138 2605 1368 2651 Hispaniam3
1392 2605 1516 2640 Guelf.

117 2665 154 2702 7.
178 2672 214 2702 ct
239 2678 348 2713 prope
371 2668 596 2713 Hispaniam.
652 2668 785 2703 Nostra
818 2667 994 2711 scriptura
1024 2666 1150 2702 nititur
1178 2667 1379 2702 testimonio
1410 2668 1515 2702 Arus-

6 2742 9 2745 ·
38 2755 46 2759 χ
118 2727 229 2764 Messi
252 2739 287 2762 v.
319 2725 507 2774 proximus-
535 2730 577 2764 V.
601 2729 646 2764 ad
670 2742 702 2764 c.
719 2729 856 2770 xvm,
879 2728 936 2774 11.
964 2746 1010 2755 -
1031 2729 1087 2762 De
1112 2729 1341 2764 Gaetulorum
1374 2727 1515 2763 sedibus

119 2787 168 2822 ef.
200 2788 354 2835 mxx,
385 2776 572 2826 1.'strab.
602 2790 727 2833 xvn,
759 2790 795 2826 3.
829 2801 864 2834 ρ.
895 2788 976 2827 479.
1011 2781 1175 2824 Tamna.
1206 2789 1292 2824 ibid.
1315 2801 1350 2834 p.
1372 2786 1454 2823 485.
1478 2790 1514 2821 et
