1826 3276
449 190 817 235 IUGURTHA.
877 188 1012 234 GAP.
1046 187 1225 233 XLVII.
1439 193 1523 234 271

128 325 272 367 orare,
306 316 492 371 praeter
526 325 653 355 suam
687 308 1026 369 liberorumque
1059 309 1197 353 vitam
1231 307 1380 352 omnia
1413 306 1524 352 Me·-

107 409 232 454 'tello
266 408 452 456 dedere.
521 408 650 465 Quos
684 407 807 465 item,
842 406 906 450 uti
938 406 1126 470 priores,
1162 405 1317 451 consul
1343 405 1557 451 illectos4

123 547 203 578 nte,
227 535 357 581 insigni
380 535 589 570 documento
611 536 710 577 sunt,
730 545 799 567 non
823 533 928 577 plene
951 531 1187 566 necessarium
1209 531 1329 577 fuisse,
1349 537 1391 567 nt
1413 533 1524 578 parti-

124 596 220 642 cipio
244 608 442 642 congruens
465 595 580 641 supini
603 595 720 630 forma
742 595 780 628 in
811 605 876 628 usu
899 597 1001 628 esset.
1046 592 1115 627 His
1138 593 1243 633 rebus
1265 594 1316 630 ite.
1337 607 1523 640 compara-

124 658 170 693 tis
193 659 378 693 iuvaturus
400 669 442 692 eo
466 657 581 691 minus
605 656 781 691 offendere
804 659 937 700 potest,
972 667 1081 699 quum
1112 667 1154 689 eo
1188 666 1256 689 uon
1279 661 1416 691 tantum
1441 657 1523 692 Sal-

125 718 268 762 lustius,
293 719 354 754 sed
375 718 483 753 etiam
509 717 598 752 Plin.
622 718 710 761 Epp.
734 716 793 760 IV,
818 715 876 758 15,
896 716 956 752 13.
979 723 1014 751 et
1038 715 1222 751 Petronius
1245 717 1321 752 Sat.
1346 730 1375 752 c.
1394 719 1522 756 xvm.

125 792 208 816 usus
233 781 290 816 sit.
337 781 437 825 Quae
471 782 589 814 autem
622 778 774 813 editores
806 778 983 822 permovit
1014 778 1165 823 religio,
1203 778 1249 812 ab
1278 778 1415 814 inscitia
1437 792 1521 825 pro·-

124 842 216 877 fecta
232 869 244 885 ,
274 844 314 877 ut
335 844 478 886 propter
499 841 685 875 iuvaturus
707 840 776 873 duo
798 840 909 874 verba
933 851 998 884 pro
1021 839 1149 884 spuriis
1172 839 1364 881 haberent,
1397 841 1521 876 eadem

123 903 220 938 haud
241 892 348 937 dubie
368 902 504 937 scribas
527 901 679 946 impulit,
702 907 742 935 ut
766 900 850 935 ista·
875 911 978 934 voces
999 900 1210 935 omitterent.
1254 901 1412 945 Denique
1428 903 1521 946 quod

125 963 338 999 Gerlachius
371 963 415 998 ud
455 964 640 1009 vulgatam
674 958 963 996 labefactandam
996 961 1109 1004 dicit,
1151 962 1376 1005 sequentibus
1404 963 1521 998 verbis

121 1025 270 1060 eundem
292 1025 368 1059 fere
390 1036 530 1059 sensum
552 1022 744 1064 contineri,
775 1034 845 1057 non
877 1023 966 1057 vidit
988 1033 1032 1057 ea
1053 1022 1104 1058 ita
1117 1028 1332 1067 ‘comparata
1353 1034 1448 1066 esse,
1480 1029 1521 1060 ut

122 1085 297 1131 explicent
313 1087 481 1131 quomodo
505 1084 697 1120 exercitum
719 1083 837 1118 iuvari
860 1084 982 1118 credat
1003 1085 1179 1119 Metellus.
1227 1084 1276 1118 Et
1298 1083 1409 1129 igitur
1432 1085 1468 1119 h.
1492 1086 1518 1119 Ι.

122 1158 166 1183 n
189 1151 362 1192 pot-state
395 1147 549 1190 positum
583 1152 656 1188 est,
689 1157 800 1190 quum
833 1138 1088 1180 illustravimus
1111 1146 1155 1180 ad
1179 1145 1283 1180 Catil.
1308 1157 1338 1179 c.
1363 1146 1459 1188 xlx,
1483 1146 1519 1180 2.

122 1209 164 1244 In
186 1209 293 1254 longe
316 1206 477 1253 plurimis
500 1213 618 1243 temen
640 1208 742 1242 codd.
767 1207 912 1242 vocibus
935 1207 1128 1242 coniunctis
1150 1208 1278 1250 etiam,
1301 1218 1371 1241 non
1395 1212 1429 1242 et
1445 1209 1519 1242 iam

121 1269 291 1314 scriptum
325 1273 398 1313 est,
430 1281 524 1314 quae
547 1269 735 1304 diversitas
772 1269 907 1302 nullam
930 1268 1004 1303 vim
1027 1269 1138 1304 habet
1160 1268 1204 1303 ad
1227 1272 1386 1302 nostram
1408 1269 1520 1304 ratio-

122 1342 203 1367 nem
235 1330 523 1376 infringendam,
553 1341 664 1375 quum
696 1330 765 1364 ista
795 1329 1018 1373 corruptione
1040 1329 1132 1363 nihil
1153 1329 1198 1364 sit
1221 1329 1456 1375 frequentius,
1482 1342 1519 1367 v,

120 1393 385 1428 Drakenborch.
407 1392 453 1427 ad
474 1391 555 1427 Liv.
579 1392 619 1434 1,
642 1390 701 1432 47,
723 1390 759 1425 9.
794 1396 829 1424 et
852 1401 960 1434 supra
985 1402 1014 1425 c.
1042 1391 1104 1433 xl,
1128 1390 1163 1424 3.
1210 1390 1264 1424 Ad
1287 1391 1356 1424 hoc
1378 1391 1415 1425 in
1439 1393 1518 1427 Vat.

119 1453 155 1488 4.
182 1465 247 1499 pro
270 1458 305 1488 et
328 1454 402 1488 iam
426 1457 478 1488 est
501 1459 536 1489 et
558 1454 608 1495 in,
630 1451 720 1487 Min.
744 1456 865 1486 eutem
887 1451 922 1487 2.
943 1455 979 1486 et
1001 1452 1100 1487 Flor.
1118 1451 1151 1486 1.
1175 1451 1247 1485 iam
1271 1463 1341 1486 non
1363 1453 1518 1496 habeut3

119 1525 230 1560 quare
252 1515 479 1558 Gerlachius,
502 1515 540 1550 in
562 1518 636 1549 toto
659 1514 728 1548 hoc
749 1514 831 1548 loco
853 1513 1016 1558 imperite
1040 1518 1217 1555 versatus,
1242 1512 1279 1547 in
1303 1513 1518 1552 Commeutt.

102 1575 156 1622 ἰ).
180 1576 263 1612 28².
311 1575 523 1611 Sallustium
548 1575 599 1610 sic
622 1573 802 1619 scripsisse
825 1575 1021 1610 contendit:
1049 1575 1292 1621 frequentiam
1315 1577 1517 1621 negotiato-

118 1650 199 1673 rum
221 1643 258 1673 st
279 1642 512 1674 commeatum
533 1638 672 1682 paratis
693 1637 795 1671 rebus
818 1636 1030 1671 munimento
1051 1638 1143 1679 sore.
1189 1637 1374 1671 Postremo
1396 1649 1516 1673 moue-

120 1711 200 1735 mus
230 1699 337 1744 Bipp.
369 1697 519 1732 edidisse
550 1698 658 1732 etiam
688 1699 828 1742 pacatis
849 1709 893 1740 r„
924 1697 1103 1731 nonnullis
1135 1702 1253 1732 autem
1277 1698 1518 1742 antiquiorum

118 1758 294 1795 editorum
316 1769 382 1802 pro
400 1759 542 1805 paratis
564 1758 738 1802 placuisse
756 1758 925 1803 patratis,
949 1768 1040 1801 quae
1060 1758 1225 1792 refellere
1247 1770 1316 1794 non
1339 1764 1391 1795 est
1416 1773 1519 1806 opus.

211 1820 248 1864 §-
270 1818 351 1856 &et
361 1819 397 1854 4.
444 1820 633 1866 impensius
655 1820 771 1866 mollo]
795 1819 821 1853 i.
843 1831 876 1856 e.
899 1819 1040 1853 modum
1063 1820 1251 1854 excedebat
1275 1821 1412 1865 legatos
1435 1823 1519 1857 mit-

119 1880 235 1917 tendo.
258 1881 307 1916 ef.
339 1892 370 1916 c.
394 1881 546 1924 Lxxv,
569 1881 604 1916 1.
624 1901 671 1908 —-
702 1881 839 1916 Dedere
861 1879 885 1915 i.
910 1891 943 1916 e.
976 1879 1022 1915 ad
1057 1880 1252 1915 dedendum
1285 1892 1323 1915 se
1355 1887 1518 1926 paratum

119 1942 311 1980 ossendere.
357 1942 460 1987 Quae
482 1946 674 1988 sequuntur
696 1943 816 1985 verbe,
839 1953 975 1987 pacem,
998 1954 1106 1987 quam
1125 1943 1430 1987 postulabat,
1453 1957 1518 1980 ne-

119 2015 185 2048 que
209 2003 382 2046 abnuere,
402 2015 514 2048 neque
535 2004 782 2048 polliceri,
816 2003 912 2038 clare
934 2003 1119 2038 ostendunt
1140 2004 1270 2039 falsum
1294 2017 1369 2040 esse
1385 2032 1396 2050 ‚
1422 2007 1516 2051 quod

118 2065 228 2110 vulgo
252 2064 485 2110 praecipitur,
513 2064 673 2110 polliceri
703 2064 747 2098 de
778 2063 822 2099 iis
852 2063 923 2098 dici
946 2064 1007 2108 qui
1030 2075 1096 2099 sno
1120 2071 1242 2110 sponte
1274 2068 1408 2112 aliquid
1433 2071 1516 2114 offe·

118 2131 214 2168 ram,
235 2128 441 2171 promittere
466 2126 510 2160 de
530 2125 589 2168 iis,
613 2125 674 2170 qui
696 2126 818 2172 rogati
841 2126 899 2161 vel
922 2126 1066 2161 invitati
1089 2126 1226 2171 aliquid
1251 2130 1462 2172 condicant,-
1480 2142 1514 2166 v·

119 2187 320 2236 Doederlin.
343 2187 539 2234 Synonym.
561 2188 639 2223 Lat.
664 2187 741 2222 Vol.
764 2187 821 2222 IV.
845 2199 881 2232 p.
899 2186 980 2222 1⁰9.
1005 2190 1038 2232 §.
1055 2187 1091 2223 1.
1114 2188 1215 2223 Serv.
1238 2191 1283 2224 ad
1307 2191 1408 2237 virg.
1429 2194 1516 2227 Aen.

119 2248 150 2292 I,
171 2248 254 2285 241.
298 2249 340 2285 In
360 2252 510 2294 utreque
533 2248 627 2284 enim
650 2249 821 2285 sententie
844 2248 917 2284 dici
940 2252 1147 2293 utrumque,
1172 2250 1242 2285 loci
1264 2251 1389 2287 docent
1412 2263 1517 2288 eccu-

118 2313 196 2344 rete
225 2309 455 2354 considerati,
486 2310 592 2355 idque
622 2310 696 2346 iem
730 2311 907 2356 perspexit
927 2310 1130 2356 Herzogius
1153 2312 1199 2346 ad
1223 2313 1321 2348 Caes.
1345 2313 1390 2348 Β.
1414 2314 1460 2348 G.
1485 2314 1516 2357 Ι,

118 2370 177 2406 16.
200 2382 235 2415 p.
259 2369 319 2406 42.
344 2374 380 2406 et
402 2371 447 2406 ed
470 2370 559 2406 San.
583 2372 659 2407 Cet.
683 2383 715 2406 c.
738 2372 868 2414 XUV,
894 2371 930 2405 2.
954 2383 991 2416 p.
1015 2371 1118 2416 223„
1143 2383 1187 2408 ac
1209 2373 1317 2408 simul
1338 2385 1426 2409 vere
1449 2375 1516 2410 ob-

118 2431 296 2475 servavit,
323 2432 483 2477 polliceri
504 2443 574 2467 nou
597 2432 672 2468 alia
702 2444 742 2467 re
767 2433 910 2468 differre
932 2443 955 2468 a
974 2434 1198 2478 promittere,
1227 2434 1296 2470 nisi
1318 2435 1412 2480 quod
1435 2447 1514 2472 me-

118 2491 210 2528 iore'
230 2492 269 2528 vi
293 2497 328 2527 et
355 2492 524 2539 graviore
554 2494 811 2530 asseveratione
843 2493 1052 2530 sententiam
1076 2494 1258 2539 enunciet,
1288 2498 1382 2541 quod
1405 2498 1514 2534 etiem

119 2553 256 2590 nanto
278 2555 394 2590 visum
418 2554 464 2589 ad
488 2555 573 2590 Ter.
595 2555 701 2590 Andr.
724 2556 768 2598 11,
792 2555 829 2598 3,
854 2555 910 2590 27.
960 2556 1147 2591 Pollicetur
1169 2557 1282 2602 igitur
1304 2558 1348 2604 is,
1372 2559 1433 2604 qui
1447 2572 1513 2605 pre

119 2620 212 2651 certo
235 2617 394 2661 affirmat
416 2627 454 2651 se
476 2616 514 2650 in
537 2616 688 2652 alicuius
709 2616 866 2663 gratiam
889 2616 1024 2661 aliquid
1045 2618 1223 2654 facturum
1240 2644 1251 2664 ,
1272 2621 1447 2665 promittit
1470 2621 1512 2664 is,

119 2676 180 2720 qui
201 2675 405 2720 simpliciter
427 2678 511 2713 dicit
534 2676 601 2712 vel*
614 2679 791 2724 significat
813 2684 850 2715 et
872 2679 974 2724 quasi
997 2679 1159 2715 enunciat
1189 2691 1227 2715 se
1249 2681 1356 2717 alicui
1379 2682 1514 2727 aliquid

120 2737 378 2780 praestiturum.
426 2738 616 2784 Utriusque
645 2739 746 2774 verbi
779 2740 854 2775 vim
885 2740 1130 2784 complectitur
1162 2743 1407 2788 germanicum
1435 2755 1514 2778 ver·

120 2797 303 2843 spu-echert,
326 2797 378 2835 ita
401 2804 538 2843 tamen,
571 2805 612 2836 ut
634 2800 804 2846 proxime·
817 2801 963 2838 accedat
984 2802 1030 2838 ad
1053 2814 1194 2839 sensum
1217 2804 1412 2840 dictionum
1434 2816 1514 2840 vcr-
