1826 3276
417 186 474 225 84
779 180 824 222 C.
854 178 1173 235 SALLU‘STI
1201 179 1410 233 cRISPI

356 299 404 336 16
415 295 663 355 graviorem
694 293 827 336 vitam
859 292 1049 349 exigunt.
1120 292 1169 336 Si
1192 294 1359 349 omnia,
1395 300 1617 353 quaerut
1637 296 1776 354 amisi,

417 395 492 433 aut
521 403 574 431 ex
603 386 856 431 necessariis
898 385 1086 429 advorsa
1113 385 1231 430 facta
1258 393 1377 442 sunt,
1421 389 1663 443 incolumia:
1679 395 1778 433 m'a-

415 488 589 536 nerent,
625 487 795 536 tamen,
840 480 875 523 si
902 479 1009 537 quid
1044 494 1099 524 ex
1129 477 1367 540 improviso
1409 482 1663 541 accidisset,
1698 498 1775 528 vos
1804 502 1806 504 ’

413 577 719 636 implorarem,
754 567 907 619 Patres
940 575 1202 634 conscripti,
1248 577 1406 634 quibus
1443 592 1529 637 pro
1555 569 1777 639 ma'gnitu-

415 670 515 714 dine
550 670 707 730 imperi
747 669 812 714 ius
857 675 900 714 et
933 670 1106 714 iniurias
1148 671 1287 715 omnis
1326 685 1456 726 curae
1498 687 1593 717 esse
1635 673 1775 718 decet.

350 771 398 809 17
413 767 541 810 Nunc
581 780 686 810 vero
726 766 845 810 exsul
874 765 1037 825 patria,
1073 764 1234 822 domo,
1269 767 1386 811 solus
1421 772 1553 827 atque
1580 770 1776 813 omnium

408 935 573 970 brevibus
593 946 672 970 eum
696 936 811 970 incisis
833 937 904 977 uti,
937 948 1042 980 quam
1073 937 1108 971 id
1131 935 1360 970 enunciationi
1391 947 1613 982 praegressae
1635 939 1776 972 subiun-
1810 958 1813 960 -

407 1007 503 1041 gere,
529 996 619 1039 quod
641 1007 703 1039 per
725 1007 762 1029 re
784 1007 851 1029 non
874 998 1053 1030 commode
1075 996 1314 1030 secundarium
1338 997 1455 1029 locum
1478 990 1633 1030 obtinere
1653 1002 1776 1041 potest.

406 1055 539 1090 Eadem
562 1055 604 1088 de
628 1067 750 1090 caussa
771 1057 918 1090 alterum
944 1061 993 1090 est
1015 1060 1090 1100 post
1113 1062 1277 1098 necatus,
1307 1057 1398 1099 quod
1421 1057 1514 1089 solus
1537 1057 1686 1093 Merseb.
1709 1057 1776 1091 Ri-
1807 1087 1826 1095 ,.

407 1114 458 1147 vii
488 1125 556 1148 non
586 1115 710 1157 habet,
750 1115 986 1156 retinendum3
1030 1115 1166 1149 Cortius
1205 1127 1266 1160 pro
1306 1126 1402 1149 more
1429 1126 1490 1149 suo
1523 1116 1711 1152 deleverat.
1722 1122 1775 1144 ³-

404 1175 500 1208 ldem
525 1179 587 1209 aut
609 1179 686 1218 post
709 1186 838 1220 agam,
876 1186 942 1208 uno
966 1174 1059 1208 nisus
1092 1175 1206 1208 Guelf.
1230 1175 1263 1212 6.
1289 1175 1408 1218 eiecit,
1441 1174 1574 1209 scilicet
1595 1179 1640 1210 ·ut
1663 1176 1774 1211 oratio

406 1234 580 1268 ardentior
605 1235 714 1268 fieret.
763 1234 968 1268 Gerlachius
999 1235 1034 1268 iu
1065 1236 1117 1268 ed.
1142 1234 1224 1268 mai.
1250 1235 1353 1268 tacite
1385 1245 1465 1268 eum
1494 1238 1629 1269 secutus
1652 1235 1689 1268 in
1710 1246 1775 1270 no-

406 1294 547 1327 vissimo'.
569 1293 777 1336 particulam
792 1294 958 1350 ‘restituit
981 1313 1025 1320 —
1048 1294 1087 1327 ln
1110 1295 1226 1328 verbis
1250 1306 1348 1338 quem
1374 1295 1524 1328 minume
1547 1295 1662 1329 decuit
1682 1295 1774 1330 relu-

405 1352 516 1387 tivum
539 1356 670 1396 spectat
694 1354 738 1388 ad
761 1354 925 1388 omissum
949 1355 1001 1396 is,
1025 1355 1081 1388 cui
1104 1354 1336 1388 enunciationi
1358 1364 1438 1386 cum
1461 1353 1498 1386 vi
1521 1357 1687 1397 tunquam
1710 1365 1776 1399 ap-

402 1411 528 1455 positio
553 1411 736 1447 subiicitur
747 1439 763 1456 ,Α
781 1414 1003 1458 propinquus.
1025 1432 1070 1438 —
1093 1414 1176 1448 Post
1202 1419 1330 1448 ceteros
1353 1412 1509 1456 plerique
1533 1425 1652 1448 omnes
1675 1415 1771 1450 codd.

405 1472 535 1506 addunt
558 1483 670 1512 meos;
699 1473 759 1506 sed
791 1483 899 1515 quum
924 1474 1026 1507 valde
1048 1474 1214 1518 langueat
1236 1477 1270 1507 et
1292 1484 1314 1508 a
1336 1473 1448 1508 vatic.
1471 1473 1511 1507 A.
1537 1473 1638 1516 absit,
1661 1474 1775 1508 delere

400 1542 468 1565 nnn
491 1531 738 1567 dubitavimus.
783 1531 952 1566 Similiter
974 1533 1094 1575 paullo
1116 1537 1195 1566 ante
1216 1543 1279 1577 pro
1302 1532 1438 1577 generis
1461 1531 1498 1566 in
1522 1532 1638 1566 Leidd.
1659 1534 1704 1569 D.
1722 1533 1772 1568 Τ.

399 1591 445 1624 Κ.
468 1595 502 1625 et
524 1593 640 1626 Guelf.
664 1591 699 1625 ¹2.
722 1592 889 1635 scriptum
912 1596 964 1626 est
984 1604 1067 1637 gen.
1100 1593 1196 1627 mei.
1215 1612 1259 1618 —
1294 1594 1382 1625 Sunt
1405 1596 1484 1635 post
1506 1591 1650 1635 obiecti,
1680 1593 1771 1635 quod

399 1650 434 1684 in
457 1651 563 1684 Fabr.
587 1652 621 1686 1.
646 1654 725 1685 ante
748 1652 970 1695 participium
994 1653 1146 1696 legitur,
1177 1655 1211 1686 et
1242 1662 1264 1686 a
1287 1650 1381 1685 Laid.
1417 1650 1455 1685 C.
1478 1650 1598 1692 abest,
1622 1651 1772 1685 Cottius

397 1711 573 1755 expunxit.
620 1711 715 1744 Idem
747 1711 835 1744 nihil
871 1710 1001 1745 monito
1033 1712 1162 1744 lectore
1193 1716 1244 1746 est
1265 1714 1343 1754 post
1364 1710 1505 1751 relicta,
1540 1709 1631 1753 quod
1653 1721 1771 1745 omnes

397 1772 495 1806 codd.
527 1773 659 1814 tenent,
692 1770 820 1804 omisit.
847 1790 888 1795 —
926 1771 1007 1804 Cum
1040 1770 1300 1815 praepositionis
1319 1780 1418 1803 .usus
1440 1769 1476 1803 in
1500 1769 1562 1804 tali
1586 1774 1768 1812 structura,

395 1831 510 1874 qualis
551 1835 603 1864 est
633 1840 731 1864 cum
759 1841 960 1865 moerore
997 1837 1041 1865 et
1074 1833 1202 1866 luctu
1235 1830 1343 1863 vitam
1367 1829 1526 1873 exigere,
1561 1829 1644 1864 satis
1667 1829 1769 1865 tritus

398 1894 471 1932 est,
494 1900 706 1934 quamquam
728 1901 791 1934 per
814 1901 850 1924 se
873 1902 940 1924 non
964 1892 1123 1935 elegans,
1155 1895 1193 1926 ut
1224 1889 1360 1924 Cortius
1391 1887 1568 1932 praecipit.
1614 1890 1770 1924 Contulit

396 1950 458 1983 ille
479 1950 594 1983 Plaut.
617 1949 709 1982 Rud.
733 1950 827 1982 Prol.
855 1960 886 1982 v.
910 1950 966 1984 29.
991 1951 1086 1985 Coel.
1109 1951 1145 1984 in
1169 1950 1239 1985 Cic.
1269 1951 1355 1992 Epp.
1373 1948 1418 1982 nd
1438 1949 1575 1983 Famm.
1598 1948 1688 1990 vm,
1709 1949 1766 1991 14,

396 2009 431 2044 9.
454 2020 488 2043 v.
509 2010 645 2051 Zumpt.
672 2007 833 2042 Gramm.
859 2009 934 2043 Lat.
967 2013 999 2052 ἓ.
1021 2010 1078 2051 74,
1104 2010 1160 2044 11.
1192 2022 1227 2054 p.
1250 2008 1329 2043 362.
1362 2008 1413 2042 ed.
1437 1995 1494 2042 l‘V.
1527 2011 1562 2041 et
1599 2018 1690 2051 quae
1713 2009 1766 2042 iu—

396 2069 453 2102 fra
475 2068 672 2103 notavimus
704 2067 749 2101 ad
780 2079 810 2100 c.
833 2068 929 2109 Lm,
962 2070 995 2103 7.
1029 2071 1144 2104 Hand.
1179 2070 1221 2103 de
1254 2068 1406 2103 Particc.
1439 2068 1529 2101 Latt.
1555 2067 1633 2102 Vol.
1661 2068 1705 2102 Il.
1729 2080 1766 2112 p.

395 2127 465 2162 153
483 2139 556 2173 sqq.
609 2128 723 2161 Vitam
757 2128 952 2172 exigere
985 2129 1122 2163 Cottius
1153 2130 1198 2163 ad
1230 2130 1315 2163 h.1.
1339 2132 1372 2162 et
1395 2127 1577 2161 Ruhnken.
1611 2127 1656 2161 ad
1679 2127 1763 2162 Ter.

394 2187 522 2223 Heaut.
538 2187 583 2229 11,
605 2186 638 2228 3,
661 2186 717 2220 39.
741 2186 871 2221 dictum
894 2192 1031 2222 censent
1053 2200 1116 2232 pro
1140 2189 1290 2232 simplici
1314 2198 1419 2232 agere
1443 2187 1498 2230 vel
1518 2187 1674 2232 degne,-
1704 2188 1764 2221 scd

395 2247 555 2281 omnibus
582 2247 655 2280 fere
688 2246 772 2280 locis
799 2247 936 2292 exigere
965 2249 1162 2283 adiunctam
1189 2249 1295 2282 habet
1322 2246 1495 2280 notionem
1520 2247 1762 2292 longinqui

395 2308 566 2352 temporis,
587 2306 759 2341 interdum
776 2317 844 2340 non
861 2307 934 2341 sine
951 2307 1122 2350 molestia,
1146 2320 1226 2353 exp
1240 2310 1278 2342 le
1289 2320 1312 2341 n
1324 2308 1347 2342 d
1361 2309 1374 2342 i
1383 2319 1396 2348 ‚⁴
1419 2306 1463 2341 cf.
1476 2318 1506 2340 c.
1523 2305 1762 2350 Lxxxv‚50.

485 2369 518 2409 §.
540 2366 596 2401 16.
643 2378 732 2410 quae
760 2379 803 2400 ex
837 2369 1038 2402 necessariis
1071 2369 1220 2403 advorsa
1245 2372 1348 2413 facta
1371 2368 1463 2411 sunt]
1486 2366 1584 2408 Haec
1607 2365 1762 2411 Longius

394 2429 429 2460 et
449 2426 638 2460 Muellerus
656 2426 706 2461 ita
733 2426 953 2471 intelligunt:
986 2440 1074 2473 quae
1099 2430 1182 2463 mihi
1205 2440 1245 2463 ex
1269 2433 1495 2477 cognatorum!
1515 2429 1551 2459 ct
1573 2426 1760 2465 anticorum

393 2486 490 2519 clade
521 2487 736 2528 acciderunt,
770 2487 826 2521 cui
858 2488 910 2521 rci
943 2489 1127 2521 verborum
1165 2489 1256 2523 ratio
1290 2492 1324 2523 et
1355 2485 1489 2522 dicendi
1526 2495 1607 2519 usus
1632 2485 1756 2527 obstat.

391 2545 535 2580 Acutius
557 2545 643 2580 vidit
663 2546 820 2589 Cortius,
843 2558 947 2590 quem
971 2558 1089 2581 omnes
1111 2557 1245 2582 errasse
1266 2550 1428 2594 arguunt,
1451 2545 1651 2579 necessariis
1674 2555 1757 2578 neu—

390 2608 444 2639 tro
466 2616 592 2650 genere
613 2606 763 2649 positum
787 2605 871 2649 esse,
896 2612 933 2642 ut
951 2607 1187 2651 praedicatum
1203 2609 1296 2642 clare
1319 2604 1473 2642 ostendit.
1520 2603 1618 2637 Licet
1639 2606 1755 2636 antem

390 2665 497 2699 verba
517 2666 674 2710 generali
695 2678 795 2700 sensu
819 2679 937 2703 omnes
960 2667 1167 2702 Adherbalis
1192 2669 1363 2710 rationes,
1386 2678 1475 2711 quae
1498 2662 1552 2705 iffi.
1574 2673 1654 2697 cum
1677 2662 1756 2697 aliie

387 2728 504 2767 orant,
537 2726 719 2770 complecti
752 2727 949 2769 videantur,
983 2731 1096 2762 tamen
1132 2726 1277 2766 dubium
1300 2735 1367 2762 non
1390 2726 1462 2767 est,
1493 2722 1576 2767 quin
1601 2723 1751 2756 maxime
