1826 3276
477 226 840 274 mGURTHA.
898 222 1035 268 cAP.
1065 220 1133 270 LI.
1410 223 1498 264 285

95 339 268 410 fer-tim,
314 363 463 410 neque
506 347 554 393 in
598 361 738 392 unum
782 340 880 389 sese
915 340 1222 402 recipiebant,
1266 339 1350 386 sed
1384 341 1495 386 alius

96 451 186 496 alio
223 446 363 509 quam
406 428 618 492 maxume
661 441 840 488 divorsi.
913 440 980 484 Ita
1015 418 1203 496 numero
1247 439 1422 500 priores
1459 441 1536 497 sifi

98 548 157 594 ab
191 543 511 609 persequendo
546 541 687 587 hostis
719 539 950 584 deterrere
995 537 1315 596 nequiverant,
1361 537 1498 583 disie-

67 660 70 662 ’
98 652 196 692 ctos
231 645 290 690 ab
326 629 460 703 tergo
485 644 565 685 aut
595 637 808 683 lateribus
841 634 1277 688 circumveniebant3
1315 636 1381 680 sin
1408 652 1498 697 op-

98 743 335 806 portunior
370 740 510 800 fugae
546 735 672 781 collis
708 747 846 792 quam
861 769 864 771 .
882 731 1030 791 campi
1059 730 1261 789 fuerant,
1306 748 1359 777 ea
1389 749 1499 779 vero

101 839 303 888 consueti
338 834 643 890 *Numidarum
689 831 793 890 equi
838 829 983 876 facile=
1007 828 1123 873 inter
1160 830 1354 889 virgulta
1390 847 1498 876 eva-

24 984 26 986 ,
99 938 235 992 dere3
270 941 448 990 nostros
479 931 696 992 asperitas
734 934 780 973 et
814 927 1049 972 insolentia
1072 918 1176 971 ‘loci
1212 927 1446 976 retinebat.

237 1033 314 1080 LI.
382 1030 598 1078 Ceterum
626 1027 764 1072 facies
787 1026 924 1070 totius
952 1025 1109 1085 negoti
1133 1024 1279 1081 varia,
1315 1025 1502 1086 incerta,

101 1131 240 1178 foeda
274 1136 410 1190 atque
446 1125 731 1177 miserabilis;
766 1123 957 1184 dispersi
993 1138 1020 1166 a
1054 1123 1143 1167 suis
1178 1138 1285 1184 pars
1322 1125 1503 1183 cedere,

103 1230 179 1276 alii
222 1228 420 1287 insequi,
466 1240 615 1285 neque
662 1223 790 1284 signa
833 1236 985 1281 neque
1023 1221 1203 1266 ordines
1245 1221 1503 1284 observare,

43 1421 46 1423 ‚
103 1373 302 1411 Palmeriue
323 1372 420 1407 enim
443 1370 626 1416 coniungit
651 1380 695 1404 ea
719 1368 873 1403 consueti
895 1367 920 1401 i.
944 1378 976 1402 e.
1000 1367 1045 1402 ad
1068 1378 1128 1402 eas
1151 1379 1208 1402 res
1231 1369 1384 1413 assueti,
1413 1370 1507 1415 quod

104 1447 216 1482 neque
236 1434 548 1477 structuramque
569 1430 743 1466 sententia
766 1429 1044 1464 commendatur.
1092 1428 1275 1473 Bipontini
1294 1432 1339 1465 ad
1364 1444 1406 1466 ea
1425 1443 1509 1477 sup·

66 1498 70 1503 '
103 1491 200 1544 pleat
223 1498 312 1539 loca,
336 1506 428 1540 quae
449 1492 582 1538 ellipsis
604 1503 627 1527 a
649 1492 856 1527 Latinorum
881 1502 946 1525 usu
970 1489 1076 1534 plane
1100 1490 1217 1525 aliena
1238 1496 1300 1527 est.
1350 1493 1510 1540 Langius

107 1571 192 1597 vero
214 1556 378 1603 imperite
401 1568 444 1591 ea
461 1555 561 1590 ‘idem
584 1564 660 1588 esse
682 1553 801 1587 dicens
825 1552 919 1596 quod
943 1563 1004 1593 eo,
1035 1551 1188 1596 explicat
1219 1553 1256 1587 in
1281 1565 1359 1588 cum
1383 1556 1508 1590 locum.

110 1619 238 1656 Melior
270 1618 328 1653 his
362 1617 526 1652 omnibus
558 1614 670 1650 Cottii
698 1612 888 1658 sententia,
921 1613 983 1658 qui
1009 1616 1107 1648 recte
1129 1613 1220 1649 vidit
1243 1626 1287 1650 ea
1309 1616 1511 1662 significare

110 1694 155 1719 eu
177 1683 238 1717 viu
258 1681 317 1716 vel
337 1683 462 1726 parte,
496 1687 605 1722 quam
626 1674 725 1710 vocis
748 1674 956 1719 potestatem
978 1673 1236 1710 illustravimus
1259 1677 1305 1712 ad
1327 1690 1358 1714 c.
1385 1680 1511 1722 xvnl,

110 1744 146 1779 2.
178 1747 214 1779 et
247 1739 450 1782 XXXVIII,
476 1738 512 1773 6.
569 1736 822 1781 Coniungenda
849 1739 903 1770 est
933 1738 1055 1770 autem
1084 1736 1213 1772 vocula
1242 1749 1326 1772 cum
1361 1741 1512 1777 evadere

111 1806 239 1847 verbo,
269 1803 321 1839 ita
344 1806 384 1838 nt
406 1799 562 1835 consueti
585 1797 744 1833 absolute
773 1796 928 1841 positum
951 1795 1020 1838 sit,
1049 1795 1126 1841 ipso
1149 1798 1400 1835 sententiarum
1419 1813 1514 1838 nexu

112 1865 312 1908 indicante,
345 1872 452 1908 quam
476 1871 551 1895 rem
575 1862 781 1893 consuetam
803 1857 1004 1893 habuerint.
1059 1857 1148 1892 Vero
1171 1862 1291 1894 autem
1313 1873 1396 1897 cum
1420 1874 1516 1899 asse-

113 1909 297 1968 vetatione
318 1922 472 1970 positum
507 1921 603 1956 valet
634 1919 680 1956 ed
709 1930 833 1954 vocem
856 1919 1012 1954 cbusueti
1043 1919 1339 1963 confirmandam,
1369 1924 1429 1959 cni
1451 1937 1516 1971 po-

114 1987 234 2024 tentati
256 1987 377 2032 aliqua
409 1986 504 2019 certe
535 1994 580 2017 ex
610 1983 712 2027 parte
743 1979 975 2015 vernaculum
1007 1982 1145 2027 gen-ade
1167 1985 1377 2029 respondet3
1412 1987 1459 2024 cf,
1483 1999 1515 2023 c,

113 2048 234 2089 tvm,
255 2047 292 2084 3.
340 2046 395 2081 Ibi
424 2056 506 2080 vero
530 2041 742 2089 (Romani)
773 2042 938 2076 virtutem
970 2043 1162 2079 ostendere.
1188 2045 1323 2090 XCIV,
1347 2046 1382 2081 3.
1409 2048 1516 2084 catil,

115 2109 208 2153 LXI,
232 2109 267 2145 1.
291 2118 327 2143 v.
350 2107 530 2143 Kuehner.
553 2106 597 2142 ed
621 2105 695 2140 Cic.
720 2103 850 2138 Tusco.
873 2103 920 2147 Il,
944 2102 981 2147 5,
1006 2103 1065 2142 13.
1081 2124 1125 2130 —
1141 2106 1214 2140 Pro
1237 2107 1412 2145 retinebat
1435 2110 1515 2145 cod,

40 2176 42 2180 ’
115 2171 225 2206 Ber-n.
246 2170 281 2205 1.
305 2180 349 2205 cx
372 2168 644 2215 interpolatione
666 2165 775 2202 habet
797 2165 971 2206 retinere3
994 2166 1139 2202 Eccard.
1164 2167 1237 2202 alio
1259 2169 1366 2205 modo
1389 2182 1516 2217 pecea-

119 2231 172 2267 vit
192 2230 360 2267 exhibens
381 2230 591 2266 retinebant.

213 2291 270 2326 m.
295 2293 328 2336 §.
352 2291 387 2327 1.
396 2295 433 2328 et
452 2291 488 2328 2.
537 2291 676 2327 ordines
699 2287 899 2333 observare]
927 2288 1135 2333 Observare,
1159 2302 1374 2337 quamquam
1396 2293 1434 2328 in
1456 2305 1519 2330 ea-

121 2354 201 2388 dem
222 2365 268 2396 re,
284 2351 392 2388 etiam
414 2363 556 2389 servare
585 2351 656 2387 dici
687 2350 874 2395 potuisset,
908 2353 1028 2385 tamen
1056 2352 1103 2387 ab
1125 2352 1197 2387 hoc
1219 2354 1442 2399 aliquantum
1465 2355 1521 2390 di-

119 2425 261 2450 versum
284 2417 357 2457 est3
379 2424 522 2449 servare
545 2413 640 2448 enim
661 2412 868 2458 simpliciter
889 2412 1067 2458 significat
1090 2419 1229 2456 tenere,
1259 2426 1329 2449 non
1354 2416 1521 2452 excedere

121 2468 164 2512 ex
179 2474 359 2511 ordinibus
372 2502 381 2519 ,
406 2475 590 2510 observare
621 2477 745 2509 contra
766 2478 818 2509 est
839 2478 957 2509 mente
979 2477 1085 2518 atque
1107 2474 1219 2510 oculis
1242 2475 1345 2519 quasi
1367 2476 1521 2512 defixum

121 2548 198 2572 esse
220 2537 258 2583 in
280 2535 440 2581 aliquam
462 2547 560 2579 rem,
592 2546 637 2570 ne
667 2534 750 2580 quid
774 2535 1001 2582 negligatur,
1033 2535 1128 2580 quod
1151 2537 1198 2572 ad
1221 2546 1302 2572 eum
1327 2537 1522 2582 pertineet3

122 2598 171 2635 ci.
198 2609 228 2632 c.
261 2598 416 2641 LXXX,
440 2597 477 2632 2.
526 2597 703 2642 Iugurtha
741 2597 1000 2633 multitudinem
1029 2599 1243 2643 consuefacit
1273 2599 1383 2646 signu
1413 2601 1522 2646 sequi,

122 2659 307 2704 imperium
338 2660 596 2694 observare.
652 2657 806 2693 Omnino
849 2658 944 2694 enim
981 2659 1170 2694 tenendum
1203 2663 1258 2695 est
1272 2685 1284 2705 ‚
1326 2662 1522 2706 compositu

123 2721 234 2755 verba
258 2730 436 2765 nunquam
458 2720 564 2764 plane
586 2718 801 2764 simplicium
823 2723 1030 2764 potestatem
1048 2721 1195 2765 habere,
1217 2722 1313 2767 quod
1334 2722 1424 2758 bene
1446 2735 1523 2758 mo-

124 2781 202 2817 nuit
223 2781 401 2816 Kuehner.
425 2781 472 2816 ed
496 2781 570 2816 Cic.
595 2781 724 2817 Tusce.
748 2781 777 2824 l,
790 2781 850 2825 16,
868 2780 926 2816 36.
952 2780 1094 2820 Weber.
1115 2783 1319 2820 Exercitatt.
1344 2784 1430 2830 styli
1446 2785 1524 2820 Lat.

44 2845 66 2903 “¹
125 2842 258 2896 3'0131.
283 2854 317 2886 p.
335 2841 418 2877 132.
442 2854 475 2878 n.
491 2841 606 2878 45.-
623 2842 692 2876 Ubi
712 2854 879 2888 quemque
900 2844 1091 2887 periculum
1114 2851 1301 2891 ceperat
1325 2850 1421 2881 recte
1444 2857 1526 2880 cen-
