1826 3276
410 177 770 222 IUGURTHA.
803 177 933 222 GAP.
965 175 1222 222 LXXVIIL
1436 182 1524 224 4⁰9

131 287 209 341 ubl
243 311 298 341 ea
330 295 595 358 impetrata,
637 310 817 357 semper
856 295 965 340 boni
1009 294 1258 354 fidelesque
1299 310 1523 353 mansere,

133 397 178 438 et
223 387 382 439 cuncta
439 410 466 439 a
513 393 665 439 Bestia
679 427 692 450 ,
743 390 914 437 Albino
967 391 1251 452 Metelloque
1303 392 1525 455 imperata

129 505 244 536 nave
286 491 502 549 fecerant,
579 491 738 550 ltaque
789 490 848 533 ab
890 490 1166 550 imperatore
1216 490 1350 538 facile
1403 494 1558 551 quae4

128 585 347 649 petebant
397 587 577 655 adepti,
625 593 671 633 et
717 587 878 631 missae
933 601 988 631 eo
1042 586 1256 633 cohortes
1300 589 1524 651 Ligurum

130 691 362 745 quattuor,
401 691 448 730 et
481 685 534 731 C.
570 685 742 731 Annius
776 683 1046 745 praefectus.

213 844 222 851 .
265 781 517 830 LXXVIII.
587 782 642 827 ld
688 780 912 843 oppidum
952 781 1011 826 ab
1050 780 1246 828 Sidoniis
1293 784 1524 831 conditum

126 901 191 926 rae
220 890 452 936 discrepantia
482 890 675 936 plurimam
710 890 820 925 fidem
851 900 990 924 merere
1021 889 1181 934 videtur-3
1220 901 1303 927 nam
1337 894 1431 937 quod
1459 895 1526 930 alii

126 951 228 986 codd.
251 952 385 988 habent
407 954 493 988 navi
505 961 525 998 ‚¹
550 952 614 988 alii
636 963 755 998 gaave
780 950 890 996 (uude
912 962 1008 987 nova
1031 952 1281 997 depravatione
1303 953 1341 988 in
1368 955 1465 990 Vrat.
1490 955 1526 992 2.

126 1013 261 1048 factum
283 1017 336 1049 est
361 1014 514 1060 ignave,
549 1012 586 1048 in
614 1013 735 1048 Guelf.
762 1013 795 1048 1.
828 1013 963 1059 grave)
997 1014 1059 1048 alii
1083 1015 1247 1056 naviter,
1269 1015 1336 1050 alii
1359 1018 1527 1061 gnaviter

127 1076 190 1109 aut
209 1075 392 1121 gnoiter,
429 1075 466 1110 id
497 1074 670 1109 eiusmodi
703 1078 774 1118 est,
809 1078 848 1109 ut
871 1074 1013 1110 facilius
1037 1075 1159 1110 credas
1181 1076 1249 1110 has
1270 1076 1459 1112 varietates
1481 1090 1526 1113 ex

125 1145 219 1171 nave
240 1139 336 1171 ortas
358 1147 452 1179 esse,
485 1147 594 1180 quam
616 1136 708 1170 hanc
730 1135 987 1170 inusitatiorem
1010 1137 1166 1172 formam
1193 1137 1240 1171 ab
1262 1137 1527 1183 interpolatori-

125 1195 194 1231 'bus
216 1195 254 1231 in
275 1197 395 1232 locum
418 1197 565 1232 notioris
588 1196 752 1231 vocabuli
784 1208 860 1230 esse
890 1197 1126 1233 substitutam.
1172 1199 1227 1234 Ad
1260 1198 1330 1233 hoc
1352 1211 1442 1234 nave
1466 1211 1526 1235 su-

125 1261 301 1294 stentatur
324 1259 533 1294 auctoritate
552 1259 740 1293 meliorum
766 1258 879 1300 codd,
902 1262 942 1293 ut
974 1259 1146 1294 Commel.
1170 1260 1258 1294 Naz.
1285 1261 1369 1296 Bas.
1394 1262 1427 1296 1.
1443 1262 1527 1297 Sen.
1579 1257 1587 1263 ⁸

127 1321 162 1356 1.
184 1315 282 1356 Leid.
298 1321 338 1358 L.
357 1319 468 1355 Paris.
491 1332 522 1354 c.
546 1332 580 1354 x.
603 1323 640 1354 et
664 1331 695 1355 z.
723 1331 772 1354 m.
796 1311 879 1361 sec„
903 1331 946 1354 ac
965 1323 1147 1364 praeterea
1167 1322 1360 1356 multorum
1380 1322 1525 1368 Palatt„

126 1380 413 1423 wandatorum,
437 1380 692 1424 Riviauorum‚
726 1380 824 1416 Leid.
850 1381 903 1415 Μ.
928 1381 1049 1415 Guelf.
1073 1382 1108 1416 1.
1133 1381 1213 1417 Vin.
1235 1382 1270 1416 1.
1295 1386 1330 1417 et
1352 1383 1461 1419 Fabr.
1487 1384 1525 1419 2.

126 1441 264 1478 curtim
287 1443 372 1477 nava·
403 1441 564 1487 scripsit,
596 1443 687 1487 quod
721 1453 783 1487 per
806 1453 844 1476 se
874 1453 945 1477 non
966 1443 1060 1477 foret
1082 1442 1355 1488 improbandum
1370 1469 1381 1490 ,
1412 1444 1443 1479 si
1466 1457 1526 1480 co-

126 1501 244 1538 dicum
267 1502 478 1539 auctoritate
500 1503 586 1538 satis
607 1503 802 1539 stabilitum
827 1507 928 1538 esset.
952 1521 998 1528 ——
1026 1502 1111 1537 Post
1132 1504 1255 1549 adepti
1286 1506 1392 1551 pauci
1414 1518 1527 1552 neque

127 1563 156 1598 ii
178 1563 302 1608 optimi
325 1564 411 1599 libri
434 1564 566 1599 addunt
588 1570 680 1606 sunt,
705 1575 775 1609 quo
801 1575 871 1599 non
895 1566 948 1599 est
970 1575 1070 1608 opus.
1091 1585 1138 1590 —
1162 1567 1210 1601 Et
1233 1567 1363 1603 missae
1387 1579 1426 1603 eo
1449 1569 1525 1603 edi-

127 1624 244 1659 dimus
273 1637 316 1660 ex
347 1626 433 1660 satis
461 1626 734 1661 commendabili
763 1625 964 1661 coniectura
995 1626 1171 1661 Muelleri.
1226 1628 1321 1663 Nam
1352 1629 1390 1664 in
1423 1631 1524 1667 codd.

127 1687 304 1731 plerisque
341 1691 394 1722 est
436 1688 582 1723 emissae
613 1699 675 1731 eo,
713 1687 1012 1732 quemadmodum
1041 1687 1150 1722 etiam
1181 1689 1323 1725 Cottius
1353 1693 1389 1726 et
1426 1691 1526 1726 (ἔοι-1.

126 1747 348 1792 scripserunt.
394 1747 463 1783 Sed
494 1748 651 1787 emittere
667 1748 720 1782 ‘in
752 1748 819 1782 tali
849 1748 1020 1783 sententia
1047 1750 1143 1784 nullo
1167 1751 1276 1786 modo
1298 1751 1369 1786 dici
1391 1755 1525 1797 potest;

127 1819 241 1853 neque
272 1808 405 1854 aliquid
438 1809 572 1844 faciunt
602 1810 646 1844 ad
679 1810 866 1855 vulgatam
888 1809 1142 1845 defendendam
1172 1811 1270 1847 Livii
1293 1813 1476 1857 exempla,
1499 1823 1525 1848 a

18 1841 22 1845 v
76 1878 79 1881 ⁴
127 1870 417 1905 Drakenborchio
446 1871 492 1905 ad
515 1872 551 1914 1,
576 1871 646 1914 32,
669 1871 728 1908 14.
762 1871 939 1916 ascripta,
970 1872 1070 1906 velut
1090 1872 1158 1915 IV,
1181 1873 1240 1916 18,
1257 1872 1291 1907 7.
1343 1873 1444 1916 Quod
1465 1873 1527 1908 uln'

129 1931 330 1976 conspexit,
355 1932 487 1976 primos
525 1932 655 1977 equites
689 1935 844 1969 clamore
881 1935 1019 1968 sublato
1051 1934 1099 1968 in
1141 1934 1315 1970 hostem
1355 1935 1492 1970 emisi
1499 1939 1526 1971 t.

129 1992 264 2035 XXIV,
287 1990 355 2034 15,
378 1992 413 2027 6.
463 1993 552 2027 Tum
587 2005 689 2040 eques
722 1997 829 2032 etiam
862 1996 912 2030 in
940 1996 1112 2030 hostem
1155 1996 1356 2031 emissus.
1385 1996 1471 2032 ibid.
1494 2008 1524 2032 c.

127 2052 186 2096 34,
213 2052 248 2088 8.
295 2053 518 2088 Archimedes
550 2053 593 2088 in
624 2067 766 2091 naves
796 2068 886 2091 saxa
911 2057 1171 2092 emittebat.
1200 2057 1361 2099 xxvlu,
1385 2056 1444 2098 14,
1468 2057 1525 2092 10.

130 2115 336 2160 Equitatum
365 2126 499 2151 omnem
533 2119 701 2163 extemplo
731 2118 777 2152 in
819 2119 1003 2163 equites
1035 2118 1214 2160 emisit5
1247 2121 1348 2163 patet
1370 2117 1464 2152 euim
1488 2117 1525 2152 iu

129 2175 188 2210 his
217 2173 306 2209 locis
337 2176 494 2212 emittere
526 2177 571 2212 de
601 2178 646 2214 iis
669 2178 761 2222 dici,
796 2190 886 2224 quae
921 2182 1025 2214 antea
1057 2180 1159 2224 quasi
1181 2181 1302 2214 clausa
1324 2189 1366 2214 ac
1390 2182 1527 2214 retenta

129 2235 227 2272 iussu
248 2240 389 2281 repente
410 2243 640 2284 prorumpant
663 2243 699 2275 et
721 2251 803 2275 cum
827 2240 864 2275 vi
888 2240 1034 2276 irruant.
1081 2242 1182 2277 Nihil
1204 2240 1334 2276 certius
1364 2244 1462 2285 petas
1482 2252 1526 2276 ex

131 2297 240 2333 variis
261 2297 374 2332 nostri
395 2298 464 2332 loci
488 2299 689 2344 scriptur-in
721 2312 803 2335 nam
827 2301 864 2334 in
887 2301 985 2336 Leid.
1011 2302 1051 2336 C.
1077 2303 1122 2338 F.
1146 2303 1189 2338 N.
1212 2304 1296 2338 Bas.
1319 2301 1355 2336 4.
1379 2305 1415 2336 et
1437 2302 1524 2337 Tur.

130 2359 166 2394 1.
187 2362 241 2393 est
264 2359 410 2394 emissae
433 2366 540 2396 sunt
563 2373 624 2403 eo,·
645 2362 682 2396 in
706 2363 823 2397 Guelf.
846 2362 881 2397 3.
911 2363 1080 2398 missae
1104 2375 1168 2406 σος
1196 2364 1234 2399 iu
1256 2363 1335 2397 Vin.
1359 2363 1393 2397 1.
1415 2363 1524 2398 Fabr.

129 2420 166 2455 2.
189 2419 286 2455 Leid.
313 2420 356 2454 G.
382 2421 430 2454 H.
455 2433 495 2456 eo
518 2423 704 2464 missae3
734 2422 771 2457 in
796 2424 902 2458 Bern.
926 2422 961 2457 1.
991 2436 1115 2469 eoque
1151 2425 1350 2467 missae,
1383 2424 1421 2459 in
1444 2424 1524 2469 qui-

130 2481 197 2516 bus
221 2481 383 2516 omnibus
405 2482 496 2516 nihil
521 2486 589 2525 est,
623 2495 665 2518 ex
695 2495 766 2528 quo
790 2495 1002 2530 cognoscas,
1037 2485 1129 2519 unde
1153 2486 1299 2521 emissae
1322 2490 1439 2522 ortum
1464 2487 1523 2523 sit.

130 2543 251 2587 Quare
274 2543 337 2578 his
354 2543 525 2586 dimissis,
547 2555 623 2578 rem
646 2555 712 2579 acu
735 2545 892 2591 tetigisse
913 2549 1078 2591 putamus
1101 2546 1336 2591 Muellerum,
1361 2548 1422 2592 qui
1445 2560 1523 2583 mo-

131 2603 257 2638 loetum
280 2604 371 2638 illud
395 2616 414 2639 e
437 2616 479 2639 ex
495 2610 530 2640 et
559 2609 681 2640 natum
704 2617 781 2640 esse
803 2606 972 2649 coniecit,
1008 2618 1079 2652 qua
1111 2608 1241 2653 copula
1271 2609 1434 2644 restituta
1455 2620 1525 2644 non

133 2664 249 2699 solum
272 2665 462 2700 difficultas
483 2666 521 2700 in
545 2667 654 2701 verbo
678 2667 796 2711 posita
829 2669 1026 2711 evanescit,
1051 2669 1112 2703 sed
1142 2669 1249 2705 etiam
1273 2670 1524 2705 sententiarum

132 2735 241 2760 naus
273 2726 355 2761 talis
387 2725 543 2769 exsistit,
577 2726 692 2771 qualis
723 2727 828 2763 Catil.
863 2729 968 2774 xlx,
1002 2729 1038 2765 2.
1064 2730 1236 2771 habetur,
1271 2731 1333 2767 ubi
1357 2735 1391 2768 et
1414 2730 1525 2776 expli-

133 2785 233 2821 candi
256 2789 425 2832 potestate
447 2788 599 2833 positum
622 2788 889 2826 illustravimus.
