1826 3276
413 169 779 221 1.UGURTHA.
841 169 979 215 CAP.
1008 168 1185 213 LXVII.
1407 173 1495 214 863

245 288 431 335 LXVII.
501 289 695 334 Romani
738 288 924 346 milites,
969 286 1213 348 improviso
1255 292 1379 332 metu
1423 287 1493 332 in-

109 386 219 431 certi
250 387 501 448 ignarique,
529 387 637 446 quid
672 386 966 448 potissumum
997 385 1211 442 facerent,
1245 384 1495 446 trepidare3

108 483 169 528 ad
198 499 350 528 arcem
385 484 569 545 oppidi,
609 484 687 530 ubi
724 484 851 544 signa
896 489 942 528 et
976 488 1100 528 scuta
1135 488 1283 540 eraut,
1322 483 1509 543 praesi-‘

53 578 58 582 ¹
108 580 231 626 dium
265 580 484 637 hostium3
519 574 680 642 portae
723 586 826 625 ante
862 580 1039 626 clausae
1077 580 1236 643 fugam
1275 580 1495 641 prohibe—

109 759 177 796 tita
210 764 460 807 cong-esserunt
492 760 692 796 Gronovius
727 762 762 796 et
791 760 1057 795 Drakenborch.
1091 760 1137 796 ad
1160 761 1305 806 XXVII,
1330 760 1365 804 l,
1387 760 1429 803 83
1454 772 1497 795 ex

107 821 235 866 quibu·
257 823 418 857 omnibus
449 825 546 867 patet
577 822 755 867 trepidare
776 833 918 867 semper
937 822 1162 858 intransitivo
1193 835 1294 858 sensu
1317 822 1410 856 idem
1434 833 1499 857 va·-

108 884 182 918 lere
204 887 308 929 atque
329 884 366 918 in
391 883 623 928 trepidatione
645 895 739 927 esse,
771 889 951 928 nunquam
974 887 1093 918 autern
1117 883 1318 930 sig-nificare
1344 895 1419 918 cum
1437 885 1498 927 fe-

105 945 293 980 stinatione
315 946 466 990 aliquem
489 945 599 979 locum
621 949 752 989 petere.
787 944 942 980 Fallitur
964 944 1058 979 enim
1080 944 1232 988 Curtius,
1255 945 1317 990 qui
1339 945 1384 980 ad
1407 945 1501 979 hano

106 1007 312 1042 mutantium
334 1005 555 1051 probandam
577 1006 635 1040 his
658 1006 751 1041 Livii
774 1005 862 1041 locis
885 1006 1013 1042 utitur:
1044 1007 1114 1049 IX,
1137 1005 1206 1048 3⁷,
1229 1005 1263 1041 9.
1313 1006 1410 1040 Alios
1431 1006 1498 1039 im-

107 1063 272 1110 mobiles,
304 1067 393 1102 alios
421 1068 662 1112 semisomnos,
704 1069 894 1102 maximam
925 1072 1064 1112 partem
1097 1068 1155 1102 ad
1187 1078 1313 1102 arma
1352 1067 1500 1111 trepi-

12 1147 16 1150 ·
49 1169 51 1171 ,
108 1128 275 1164 dantes
297 1128 422 1163 caedes
445 1128 633 1173 oppressit,
655 1140 746 1173 quae
767 1129 878 1164 verba
902 1129 1103 1175 significant
1134 1130 1258 1164 inter
1291 1130 1500 1174 trepida-

108 1188 276 1225 tionem
305 1201 408 1224 arma
436 1190 622 1235 capientes.
679 1190 719 1224 ln
761 1190 875 1224 altero
906 1194 1024 1225 antem
1054 1191 1134 1225 loco
1167 1191 1308 1235 XXIII,
1341 1190 1405 1234 16,
1439 1191 1499 1226 12.

110 1251 202 1285 Dum
231 1251 270 1286 in
298 1263 362 1286 sna
396 1251 538 1296 quisque
573 1251 767 1299 ministeria
811 1252 966 1286 discursu
1004 1252 1217 1297 trepidat
1254 1252 1312 1287 ad
1351 1252 1502 1297 prima

109 1311 285 1358 signa‚'
299 1312 512 1357 praepositio
535 1312 585 1346 ad
607 1323 675 1346 non
709 1315 826 1347 motus
849 1313 909 1346 sed
944 1311 1070 1356 qnietis
1103 1324 1242 1348 sensum
1256 1324 1260 1327 “
1275 1314 1383 1347 habet
1397 1339 1407 1355 ‚
1431 1313 1502 1346 hoc

108 1373 246 1409 dicente
271 1373 392 1408 Livio:
425 1374 509 1408 dum
541 1386 661 1409 omnes
693 1372 730 1407 in
754 1384 818 1408 sua
841 1372 1037 1408 ministeria
1070 1375 1295 1409 discurrendo
1320 1374 1502 1419 trepidant

109 1436 238 1481 apud
267 1436 414 1481 prima
455 1437 558 1482 sign
574 1447 609 1471 a.
656 1437 696 1470 In
726 1434 889 1468 Sallustii
921 1433 1033 1480 igitur
1058 1435 1174 1470 verbis
1197 1447 1310 1480 neque
1333 1434 1498 1479 loquendi

109 1507 194 1532 usus
225 1496 396 1541 permittit
423 1498 602 1542 trepidare
632 1498 680 1531 ad
704 1507 819 1531 arcem
844 1495 1032 1541 coniungi,
1064 1500 1100 1531 et
1124 1496 1287 1532 universa
1310 1496 1502 1531 sententiae

109 1558 200 1592 ratio
226 1556 312 1592 huic
339 1561 536 1592 structurae
566 1559 690 1593 obstat.
736 1558 827 1592 Nam
853 1568 960 1601 quum
984 1560 1108 1591 auctor
1140 1557 1259 1592 statim
1284 1561 1361 1602 post
1384 1559 1504 1592 narret

110 1629 276 1664 anceps
307 1619 439 1654 malum
465 1620 582 1654 caveri
603 1631 671 1654 non
693 1619 868 1664 potuisse,
902 1626 1044 1651 nec'esse
1075 1622 1126 1653 est
1155 1618 1193 1652 in
1216 1618 1427 1664 antegressis
1448 1618 1502 1653 ‹li-

111 1685 206 1715 ctum
234 1680 344 1714 fuisse
367 1680 411 1714 de
432 1679 498 1715 isto
522 1680 640 1722 malo,
677 1692 699 1715 a
722 1679 866 1714 diversis
889 1679 1047 1724 partibus
1070 1679 1230 1714 instante.
1279 1682 1413 1725 Anceps
1437 1690 1501 1714 an-

110 1746 184 1777 tem
211 1742 345 1776 malum
379 1753 420 1776 eo
452 1741 654 1786 constabat,
691 1741 784 1786 quod
817 1752 932 1785 neque
963 1740 999 1774 in
1023 1751 1140 1774 arcem
1163 1740 1318 1785 recipere
1341 1750 1378 1774 se
1400 1743 1502 1783 pote-

112 1806 210 1845 rant,
234 1801 410 1847 praesidio
430 1802 586 1837 hostium
610 1806 841 1847 occupatam,
873 1812 987 1846 neque
1013 1813 1053 1835 ex
1076 1802 1160 1836 urbe
1180 1804 1389 1847 profugere,
1419 1811 1502 1844 por-

111 1864 157 1900 tis
187 1869 269 1898 ante
291 1863 443 1899 clausis.
490 1863 604 1898 Aliter
633 1863 774 1908 quidem
799 1862 939 1898 eortius
964 1874 1092 1908 anceps
1113 1864 1245 1897 malum
1276 1861 1384 1896 fuisse
1406 1860 1502 1903 dicit,

111 1924 203 1969 quod
226 1929 301 1959 tum
323 1934 346 1959 a
368 1924 556 1960 coniuratis
571 1925 634 1970 (V.
656 1937 687 1958 c.
711 1924 832 1966 val,
855 1923 890 1959 3.
912 1923 968 1969 4.)
992 1928 1066 1958 tum
1091 1934 1112 1958 a
1133 1923 1340 1959 mulieribus
1361 1927 1397 1957 et
1419 1934 1504 1967 pue-

112 1985 162 2021 ris
185 1985 407 2029 immineret3
438 1985 542 2021 aliter
562 1986 670 2020 etiam
702 1985 857 2019 Weisius
870 2011 880 2029 ,
914 1985 975 2029 qui
1006 1986 1116 2020 refert
1140 1985 1186 2020 ad
1210 1986 1322 2020 solam
1345 1994 1502 2029 pugnam

78 2094 82 2096 q
111 2047 301 2082 mulierum
332 2059 374 2082 ex
398 2047 501 2082 tectis
525 2048 665 2082 aedium
687 2047 754 2081 sibi
775 2047 1010 2091 oppositarum
1040 2047 1183 2081 factam.
1228 2046 1299 2081 Sed
1322 2045 1503 2090 utriusque

114 2109 321 2144 sententiam
350 2109 481 2144 falsam
513 2121 588 2144 esse
619 2120 661 2143 ex
694 2119 737 2142 eo
774 2104 1005 2153 intelligitur,
1037 2107 1131 2151 quod
1160 2108 1269 2142 verba
1300 2118 1445 2152 neque
1478 2117 1504 2140 a

105 2161 320 2214 forti-'samis
341 2170 582 2215 infirmissumo
603 2170 728 2215 generi
748 2170 864 2205 resisti
882 2180 996 2214 posse,
1011 2169 1138 2212 quibus
1154 2168 1198 2203 ad
1219 2169 1325 2203 istam
1347 2179 1504 2213 pugnam

113 2230 313 2265 muliebrem
334 2231 538 2276 respicitur,
571 2242 632 2276 per
651 2230 906 2275 oppositionem
930 2230 1080 2264 discreta
1102 2234 1181 2264 sunt
1213 2230 1259 2264 ab
1283 2229 1346 2273 iis,
1378 2229 1504 2273 quibus

111 2291 156 2326 de
185 2291 330 2336 ancipiti
355 2294 450 2328 malo
470 2292 609 2330 dieitur.
654 2293 736 2327 Huc
763 2291 916 2334 accedit,
956 2291 1048 2336 quod
1091 2291 1306 2336 praesidium
1341 2290 1502 2332 hostium,

111 2353 343 2396 quao‘verba
375 2364 416 2388 ex
439 2352 582 2398 vulgari
610 2352 887 2398 interpunctione
916 2363 997 2386 cum
1031 2351 1254 2395 sequentibus
1275 2356 1398 2396 portae
1420 2355 1504 2386 ante

115 2414 258 2449 clausae
280 2413 526 2460 coniungenda
548 2417 647 2457 sunt,
679 2426 747 2449 non
771 2414 878 2449 modo
903 2413 1015 2449 otiosa
1038 2412 1220 2454 videntur,
1244 2412 1303 2446 sed
1327 2412 1436 2447 etiam
1457 2411 1504 2446 ad

94 2479 236 2520 *portas
257 2475 371 2510 relata
393 2475 654 2522 incommodum
677 2479 712 2510 et
736 2476 928 2518 obscurum,
948 2486 1087 2510 sensnm
1111 2474 1264 2516 habent3
1288 2484 1372 2508 nam
1393 2472 1503 2518 portis

114 2537 244 2571 clausis
283 2537 499 2582 praesidium
544 2535 632 2571 alibi
670 2547 778 2580 quam
812 2537 849 2571 in
879 2528 991 2581 pon-'tis
1026 2535 1155 2577 fuisse,
1186 2534 1292 2570 facile
1325 2534 1502 2570 coniicias.

114 2598 228 2633 Locus
259 2602 377 2633 autem
409 2598 460 2633 ita
493 2599 731 2632 conformatus
762 2601 834 2640 est,
866 2601 906 2632 ut
936 2597 1045 2631 verbo
1077 2596 1255 2641 trepidare
1289 2595 1504 2641 generaliter

113 2659 228 2704 posito
250 2671 314 2704 per
337 2664 453 2704 partes
475 2659 708 2694 subiicientur
731 2670 894 2702 caussae,
916 2670 979 2692 cur
1001 2657 1253 2703 trepidaretur,
1274 2656 1380 2701 idque
1401 2657 1504 2701 plane

114 2724 167 2755 est
182 2725 232 2755 ‘ex
254 2720 414 2756 Sallustii
438 2733 555 2763 more,
588 2721 633 2754 cf.
659 2720 704 2755 ad
729 2719 804 2754 eat.
829 2719 934 2761 XIII,
959 2718 992 2754 8.
1019 2722 1055 2754 et
1079 2719 1124 2754 ad
1146 2720 1226 2765 lug.
1249 2717 1444 2760 xxxvm,
1468 2717 1503 2753 3.

75 2793 78 2796 ’
117 2780 208 2817 Tres
231 2780 342 2827 igitur
363 2793 508 2818 caussae
530 2780 724 2827 trepidandi
747 2792 856 2826 quum
879 2780 1074 2817 afferantur
1087 2805 1099 2824 ‚
1123 2790 1236 2825 praes.
1260 2768 1352 2815 host]
1376 2779 1421 2815 ad
1444 2789 1502 2813 ar-
