1826 3276
486 161 847 220 IUGURTHA.
906 175 1128 220 mex.
1375 192 1379 196 v
1453 180 1513 223 ω

106 298 256 341 aetate
289 300 336 340 et
374 293 595 354 sapientia
639 293 766 353 prior
785 312 792 330 ν
811 308 859 340 es
872 325 886 349 ‚
928 307 988 339 ne
1022 292 1150 337 aliter
1185 292 1297 352 quid
1332 293 1508 339 eveniat

102 391 350 453 providere
394 391 551 444 decet3
597 405 702 435 nam
740 390 785 434 in
831 390 955 436 omni
994 390 1234 436 certamine
1269 390 1347 450 qui
1382 406 1503 451 opu-

98 467 264 535 lentior
308 495 415 547 est,
471 488 645 533 etiamsi
686 487 852 548 accipit
906 488 1136 545 iniuriam,
1199 494 1351 532 tamen
1395 487 1502 548 quia

31 577 33 580 Α
98 586 203 648 plus
238 591 413 647 potest,
457 586 608 630 faeere
645 584 832 631 videtur.
903 585 997 630 Vos
1037 591 1187 636 autem
1203 619 1217 642 ‚
1263 585 1537 632 Adherbale

97 690 144 729 et
185 682 453 744 Hiempsal,
500 682 658 736 colite,
705 682 943 726 observate
988 682 1126 726 talem
1175 681 1297 727 hunc
1344 683 1503 740 virum,

95 779 329 830 imitamini
360 779 595 836 virtutem,
631 784 677 830 et
713 778 947 830 enitImini‚
984 793 1043 823 ne
1078 793 1168 840 ego
1204 779 1411 825 meliores
1446 781 1502 825 li-

90 879 228 924 beros
257 878 500 938 sumpsisse
535 875 714 932 videar,
748 891 885 936 quam
919 876 1144 938 genuisse.

87 1012 184 1058 Aug.
206 1011 403 1054 Matthiae,
437 1010 513 1056 quil
535 1011 580 1045 nd
611 1011 685 1047 Cic.
709 1021 760 1046 or.
796 1010 832 1045 in
859 1010 964 1046 Catil.
997 1012 1060 1057 111,
1096 1011 1131 1048 9.
1159 1011 1218 1046 22.
1248 1022 1281 1056 p.
1306 1010 1387 1046 160.
1412 1012 1500 1055 „ubi

87 1072 228 1114 Latini,
259 1073 393 1118 inquit,
426 1083 591 1108 caussam
625 1072 732 1116 plane
765 1075 799 1106 et
833 1071 964 1106 diserte
996 1072 1148 1118 exprimi
1179 1072 1328 1116 volunt,
1361 1084 1501 1118 semper

89 1133 314 1169 coniunctivo
338 1137 417 1179 post
439 1135 499 1180 qni
522 1137 692 1175 utuntur;
723 1133 783 1168 sed
818 1144 887 1167 non
922 1145 1063 1178 semper
1096 1145 1235 1168 necesse
1259 1138 1310 1169 est
1334 1146 1497 1171 caussam

89 1195 223 1230 diserte
245 1195 417 1240 exprimi,
441 1200 481 1232 ut
495 1196 652 1242 Philipp.
677 1195 740 1235 111,
756 1195 792 1237 6,
811 1194 866 1229 14.
892 1195 923 1229 si
938 1195 997 1229 ille
1013 1196 1150 1237 consul,
1181 1197 1402 1238 fustuarium
1424 1209 1498 1232 me·-

86 1261 231 1297 ruenmt
254 1257 432 1303 legiones,
465 1258 543 1303 qui
573 1257 746 1292 consulem
780 1256 874 1290 reli
883 1262 1080 1302 querunt
1090 1268 1104 1298 ,-
1140 1258 1327 1292 sceleratus
1352 1258 1499 1300 Caesar,

85 1319 221 1353 Brutus
255 1319 442 1362 aesarius,
482 1319 561 1364 qui
598 1323 721 1354 contra
758 1319 930 1353 consulem
961 1319 1103 1363 privato
1147 1319 1289 1353 consilio
1327 1320 1498 1356 exercitus

85 1386 508 1425 comparaverunt,·
538 1381 700 1416 membra
735 1390 827 1424 quae
857 1391 880 1414 a
912 1381 972 1425 qm·
995 1379 1169 1424 incipiunt
1199 1389 1360 1415 caussam
1382 1380 1497 1416 conti-

84 1452 169 1476 nere
191 1445 342 1486 apparet
357 1466 370 1484 ,
407 1453 472 1476 cur
502 1441 557 1476 illi
583 1440 745 1476 scelerati
769 1453 812 1477 ac
837 1440 966 1476 nefarii
990 1439 1235 1484 appellentur,
1260 1442 1319 1476 sed
1342 1453 1411 1476 non
1435 1454 1495 1476 ne-

84 1513 182 1538 cesse
196 1502 336 1547 putavit
361 1502 484 1538 Cicero
508 1503 546 1539 h.
570 1503 596 1538 1.
626 1514 787 1538 muscam
813 1500 1052 1549 significare.‘'
1077 1501 1123 1534 cf.
1144 1501 1252 1536 etiam
1275 1504 1493 1540 Ramshorn.

85 1563 246 1601 enum.
273 1564 352 1599 Lat.
384 1566 416 1607 ς.
443 1563 523 1599 194,
558 1565 592 1600 1.
620 1570 692 1600 not.
710 1564 744 1600 2.
770 1578 804 1610 μ.
838 1565 918 1600 612.
943 1582 989 1588 —
1024 1563 1075 1596 Es
1102 1567 1181 1606 post
1208 1553 1307 1610 prm
1338 1566 1434 1601 deest
1457 1566 1494 1602 in

83 1625 162 1661 vat.
185 1624 223 1660 8.
250 1625 356 1670 idque
389 1625 580 1660 Gerlaehio
616 1626 652 1660 iu
678 1627 890 1661 Commentt.
928 1638 963 1670 p.
994 1624 1075 1660 227.
1100 1636 1168 1659 non
1202 1629 1494 1664 contemnendum

84 1685 234 1720 videtur.
283 1685 354 1720 Sed
378 1686 505 1721 merito
538 1688 576 1721 in
610 1688 664 1721 ed.
689 1687 826 1722 minore
850 1687 1023 1722 iudicium
1046 1686 1221 1731 mutavit,
1244 1701 1353 1733 quum
1379 1690 1495 1725 oratio

84 1745 160 1782 sine
183 1746 293 1781 verbo
316 1746 441 1783 hiulca
463 1750 570 1792 atque
593 1759 717 1793 aspera
742 1749 817 1784 fiat.
839 1769 877 1775 -
908 1749 1002 1792 Quid
1035 1751 1113 1793 post
1137 1750 1243 1784 aliter
1265 1750 1303 1784 in
1326 1751 1434 1787 Fabr.
1459 1751 1495 1788 2.

69 1794 120 1842 ,a
150 1807 271 1843 Guelf.
296 1806 333 1842 ὅ.
366 1808 484 1851 deest,
515 1820 602 1852 quos
636 1821 819 1855 perperam
845 1815 982 1844 secutus
1007 1814 1060 1845 est
1083 1810 1290 1846 Muellerus.
1337 1812 1429 1850 Nam
1454 1816 1493 1848 ut

82 1872 224 1904 taceam
247 1868 464 1903 relieuorum
489 1870 590 1903 codd.
607 1871 766 1906 omnium
791 1871 1036 1906 auctoritatem
1058 1872 1232 1916 potiorem
1247 1882 1323 1905 esse
1344 1871 1493 1914 duobus,

81 1941 203 1965 sensus
225 1928 303 1974 ipse
325 1941 518 1973 pronomen
540 1934 677 1975 tuetur,
702 1942 771 1975 quo
795 1935 958 1976 apertum
982 1937 1034 1968 est
1052 1931 1250 1980 significari
1273 1931 1492 1977 singularem

78 1991 241 2036 aliquem
265 1996 301 2026 et
322 1990 527 2035 pestiferum
561 2003 704 2035 casum,
738 2004 844 2038 quem
867 1994 1021 2029 maxime
1044 1995 1193 2030 timebat
1224 1993 1393 2039 Micipsa,
1419 1994 1492 2030 dis-

81 2052 214 2088 sidium
239 2053 413 2096 fratrum,
447 2052 598 2097 indeque
623 2058 741 2089 ortam
764 2054 921 2089 filiorum
956 2056 1229 2100 oppressionem.
1251 2074 1298 2081 —
1324 2057 1490 2101 Etiamsi,

80 2113 177 2159 quod
206 2114 244 2149 in
279 2114 357 2150 edd.
389 2113 556 2148 scribitur
587 2116 694 2150 etiam
721 2117 772 2158 si,
797 2128 860 2150 cur
884 2116 921 2150 in
946 2129 1055 2153 unum
1071 2117 1371 2161 contraxerimus,
1394 2122 1491 2163 patet

82 2186 127 2211 ex
149 2175 250 2212 dictis
275 2177 321 2214 nd
345 2176 422 2212 Cat.
449 2175 496 2218 11,
516 2175 549 2209 1.
574 2188 609 2220 p.
633 2177 692 2214 10.
717 2197 754 2202 —
788 2179 930 2217 Tamen,
956 2188 1027 2220 qua
1050 2177 1225 2221 particula
1249 2179 1371 2214 addita
1393 2181 1490 2215 haud

81 2237 203 2283 paullo
218 2242 370 2283 augetur
392 2236 431 2271 h.
460 2237 484 2273 l.
505 2237 668 2283 gravitas
691 2238 882 2279 orationis,
907 2238 1046 2272 Curtius
1068 2239 1138 2273 fide
1161 2241 1282 2276 Guelf.
1305 2241 1340 2277 2.
1368 2241 1488 2277 Senat.

81 2298 117 2335 l.
140 2302 176 2334 et
199 2297 324 2334 Franc.
348 2298 504 2342 expulit3
526 2299 586 2333 sed
602 2303 741 2344 praeter
763 2310 901 2335 sensum
925 2302 1066 2334 tuentur
1089 2300 1217 2337 relicui
1240 2302 1340 2336 codd.
1358 2313 1489 2347 omneS,

81 2371 127 2397 ac
149 2359 259 2395 simul
281 2358 449 2408 Quinctil.
472 2360 601 2394 Institt.
627 2372 679 2396 or.
703 2362 795 2403 Vlll,
816 2361 851 2403 5,
877 2361 908 2395 4.
934 2360 980 2395 cf.
1006 2361 1086 2406 lug.
1114 2363 1310 2406 Lxxxul,
1328 2365 1362 2399 1.

175 2423 209 2463 S.
233 2420 269 2455 8.
314 2420 440 2461 colite,
463 2421 658 2468 observate]
693 2423 836 2458 Fabrie.
854 2423 886 2457 1.
914 2422 1018 2457 Rem.
1036 2423 1068 2456 1.
1093 2423 1128 2459 2.
1153 2425 1226 2460 luc.
1244 2427 1278 2460 l.
1296 2426 1329 2461 2.
1361 2427 1439 2461 Vin.
1452 2427 1487 2462 2.

81 2481 206 2520 Su-uv.
232 2483 360 2517 Reuss.
385 2482 480 2517 Vrat.
511 2482 546 2516 2.
577 2484 612 2519 ὃ.
643 2485 752 2519 Acad.
778 2485 882 2519 Misn.
911 2484 1030 2519 Goerl.
1055 2484 1185 2520 Eichh.
1211 2498 1294 2521 cum
1316 2489 1492 2523 nonnullis

82 2543 163 2579 aliis
187 2548 221 2578 et
243 2543 422 2585 inserunt,
448 2555 519 2587 quo
546 2546 739 2581 sententiae
762 2546 816 2580 vis
840 2544 1083 2587 imminuitur,
1107 2548 1319 2593 gradatione
1339 2551 1490 2584 sublata.

84 2605 278 2639 Observare
309 2608 428 2639 autem
454 2606 627 2650 aliquem,
660 2611 700 2640 ut
724 2607 812 2641 bene
834 2606 954 2641 docuit
976 2606 1113 2642 Ludov.
1137 2609 1337 2646 Doederlin.
1354 2611 1389 2647 in
1416 2612 1486 2657 Sy-

81 2676 263 2710 nonymm.
289 2665 382 2701 batt.
407 2667 544 2701 v01.11.
568 2679 602 2712 p.
628 2667 697 2702 187
712 2680 777 2713 sq„
801 2668 930 2703 dicitur
953 2666 1003 2710 is,
1033 2668 1095 2713 qui
1119 2670 1212 2707 nihil
1235 2684 1358 2708 eorum
1382 2673 1488 2709 omit-

83 2726 128 2764 tit
150 2738 194 2764 ae
216 2727 380 2773 negligit,
403 2738 494 2772 quae
517 2727 623 2762 alteri
644 2730 783 2774 placere
808 2741 907 2775 posse
928 2728 1132 2775 videantur3
1156 2734 1238 2769 colit
1264 2734 1422 2780 aliquem
1446 2733 1488 2777 is,

84 2787 146 2834 qui
165 2791 308 2835 gratam
329 2788 363 2824 ei
386 2792 537 2834 praestat
561 2800 724 2836 operam,
749 2793 783 2828 et
805 2802 844 2826 re
867 2791 963 2836 ipsa,
987 2798 1155 2838 quantum
1178 2798 1310 2840 potest,
1327 2806 1409 2830 eum
1433 2794 1488 2830 iu-
