1826 3276
405 169 783 219 IUGURTHA.
842 168 972 212 GAP.
1000 166 1164 212 xvnl.
1395 171 1481 212 118

83 291 192 348 alia,
227 288 393 334 deinde
426 289 514 333 alia
547 289 649 335 loca
682 288 962 348 petiverant,
1006 290 1150 330 semet
1183 283 1272 344 ipsi
1302 284 1477 330 Noma—

81 387 162 433 das
195 387 502 448 appellavere.
571 385 787 431 Ceterum
821 384 975 430 adhuc
1015 381 1220 428 aedificia
1253 381 1514 429 Numida-8

80 500 181 530 rum
209 484 480 546 agrestium,
525 498 642 543 quae
677 483 873 543 mapalia
915 481 979 525 illi
1023 485 1186 526 vocant
1205 516 1218 541 ,
1261 479 1476 541 oblonga,

79 632 196 674 deest3
230 631 312 667 Sen.
335 631 371 666 1.
394 642 418 666 a
441 642 489 665 m.
513 642 581 667 sec.
604 630 714 666 habet
737 631 814 665 alia
837 628 963 665 deinde
996 622 1135 672 atque
1171 628 1271 670 alta,
1308 629 1478 672 quemad-

77 694 225 729 modum
248 697 284 728 et
304 692 342 727 iu
364 691 620 736 untiqquribus
641 690 720 726 edd.
743 694 779 725 et
801 690 838 725 in
862 687 1095 730 Gruteriana,
1129 688 1319 724 Wassiana
1341 694 1377 726 et
1401 691 1480 726 Ha*

79 765 258 799 vcrmmp.
284 753 421 788 editum
449 758 511 789 est.
544 754 615 788 Sed
647 752 787 787 Curtius
810 755 907 786 recte
929 749 1068 784 monuit
1091 753 1198 794 atque
1220 749 1379 794 glossam
1402 759 1479 785 esse

79 815 206 852 deinde
227 813 414 856 vocabuli,
446 825 489 848 ex
511 815 675 860 margine
697 813 733 847 in
756 816 890 848 textum
913 803 1076 852 illatam,
1111 821 1221 854 quum
1246 810 1410 846 usitatius
1432 811 1480 846 sit

79 863 154 912 alia
184 879 327 921 atque
357 875 432 910 alia
462 875 590 910 dicere.
647 875 840 910 Geminum
873 876 993 909 nostro
1024 872 1225 916 exemplum
1249 875 1301 907 est
1324 871 1420 906 infra
1443 884 1478 908 c.

76 937 246 981 xxxvl,
267 935 304 971 2.
330 936 506 983 Iugurtha
529 938 673 980 alias,
698 937 804 971 dein
817 936 870 970 de
894 935 1021 970 alias
1044 944 1164 984 morae
1179 944 1323 967 caussas
1339 936 1476 978 facere.

78 1019 126 1024 —
156 1000 272 1034 Semet
301 998 394 1042 ipsi
423 1001 536 1032 exstat
566 997 604 1032 iu
633 998 718 1034 Bas.
751 1000 784 1034 1.
809 999 916 1032 Fabr.
941 995 975 1030 1.
999 995 1036 1030 2.
1059 995 1154 1040 Teg.
1178 994 1275 1030 Laid.
1302 995 1343 1029 L.
1366 995 1412 1030 Β.
1436 995 1477 1029 C.

76 1062 122 1097 1).
140 1059 289 1096 Eccurd.
314 1058 434 1094 Guelf.
458 1058 493 1092 1.
515 1062 551 1094 et
573 1059 681 1094 Bern.
703 1060 741 1095 3.
765 1059 884 1094 Berol.
907 1057 943 1093 2.
967 1055 1082 1092 Paris.
1106 1057 1144 1093 b.
1166 1067 1197 1091 c.
1221 1067 1253 1090 x.
1277 1067 1309 1092 z.
1333 1059 1369 1090 et
1391 1055 1479 1090 Ein-

75 1121 196 1159 siedcl.
233 1118 374 1155 Relicui
404 1122 571 1154 consueta
600 1120 804 1156 diversitate
825 1124 933 1155 semet
963 1119 1099 1164 ipsos.
1131 1118 1172 1151 V.
1196 1117 1242 1152 ad
1266 1116 1372 1154 Catil.
1395 1118 1478 1159 XX,

76 1183 112 1219 6.
134 1195 168 1228 p.
191 1181 275 1218 100.
298 1200 344 1206 -
368 1181 555 1216 Nomadas
579 1181 791 1217 Gen-lachin:
825 1187 922 1216 recte
954 1179 1096 1224 scripsit
1126 1190 1170 1212 ex
1201 1177 1315 1213 Paris.
1349 1189 1381 1213 z.
1411 1188 1479 1223 pro

79 1244 274 1288 Numidas,
298 1242 392 1288 quod
414 1241 451 1276 in
473 1241 600 1276 ceteris
622 1242 786 1277 omnibus
809 1246 862 1277 est
885 1242 986 1277 codd.
1010 1241 1101 1276 Nam
1126 1241 1319 1275 immature
1349 1240 1480 1285 vulgu—

76 1310 152 1342 tam
182 1305 337 1340 formam
368 1303 431 1337 hic
459 1314 534 1338 esse
556 1303 716 1346 illatam,
739 1308 814 1339 tum
838 1314 880 1338 ex
896 1315 939 1339 eo
959 1306 1083 1347 patet,
1106 1302 1201 1346 quod
1224 1301 1414 1336 Sallustius
1436 1312 1480 1336 ex

77 1366 226 1403 Graecis
247 1363 466 1411 ἐτνμολογεῖ
483 1365 611 1411 (quam
637 1369 754 1408 recte,
777 1364 871 1400 nihil
893 1366 939 1400 ad
962 1365 1077 1407 rem),
1101 1367 1178 1399 tum
1202 1363 1295 1408 quod
1319 1362 1415 1398 infra
1439 1363 1476 1406 §-

75 1429 135 1464 11.
167 1431 291 1473 aperte
321 1427 479 1462 declarat
511 1427 749 1462 Numidarum
780 1438 909 1462 nomen
940 1427 1137 1462 mutatione
1159 1436 1235 1460 esse
1258 1429 1397 1467 ortum,
1421 1424 1478 1459 di-

75 1501 157 1526 cens
181 1489 312 1524 Persae
331 1493 499 1534 postea
533 1489 721 1522 nomine
746 1488 978 1524 Numidae
1002 1488 1156 1534 digressi
1178 1491 1247 1522 etc.
1280 1486 1358 1521 Non
1382 1485 1461 1530 ipso

75 1535 208 1587 nutem?
229 1548 400 1586 Numidas
430 1548 500 1584 sibi
528 1549 599 1583 hoc
630 1561 758 1584 nomen
791 1549 976 1594 indidisse,
1010 1550 1070 1585 sed
1095 1561 1118 1584 11
1144 1548 1311 1590 Graecis,
1350 1547 1480 1592 quibus

77 1623 160 1647 cum
182 1611 269 1656 ipsis
302 1615 337 1645 et
366 1611 403 1645 in
426 1610 552 1645 Sicilia
577 1614 612 1645 et
635 1610 672 1644 in
696 1610 839 1654 Africa,
863 1612 1063 1658 Agathocle
1085 1610 1293 1652 invadente,
1318 1621 1374 1645 res
1388 1613 1479 1650 emt,

77 1675 221 1718 propter
241 1672 336 1707 vitae
358 1683 470 1717 genus
491 1669 678 1716 Νομάδας
700 1684 774 1707 esse
797 1674 1014 1717 appellatos,
1037 1672 1143 1718 idque
1166 1683 1292 1707 nomen
1317 1682 1340 1706 u
1364 1671 1481 1706 Grae-

78 1733 130 1768 cis
155 1733 315 1768 auditum
340 1733 514 1767 Romanos
538 1743 604 1767 sua
624 1733 749 1779 lingua
772 1733 809 1768 in
834 1735 1009 1769 Numidas
1030 1739 1187 1769 mutasse
1207 1737 1310 1768 acute
1341 1731 1480 1768 monuit

78 1795 284 1830 Munnertus
308 1795 440 1840 Geogr.
466 1795 592 1830 Graec.
617 1797 652 1829 et
674 1796 782 1831 Rom.
808 1795 916 1830 Tom.
941 1797 988 1832 X.
1010 1796 1052 1832 P.
1074 1795 1118 1830 11.
1143 1806 1179 1840 p.
1204 1795 1286 1830 195.
1303 1798 1339 1830 et
1363 1794 1444 1830 199.

169 1857 204 1898 §-
221 1855 255 1891 8.
279 1855 455 1901 mapalia]
478 1857 532 1890 De
555 1857 667 1890 ultera
689 1855 797 1890 huius
819 1857 987 1892 vocabuli
1007 1857 1125 1891 forma
1149 1857 1312 1902 magalia
1328 1866 1364 1890 v-
1378 1855 1481 1890 Serv.

78 1916 124 1951 nd
145 1915 246 1962 Virg.
269 1916 356 1951 Aen.
378 1917 445 1959 lv,
468 1915 550 1952 259.
575 1917 668 1951 unde
691 1918 960 1962 cognoscimus,
981 1918 1019 1952 id
1041 1918 1135 1962 quod
1160 1918 1271 1953 etium
1294 1921 1481 1962 poetarum

77 1977 149 2018 loci
179 1979 386 2023 ostendunt,
427 1978 465 2012 iu
496 1979 656 2023 mapalia
690 1979 844 2023 primam
878 1979 1029 2023 corripi,
1062 1978 1098 2013 in
1129 1980 1291 2026 magalia
1321 1978 1482 2024 produci,

77 2038 138 2074 sed
161 2038 259 2074 nullo
274 2050 394 2075 sensus
416 2040 629 2075 discrimine.
678 2039 718 2073 ln
743 2039 887 2085 vulgari
908 2051 975 2075 usu
999 2040 1159 2084 mapalia
1187 2041 1298 2076 fuisse
1329 2040 1482 2082 videtur,

77 2098 189 2143 poetis
211 2100 364 2135 alteram
385 2101 538 2135 formum
563 2101 805 2136 tantummodo
829 2101 934 2136 metri
964 2112 1090 2137 caussa
1117 2101 1380 2152 usurpantibus.
1429 2102 1481 2135 ne

78 2170 205 2196 eorum
224 2161 341 2197 forma
363 2173 397 2198 V.
420 2162 565 2197 Festum
581 2162 620 2198 h.
643 2173 677 2196 v.
702 2162 884 2206 (Gramm.
900 2164 979 2198 Lat.
998 2164 1044 2199 T.
1069 2164 1113 2198 11.
1135 2159 1176 2208 p.
1194 2162 1274 2199 169.
1299 2154 1480 2206 Lindem.)

78 2220 208 2266 quiex
239 2221 382 2258 Catonis
414 2222 544 2269 Origg.
576 2223 635 2260 IV.
669 2223 759 2258 haec
791 2224 917 2259 affert:
951 2225 1111 2271 mapalia
1137 2226 1239 2270 quasi
1267 2224 1483 2259 cohortes

77 2283 312 2318 rotundae
339 2289 431 2319 suut.
466 2285 676 2319 Exstruendi
702 2286 846 2320 modum
870 2285 985 2321 obiter
1007 2285 1194 2330 descripsit
1218 2285 1340 2321 Livius
1364 2285 1482 2327 XXX,

10 2357 14 2360 ·
77 2343 122 2388 ὃ,
155 2342 217 2386 S„
249 2355 400 2389 quocum
434 2346 481 2380 cf.
513 2345 627 2381 Tacit.
656 2345 745 2380 Anu.
776 2347 850 2390 111,
874 2346 932 2381 u.
956 2347 1019 2382 ubi
1042 2359 1077 2382 v.
1106 2347 1255 2382 Ernesti.
1273 2346 1371 2380 Adde
1395 2346 1482 2380 ibid.

77 2405 138 2447 w,
160 2404 221 2448 25,
246 2406 280 2440 1.
306 2406 460 2441 Historr.
492 2407 552 2451 1V,
575 2406 634 2449 50,
659 2412 750 2443 extr.
775 2409 854 2444 Liv.
879 2410 1011 2451 XXlX,
1034 2409 1095 2451 31,
1118 2408 1153 2444 8.
1179 2409 1270 2443 Plin.
1296 2408 1344 2441 H.
1371 2407 1414 2442 N.
1440 2407 1482 2441 V.

78 2465 114 2502 3.
135 2466 269 2502 Lucan.
293 2468 359 2510 lv,
383 2466 466 2501 684.
490 2468 543 2501 Ex
565 2469 691 2512 quibus
719 2470 808 2504 locis
842 2470 1005 2505 omnibus
1039 2476 1136 2514 putet
1160 2469 1320 2514 mapalia
1341 2468 1483 2513 proprie

78 2526 252 2563 eiusmodi
283 2529 492 2563 habitacula
525 2529 656 2574 fuisse,
685 2543 777 2575 quae
806 2532 914 2566 facile
946 2544 988 2566 ex
1026 2543 1096 2564 uno
1126 2531 1206 2564 loco
1251 2530 1287 2564 in
1330 2531 1484 2564 alterum

79 2590 263 2624 transferri
290 2596 452 2635 possent3
494 2602 604 2634 quare
635 2604 704 2626 nou
737 2593 868 2628 mirum
901 2594 971 2627 hoc
1002 2592 1145 2626 nomine
1178 2590 1287 2626 etiam
1319 2590 1485 2626 vilissimi

79 2650 218 2695 generis
254 2651 403 2693 domus,
437 2652 558 2695 quales
591 2652 628 2687 in
660 2654 839 2688 suburbiis
864 2666 938 2689 esse
962 2654 1096 2695 solent,
1123 2651 1232 2687 fuisse
1254 2656 1484 2696 nuncupatas,

79 2711 207 2756 quibus
230 2724 292 2748 nos
325 2713 501 2748 consimili
526 2715 632 2749 modo
665 2727 793 2750 nomen
818 2717 987 2750 Baraken
1002 2714 1167 2758 *tribuere
1190 2715 1357 2748 solemus.
1383 2713 1486 2748 Nihil

81 2772 156 2818 egit
175 2773 288 2819 igitur
310 2773 470 2810 Wussius
493 2775 537 2810 ud
561 2776 598 2813 h.
623 2776 670 2820 l.,
694 2782 786 2813 totas
811 2789 911 2814 casas
944 2777 1109 2824 magalia
1141 2776 1340 2821 appellatas
1374 2775 1489 2810 fuisse

150 2845 206 2890 11.
407 2872 410 2875 >
1177 2851 1210 2892 8
