1826 3276
451 189 813 236 IUGURTHA.
854 191 983 236 GAP.
1014 191 1169 238 XLIII.
1427 196 1512 238 247

120 308 345 371 designati
379 309 635 370 provincias
669 308 784 353 inter
819 324 868 355 se
897 309 1194 371 partiverant,
1229 307 1509 368 Metelloque

119 406 334 455 Numidia
382 413 615 463 evenerat,
663 406 756 450 acri
774 392 893 451 -fviro
929 413 974 452 et
1009 422 1283 467 quamquam
1317 406 1508 452 advorso

118 505 278 568 populi
324 505 521 566 partium
573 503 695 548 fama
738 508 891 548 tamen
933 505 1156 564 aequabili
1200 510 1251 550 et>
1286 505 1506 551 inviolata.

116 603 158 648 ls
182 600 271 648 ubi
300 602 497 663 primum
527 600 835 660 magistratum
866 601 1091 661 ingressus
1123 607 1204 656 est,
1239 602 1326 648 alia
1355 602 1539 647 omnia2

117 700 200 746 sibi
234 714 338 746 cum
382 698 559 758 collega
604 702 749 753 ratus,
794 697 852 740 ad
895 698 1088 756 bellum,
1131 699 1257 758 quod
1298 705 1505 761 gesturus

115 833 168 868 Ad
190 833 260 874 hoc
276 831 416 867 eortius
439 842 507 866 non
531 829 646 865 solum
665 830 864 874 provincias
886 830 1098 866 vocabulum
1122 835 1290 876 tanquam
1313 831 1505 867 insiticium

114 893 249 928 uncinis
270 891 430 936 inclusit,
463 891 562 926 cuius
583 890 635 926 rei
663 901 709 925 ne
731 890 915 926 minimam
940 891 1082 936 quidem
1105 892 1211 927 fidem
1236 893 1334 927 codd.
1359 893 1505 936 faciunt,

113 955 172 989 sed
195 953 303 989 etiam
327 951 427 993 verbi
448 957 582 996 tempus
605 951 780 998 mutavit,
810 957 1050 997 paraverunt
1081 964 1147 997 pro
1167 955 1418 998 puniverunt
1448 954 1504 988 in-

111 1015 265 1057 vehens,
299 1014 393 1060 quod
426 1025 489 1048 cui·
520 1012 644 1048 fecerit
673 1024 717 1047 ne
749 1013 887 1048 monuit
918 1013 1061 1058 quidem
1090 1013 1250 1053 lectores.
1273 1034 1318 1041 -
1346 1015 1504 1050 Panium

110 1077 217 1122 longe
244 1075 392 1121 plurimi
423 1078 460 1109 et
493 1073 530 1109 in
564 1073 608 1108 iis
639 1073 766 1118 optimi
798 1073 880 1108 libri
915 1074 1098 1117 exhibent,
1130 1078 1170 1109 ut
1192 1075 1275 1112 Bas.
1301 1077 1334 1110 1.
1361 1077 1443 1111 Sen.
1469 1077 1502 1111 1.

111 1135 253 1172 Fabric.
280 1135 312 1171 l·
337 1136 434 1173 Leia,
457 1136 498 1171 L.
533 1135 704 1171 Commel.
727 1135 813 1170 Naz.
839 1135 951 1172 Paris.
975 1136 1011 1172 b.
1033 1148 1066 1172 c.
1090 1147 1124 1170 x.
1151 1148 1182 1170 z.
1205 1148 1355 1181 quorum
1379 1140 1503 1172 aucto·

110 1197 250 1234 ritatem
273 1196 381 1232 etiam
405 1198 588 1231 confirmat
610 1197 716 1231 Arus.
740 1197 844 1230 Mess-
869 1197 904 1230 in
930 1198 1126 1231 Grammat.
1151 1198 1227 1233 Lat.
1252 1202 1320 1233 vet.
1343 1199 1449 1233 Tom.
1467 1198 1499 1233 1.

111 1271 147 1304 p.
159 1258 240 1294 211.
264 1255 325 1293 ed.¹
343 1258 501 1293 hindam.
524 1268 559 1292 v.
587 1258 755 1292 adversus
778 1258 884 1293 illius.
931 1258 1073 1293 Relicui
1094 1259 1256 1304 partibus
1279 1259 1422 1301 habent,
1447 1258 1501 1293 id-

110 1331 178 1364 que
198 1319 306 1364 Bipp.
327 1322 554 1364 receperunt,
585 1318 747 1353 cortium
770 1319 967 1364 genitivum
991 1319 1196 1363 praetulisse
1218 1319 1436 1362 incusantes,
1461 1324 1501 1355 ut

107 1379 314 1419 incredibile
345 1380 454 1415 daret.
499 1379 568 1414 Sed
591 1378 681 1414 nihil
703 1379 909 1414 incredibile
932 1379 968 1414 in
990 1383 1166 1415 structura
1187 1380 1297 1423 inest,
1340 1380 1370 1415 si
1395 1381 1501 1416 modo

44 1453 47 1464 ³
108 1445 247 1485 tenena
268 1441 363 1487 quod
387 1440 462 1475 iam
484 1439 641 1486 Langius
664 1445 698 1475 et
721 1441 931 1476 Gerlachius
957 1441 1140 1484 viderunt,
1163 1442 1330 1477 advorsus
1353 1441 1391 1477 vi
1415 1442 1498 1477 sub-

107 1503 250 1541 stantivi
279 1505 485 1547 usurpatum
517 1513 611 1544 esse;
643 1513 712 1537 non
744 1502 816 1537 alia
845 1502 957 1548 igitur
987 1502 1095 1537 huius
1117 1502 1384 1537 constructionis
1405 1502 1497 1538 ratio

107 1568 181 1608 est,
211 1575 320 1610 quam
340 1561 379 1598 in
398 1563 545 1598 vocibus
568 1563 810 1607 adversarius,
834 1565 1047 1606 contrarius,
1072 1564 1251 1608 inimicus,
1276 1565 1428 1607 amicus,
1453 1575 1497 1599 ac

108 1625 305 1669 similibus,
337 1634 553 1668 quamquam
587 1626 728 1661 concedi
764 1626 865 1660 debet
887 1625 1094 1661 Sallustium
1117 1625 1235 1671 magis
1257 1629 1388 1659 rectam
1412 1634 1497 1659 nna-

107 1687 247 1734 logiam
269 1696 376 1730 quam
398 1684 522 1720 tritum
542 1696 643 1719 usum
660 1690 818 1721 secutum
840 1697 926 1720 esse.
949 1704 997 1712 -
1022 1687 1136 1720 Fama
1157 1686 1334 1732 aequabili
1349 1685 1496 1726 eortius,

43 1772 45 1774 -
107 1746 266 1793 Langius
288 1749 323 1780 et
340 1746 530 1780 Muellerus
550 1746 820 1790 interpretantur
843 1748 985 1792 aequali
1008 1748 1103 1792 apud
1125 1748 1341 1782 nobilitatem
1365 1752 1400 1782 et
1420 1748 1496 1792 ple-

94 1810 205 1858 stem,
237 1807 329 1853 quod
354 1807 564 1850 Gerlachius
598 1807 723 1842 merito
754 1806 950 1851 vituperat3
981 1819 1064 1842 nam
1093 1809 1248 1853 partium
1271 1806 1495 1855 significatio,

108 1871 203 1916 apud
236 1881 323 1914 quas
350 1879 474 1914 parem
506 1868 671 1903 Metellus
705 1868 842 1902 famam
876 1868 1063 1912 habuerit,
1106 1880 1249 1912 prorsus
1278 1868 1394 1903 aliena
1430 1871 1493 1902 est.

109 1933 224 1967 Fama
256 1930 449 1976 aequabilis
482 1928 598 1974 potins
630 1928 858 1974 intelligenda
891 1932 994 1974 ests.
1019 1935 1200 1972 constans,
1234 1940 1369 1974 semper
1392 1929 1494 1973 bona,

105 2004 218 2039 neque
238 1992 348 2027 nimia
370 1990 490 2038 gratia
511 2001 619 2035 supra
640 1989 783 2026 modum
808 1991 931 2032 aucta,
954 2002 1065 2035 neque
1088 1991 1222 2026 invidia
1243 1990 1411 2035 flagrans,
1434 1989 1494 2023 sed

105 2054 242 2101 placide
277 2057 313 2088 et
343 2052 468 2087 eodem
491 2054 610 2086 tenore
633 2051 734 2096 quasi
756 2051 892 2093 finem,
926 2062 1031 2095 quam
1064 2051 1270 2086 sententiam
1293 2053 1382 2085 bene
1404 2050 1495 2085 vidit

107 2113 314 2151 Gerlachias
351 2113 469 2148 addito
499 2113 673 2148 vocabulo
703 2112 872 2146 inviolata
903 2111 1073 2156 explicari
1114 2123 1158 2146 ac
1199 2111 1411 2147 confirmari.
1445 2111 1491 2145 cf.

74 2202 78 2208 ι
107 2176 248 2219 eamn,
271 2175 308 2211 3.
338 2173 647 2219 Aequabilius
671 2177 713 2207 et
737 2173 1029 2208 constantius
1050 2185 1123 2208 sese
1149 2185 1205 2207 res
1225 2174 1402 2208 humanae
1426 2172 1492 2206 Ιιιι-

109 2239 240 2273 berent.
261 2235 377 2271 Tacit.
398 2235 487 2270 Ana.
510 2235 578 2277 vl,
600 2234 659 2278 31,
683 2235 718 2268 l.
743 2234 946 2269 Artabanus
968 2240 1062 2269 meta
1090 2234 1290 2269 Germanici
1301 2235 1400 2279 fidus
1419 2234 1493 2267 Ro-

37 2314 40 2317 *
108 2298 243 2340 manis,
277 2295 545 2342 aequabilis
567 2295 604 2330 in
633 2306 733 2337 suos,
758 2294 782 2329 i.
809 2307 839 2329 e.
864 2295 988 2329 eodem
1010 2307 1149 2340 semper
1173 2295 1278 2329 modo
1300 2305 1336 2328 se
1355 2305 1491 2339 gerens.

109 2361 160 2396 ld.
183 2358 336 2394 Biston·-
359 2358 418 2400 lv,
442 2355 477 2392 5.
503 2357 641 2392 Cunctis
663 2360 759 2392 vitae
782 2357 906 2401 officiis
929 2357 1203 2402 aequabilis.

187 2420 237 2466 ·§.
259 2418 295 2454 2.
342 2418 418 2452 alia
448 2418 564 2458 omm'a
591 2418 657 2452 sibi
680 2429 754 2452 cum
785 2419 922 2464 collega
944 2418 1057 2463 ratus]
1089 2417 1141 2450 Ad
1175 2417 1265 2450 haec
1291 2415 1495 2449 illustranda

110 2481 250 2518 eortius
271 2479 356 2515 satis
379 2479 468 2513 bene
489 2477 691 2513 annotavit:
714 2478 867 2521 „Sensus
890 2482 961 2512 est:
985 2477 1057 2512 alia
1079 2477 1208 2515 omnia.
1233 2480 1339 2521 quam
1362 2476 1494 2510 bellum

111 2555 190 2578 cum
214 2541 408 2588 Iugurtha,
443 2551 480 2574 se
500 2538 609 2574 simul
633 2550 715 2573 cum
737 2540 877 2584 collega
900 2550 1024 2583 agere,
1057 2550 1120 2573 nec
1147 2538 1234 2572 adeo
1264 2535 1495 2571 intentissima

112 2615 199 2640 cura
225 2614 315 2649 opus
347 2613 443 2645 esse3
484 2604 522 2636 at
554 2601 687 2635 bellurn
718 2600 756 2634 in
786 2599 954 2635 Numidia
985 2598 1054 2634 sibi
1084 2598 1149 2634 soli
1184 2598 1376 2632 curandum
1409 2608 1494 2631 esse.

38 2665 45 2667 ξ
112 2666 226 2701 Erant
253 2675 380 2710 nempe
411 2661 570 2707 auspicia
599 2661 764 2696 habenda
787 2660 927 2705 aliaque
949 2659 1068 2695 divina
1090 2662 1124 2693 et
1149 2659 1304 2694 humana
1326 2658 1496 2698 obeunda,

113 2737 203 2771 quae
225 2725 380 2760 consules
403 2722 580 2758 communi
602 2721 748 2757 consilio
770 2722 934 2767 agebunt,
957 2731 1106 2765 quorum
1128 2720 1299 2764 quaedam
1318 2722 1499 2753 enumerat

114 2786 191 2822 biv.
216 2787 322 2830 xxi,
343 2784 400 2822 63.
440 2785 509 2821 Sed
541 2782 741 2829 provincia,
774 2787 812 2817 ut
845 2781 968 2825 cuique
991 2784 1173 2824 evenerat,
1204 2779 1264 2814 uni
1288 2783 1364 2815 erat
1385 2777 1497 2814 admi-
