1826 3276
433 203 811 248 luGUR'rHA.
869 203 1239 250 GARLXXIX.
1360 172 1363 179 ⁴
1439 212 1526 252 419

50 371 58 385 J
133 319 576 390 Carthaginiensibus
611 321 802 381 faciunt,
837 327 890 368 ut
919 322 994 367 vel
1027 321 1113 382 illi,
1152 338 1266 382 quos
1299 323 1399 369 finis
1433 339 1524 385 po-

130 419 244 481 pulo
279 434 360 464 suo
391 425 622 480 peterent,
667 420 730 464 ibi
770 419 858 465 vivi
896 421 1210 478 obruerentur,
1254 421 1327 467 vol
1363 422 1524 468 eadem

135 516 398 561 condicione
436 532 533 560 sese
573 532 707 575 quem
753 517 797 560 in
832 517 981 561 locum
1015 518 1182 562 vellent
1216 534 1522 579 processuros.

131 613 336 658 Philaeni
389 612 654 658 condicione
694 613 914 673 probata·
942 629 1083 672 seque
1127 615 1353 675 vitamque
1397 622 1558 662 suam9

130 709 406 772 reipublicae
442 709 782 764 condonavere3
826 710 887 754 ita
921 710 1009 755 vivi
1044 711 1204 756 obruti.
1279 713 1520 777 Carthagi·
1540 712 1592 752 10

130 845 352 888 conceditur-3
383 845 428 880 cf.
452 844 570 880 Beier.
593 845 639 880 ad
671 845 745 880 cic.
770 845 813 880 de
843 845 916 882 Off.
941 846 970 890 1,
993 846 1030 891 7,
1053 847 1111 883 21.
1136 861 1172 893 p.
1195 847 1253 883 48.
1302 849 1438 885 Eodem
1462 862 1527 886 vo-

128 907 257 942 cabulo
280 907 324 941 de
346 906 527 942 Philaenia
548 918 657 952 agens
682 919 766 942 unua
788 911 841 942 est
863 909 979 943 valer.
1002 910 1099 944 Max.
1124 911 1166 953 V,
1198 910 1234 945 6.
1268 914 1337 945 ext.
1374 900 1408 948 ἆ.
1457 911 1525 946 Ρο-

127 973 255 1004 ‘tremo
278 970 468 1004 acerbitate
491 969 784 1004 condicionis
806 970 972 1004 iniuriam
996 970 1169 1006 discutere
1191 973 1309 1006 conati
1322 978 1413 1007 sunt.
1436 973 1536 1018 Nep.>

129 1028 235 1064 Attin.
260 1040 291 1065 c.
312 1030 358 1071 11,
380 1028 415 1064 4.
467 1029 580 1072 Quum
602 1041 783 1065 versuram
804 1035 929 1074 facere
950 1032 1087 1076 publice
1109 1044 1244 1067 neeesse
1269 1038 1381 1077 esset,
1413 1045 1524 1079 neque

130 1090 204 1125 otu·
234 1090 550 1126 condicionem
585 1103 736 1137 aequam
773 1092 953 1129 haberent.
987 1092 1060 1129 Cic.
1095 1106 1131 1138 p.
1162 1094 1284 1139 Quint.
1319 1106 1349 1128 c.
1375 1094 1440 1137 14,
1464 1094 1524 1130 46.

133 1151 204 1195 Qui
230 1152 556 1188 condicionem
593 1153 838 1198 aequissimam
871 1154 1042 1199 repudiet.
1081 1155 1176 1189 Coei.
1201 1155 1237 1190 in
1262 1155 1335 1190 Cic.
1361 1156 1454 1200 Epp.
1477 1156 1523 1191 ad

129 1211 270 1261 Fafnm.
294 1213 387 1255 vm,
410 1213 469 1258 14,
491 1214 528 1250 7,
577 1215 663 1249 Fert
686 1214 785 1247 illam
807 1218 926 1249 tamen
949 1215 1274 1250 condicionem
1301 1217 1368 1262 (sc.
1394 1218 1524 1252 caeam-

128 1273 317 1319 Pompeio)
343 1278 382 1309 at
414 1275 515 1309 ambo
547 1276 716 1310 exercitus
738 1276 896 1310 tradant.
919 1295 963 1302 —
999 1277 1348 1323 Carthaginiensibus
1370 1282 1524 1314 tantum·

127 1334 235 1369 modo
258 1338 370 1369 exstat
392 1334 428 1370 in
453 1337 559 1370 Bern.
585 1337 618 1370 1.
652 1337 732 1370 Vat.
756 1336 790 1372 1.
815 1340 849 1370 et
871 1337 905 1371 5.
954 1337 1071 1371 Ceteri
1094 1338 1226 1373 habent
1250 1339 1524 1385 Carthaginien-

127 1395 238 1438 dam,
261 1395 358 1439 quod
381 1406 404 1430 a
427 1397 607 1432 Gronovio
630 1398 675 1433 ad
699 1397 774 1432 Liv.
806 1398 949 1439 xxvn,
972 1397 1007 1440 8,
1029 1397 1064 1433 3.
1090 1399 1273 1434 defensum
1295 1399 1445 1435 editore·
1466 1400 1523 1434 ni-

127 1455 203 1495 mia
237 1456 406 1501 patientia
445 1458 650 1493 tolerarunt.
703 1458 797 1494 Nam
836 1460 1009 1504 optionem
1040 1462 1164 1504 facere
1205 1472 1317 1505 quum
1351 1461 1525 1506 significet

127 1520 336 1562 potestatem
367 1519 512 1563 optandi
541 1519 602 1554 vel
633 1519 790 1566 eligendi
825 1521 910 1556 dare
933 1522 986 1566 (v.
1015 1522 1172 1557 Gronov.
1198 1523 1244 1557 ad
1267 1522 1385 1557 Plauti
1408 1522 1524 1557 Canin-

127 1577 176 1621 11,
197 1577 232 1622 2,
256 1578 355 1624 16.),
387 1591 457 1614 non
489 1591 572 1614 unus
595 1583 752 1624 tantum,
785 1582 847 1615 aed
880 1586 976 1616 recta
1008 1581 1102 1616 ratio
1138 1583 1292 1626 postulat
1313 1594 1410 1625 rem,
1433 1595 1524 1628 quae

127 1639 291 1685 eligenda
314 1639 535 1682 conceditur,
565 1641 722 1686 genitivo
745 1642 945 1686 enunciari,
966 1653 1151 1687 personam
1175 1644 1296 1678 dativo
1316 1644 1523 1690 significari,

128 1700 233 1735 tertio
264 1711 349 1736 canu
382 1712 425 1737 ex
464 1702 596 1743 verbo,
628 1703 780 1737 secundo
815 1715 859 1738 ex
899 1704 1040 1738 nomine
1073 1703 1222 1748 optionis
1253 1708 1347 1748 apto.
1402 1706 1524 1749 Quare

129 1762 251 1798 omnia
274 1767 501 1808 pervertunt,
536 1763 598 1807 qui
624 1763 748 1797 eodem
773 1773 878 1805 casu,
909 1775 979 1807 quo
1003 1775 1059 1798 res
1082 1764 1309 1810 designatur,
1331 1765 1439 1800 simul
1463 1767 1525 1800 de-

127 1822 260 1858 clarari
292 1835 396 1869 pocae
427 1827 552 1868 putant
587 1834 796 1868 personam,
829 1825 886 1858 cui
917 1825 1026 1860 datar
1047 1824 1100 1859 rei
1123 1824 1247 1870 copia,
1273 1826 1365 1870 quod
1389 1827 1524 1871 pariter

125 1884 320 1925 absurdum
336 1888 388 1920 eat
411 1889 448 1919 et
469 1885 669 1927 saleccum,
696 1895 739 1920 ac
770 1884 801 1920 ei
833 1884 913 1930 quis
946 1886 1132 1921 contendat
1167 1898 1263 1931 spem
1279 1890 1404 1931 sacere
1437 1890 1522 1924 ali·-

127 1943 261 1979 cuine
290 1943 342 1979 ita
371 1943 441 1978 dici
473 1956 594 1990 posse,
628 1949 668 1981 ut
695 1946 855 1992 genitivo
885 1959 954 1982 non
976 1958 1031 1982 ree
1053 1947 1296 1993 intelligatur,
1329 1959 1420 1991 quae
1443 1960 1522 1993 ape-

127 2005 239 2040 randa
269 2005 482 2050 ostenditur,
516 2007 578 2041 sed
613 2018 784 2052 persona,
818 2019 910 2052 quae
943 2019 1086 2053 sperare
1109 2007 1261 2043 iubetur.
1283 2028 1331 2034 —
1359 2009 1420 2044 Un·
1441 2014 1522 2044 aute

126 2067 184 2101 ael
206 2066 260 2102 ius·
281 2065 419 2102 Cottius
441 2078 522 2102 cum
545 2068 621 2103 vin.
646 2068 681 2104 1.
714 2070 832 2104 Guelf.
856 2070 889 2104 3.
914 2069 951 2105 7.
976 2070 1033 2104 12.
1058 2069 1197 2112 omisit;
1221 2071 1282 2104 sed
1306 2082 1414 2114 quum
1438 2082 1521 2116 par-

127 2127 237 2163 ticula
267 2128 364 2163 haud
396 2128 503 2163 dubie
534 2134 596 2165 aut
630 2141 652 2164 a
685 2131 899 2176 praegressis
931 2130 1057 2165 litteris
1089 2135 1149 2172 nt,
1182 2131 1256 2174 (cf.
1282 2132 1452 2169 Goerenz.
1475 2133 1520 2168 ad

129 2188 205 2223 Cic.
228 2187 272 2223 de
294 2189 397 2225 Finn.
422 2190 482 2232 ΙΙΙ,
506 2188 542 2232 9,
566 2190 625 2227 31.
650 2203 686 2236 p.
710 2192 791 2227 351.
817 2193 858 2234 V,
883 2191 941 2236 1⁰,
967 2191 1026 2226 29.
1051 2203 1083 2236 p.
1108 2190 1208 2236 565.)
1233 2196 1295 2227 aut
1321 2203 1343 2227 a
1364 2193 1522 2237 sequenti

127 2249 208 2293 vel,
235 2249 303 2294 (ci.
324 2250 589 2287 Drakenborch.
613 2253 658 2288 ad
682 2253 757 2288 Liv.
782 2253 944 2296 xxxw,
968 2251 1026 2294 41,
1048 2252 1103 2297 2.)
1126 2251 1318 2297 intercepta
1340 2253 1405 2296 sit,
1429 2259 1521 2290 ceto-

126 2321 249 2346 rorum
273 2310 464 2346 auctoritas
486 2313 572 2348 tatia
599 2314 695 2350 valet
728 2315 773 2350 ad
809 2326 888 2350 eam
911 2313 1140 2349 retinendam.
1164 2334 1209 2341 —-
1232 2315 1291 2349 uli
1313 2315 1364 2350 ita
1388 2315 1520 2351 dictum

127 2381 226 2415 eoae,
257 2374 299 2407 ut
330 2371 368 2407 iu
401 2378 499 2409 recta
533 2375 690 2410 oratione
723 2387 914 2420 pronomen
948 2375 1129 2419 personale
1160 2376 1332 2411 secundae
1353 2387 1521 2420 personae

126 2431 326 2478 ponendum
348 2433 440 2470 foret
456 2460 466 2476 ‚
500 2432 652 2470 diximus
673 2437 719 2472 ad
741 2448 771 2472 e.
796 2437 883 2479 bvi,
905 2436 940 2471 4.
965 2455 1011 2462 —
1042 2437 1081 2471 ln
1104 2436 1221 2470 verbis
1254 2447 1362 2481 quos
1395 2438 1519 2480 sinin

127 2511 175 2520 ·-
191 2498 377 2538 peterent,
408 2496 475 2530 iba·
495 2516 541 2522 —
573 2498 801 2534 obruerentur
825 2497 1017 2542 singuiaris
1039 2497 1212 2542 quaedam
1236 2498 1399 2532 attractio
1422 2498 1520 2533 obti-

65 2555 68 2558 '
126 2558 198 2590 nd.
243 2555 335 2592 Nam
368 2568 476 2601 quum
507 2558 651 2603 proprie
680 2559 864 2594 dicendum
893 2557 1035 2594 fuissem
1076 2568 1205 2602 quem
1246 2558 1392 2593 locam
1430 2561 1520 2602 fines

70 2611 71 2616 ¹
125 2617 255 2662 populo
277 2628 337 2652 tao
358 2624 517 2663 peterent
539 2619 563 2654 i.
588 2631 618 2654 e.
646 2631 717 2655 esre
738 2622 888 2664 vellent,
917 2620 984 2655 ibi
1010 2618 1033 2652 i.
1059 2629 1090 2654 ο.
1123 2619 1172 2654 in
1201 2614 1249 2653 eo
1281 2620 1520 2662 obruerentur,

128 2682 252 2714 auctor
273 2680 404 2715 omissa
424 2682 597 2726 primaria
623 2682 712 2716 loci
734 2693 821 2716 voce
845 2681 1034 2715 relativum
1057 2691 1136 2714 cum
1157 2681 1359 2725 praedicati
1380 2681 1521 2715 nomine

127 2739 286 2781 aociavit,
310 2740 586 2776 demonstrativo
604 2747 722 2777 tamen
742 2743 909 2777 adverbio
932 2741 983 2776 ita
1005 2741 1130 2785 posito,
1155 2741 1255 2785 qnasi
1278 2741 1342 2776 ina
1358 2742 1521 2776 attractio

127 2810 192 2844 per
225 2801 366 2846 ellipsin
395 2803 493 2838 facta
524 2814 592 2837 non
627 2804 880 2847 praecessisset.
933 2803 1036 2846 Quae
1076 2802 1246 2838 orationis
1286 2802 1519 2839 conformatio

1121 2875 1237 2919 27*
