1826 3276
517 173 555 219 1‘
579 172 620 218 R
647 173 682 219 A
703 171 742 216 E
767 171 804 218 Β
829 174 865 218 A
892 173 931 218 T
956 172 980 217 1
1004 174 1058 218 O.
1430 198 1475 226 α

94 257 187 346 hos-
208 291 430 358 >quinque
473 307 611 339 annos
658 264 828 338 iuvenis
864 291 1192 351 doctissimus,
1237 292 1470 346 Mauritius

28 439 33 446 .
93 401 342 463 Hauptius,
385 397 662 443 Zittaviensis
680 429 694 454 ,
740 395 1019 458 philologiae
1062 395 1214 442 studiis
1255 402 1349 444 tum
1386 402 1470 448 Li-

95 505 223 567 psiae
266 502 467 560 deditus,
503 499 563 546 ad
594 514 675 545 me
714 499 858 559 misit,
893 513 984 544 non
1008 499 1218 560 precibus
1262 502 1374 547 meis
1415 505 1474 551 ad

11 643 15 648 .
91 608 332 654 molestum
375 605 541 650 codicis
595 601 866 646 conferendi
898 601 1101 647 laborem
1145 603 1475 665 suscipiendum

62 703 66 713 ’
92 711 352 773 permotus,
387 721 493 752 nam
529 706 678 767 ipsum
713 709 812 749 tum
863 703 1067 749 nondum
1107 720 1348 765 noveram,
1393 710 1475 756 sed

90 815 312 874 generoso
346 808 508 854 ardore
538 807 596 853 de
622 822 728 853 mea
761 805 958 852 Sallustii
986 806 1182 854 editione
1218 808 1337 855 bene
1373 826 1472 858 me-

86 915 218 960 rendi
242 913 448 960 incitatus
468 945 482 971 ,
515 917 568 957 ut
602 926 681 956 sua
720 915 880 972 sponte
913 910 1026 955 illius
1063 910 1190 970 libri,
1232 912 1355 958 cuius
1390 930 1472 960 co-

84 1019 164 1080 pia
205 1017 247 1062 ei
296 1030 385 1078 -per
424 1020 603 1076 patrem
645 1030 776 1060 suum
791 1047 806 1072 ,
857 1014 1087 1059 consulem
1132 1014 1470 1076 Zittaviensem,

83 1121 205 1166 facta
245 1124 364 1176 erat,
407 1118 549 1164 varias
594 1118 833 1178 scripturas
875 1132 1058 1179 prorsus
1110 1118 1322 1178 singulari
1367 1120 1470 1165 dili-

11 1238 16 1280 ]
83 1224 238 1286 gentia
282 1227 482 1269 enotaret
523 1221 725 1281 meisque
775 1221 927 1267 usibus
981 1222 1264 1270 concederet.
1341 1223 1472 1270 Idem

7 1371 14 1375 ,
84 1326 240 1372 litteris
272 1325 596 1372 humanissimis
632 1324 692 1370 ad
731 1339 806 1370 me
851 1323 962 1369 datis
992 1304 1226 1371 accurate·
1256 1341 1372 1385 quae
1409 1327 1471 1372 ad

0 1461 6 1470 -
87 1429 256 1475 codicis
282 1429 396 1474 illius
430 1429 630 1474 notitiam
657 1428 880 1489 pertinent
915 1429 1133 1489 exposuit.
1202 1429 1468 1475 Asservatur

85 1527 236 1577 autem
277 1533 324 1578 in
369 1531 645 1578 bibliotheca
688 1531 908 1578 societatis
961 1532 1207 1577 litterarum
1257 1532 1468 1577 Lusatiae

85 1635 342 1696 superioris,
378 1651 496 1695 quae
531 1636 776 1681 Goerlitiae
812 1635 967 1680 sedem
1001 1634 1156 1693 habet,
1191 1636 1386 1696 quinque
1423 1641 1469 1682 et

85 1738 381 1799 quadraginta
409 1744 581 1785 constat
613 1739 729 1784 foliis
758 1738 1126 1795 membranaceis,
1161 1739 1353 1784 formam
1380 1740 1468 1784 ha-

82 1842 162 1886 bet
205 1834 511 1899 octonariam,
558 1857 612 1886 ac
652 1841 788 1886 nitide
833 1847 879 1886 et
919 1842 1196 1902 paucissimis
1242 1841 1469 1887 scribendi

85 1944 364 2005 compendiis
385 1950 604 1992 ‚exaratus
626 1949 708 1989 est.
776 1944 850 1989 De
885 1945 979 1989 eius
1004 1949 1150 1988 aetate
1182 1944 1240 1988 ab
1259 1945 1464 2005 Hauptio

82 2054 267 2109 rogatus
314 2047 540 2093 Gustavus
585 2047 851 2105 Haenelius,
886 2047 953 2092 vir
1003 2047 1292 2105 clarissimus,
1340 2048 1465 2092 cuius

81 2149 245 2196 iudicio
273 2151 320 2195 in
354 2151 433 2196 tali
465 2166 515 2196 re
544 2151 790 2212 plurimum
825 2156 892 2195 est
930 2150 1240 2206 tribuendum,
1271 2166 1466 2211 respon-

64 2252 150 2316 ,dit
177 2253 263 2321 sibi
303 2255 482 2300 saeculo
521 2253 790 2299 duodecimo
832 2253 1012 2299 ineunte
1055 2220 1271 2315 scriptum
1310 2253 1466 2298 videri.

84 2354 427 2417 Orthographia
465 2372 736 2416 quamquam
780 2358 992 2402 nonnulla
1034 2357 1174 2403 habet
1206 2358 1464 2418 peculiaria,

81 2464 230 2504 tamen
269 2459 316 2505 in
358 2461 613 2506 universum
654 2476 758 2506 cum
808 2461 985 2523 vulgari
1032 2461 1256 2506 scribendi
1291 2461 1464 2505 ratione

13 2591 18 2598 -
83 2563 298 2624 congruit.
374 2562 588 2609 Ceterum
629 2563 833 2609 codicem
879 2579 936 2609 ex
983 2564 1218 2610 emendato
1253 2564 1464 2624 exemplo

40 2683 43 2685 >
82 2665 260 2711 fluxisse
286 2667 532 2728 scripturae
553 2667 782 2729 integritas
810 2667 1017 2726 ostendit,
1043 2682 1184 2729 saepe
1213 2682 1318 2714 cum
1347 2666 1465 2728 opti-

83 2783 184 2814 mae
216 2774 350 2823 notae
383 2770 505 2816 libris
541 2771 813 2834 conspirans.
