1826 3276
457 158 828 203 lUGURTHA.
891 155 1016 201 CAI‘.
1050 156 1177 201 LVII.
1424 164 1507 205 811

110 280 300 325 tumultu
336 284 542 331 manent3
588 276 813 338 proelium
849 275 1069 336 incipitur.
1140 276 1361 332 Romani,
1417 283 1540 337 pro4

108 377 289 438 ingenio
325 375 544 436 quisque,
585 389 692 435 pars
740 374 914 420 eminus
959 372 1132 434 glande
1167 379 1245 417 aut
1278 351 1508 434 lapidibus

106 489 330 536 pugnare,
365 473 438 518 alii
474 471 744 528 succedere,
779 486 834 515 ac
869 485 1049 516 murum
1085 470 1225 516 modo
1260 470 1507 531 suffodere,

103 623 295 672 singularis
318 634 420 659 usum
455 622 574 658 valere
603 618 806 657 observavit
836 619 928 666 Aug.
959 619 1198 655 Grotel'endns
1233 621 1395 657 Gramm.
1429 622 1507 659 Lat.

81 688 182 722 ·Vol.
205 687 250 721 11.
280 688 316 730 §-
339 684 423 720 473.
452 690 491 728 p.
517 681 880 718 378ssBoetticherns
911 680 948 719 in
981 681 1065 716 Lex.
1104 682 1222 717 Tacit.
1256 695 1291 718 v.
1317 685 1446 731 singul.
1471 698 1506 732 p.

101 748 183 783 429.
207 748 363 791 Herzog.
387 745 432 780 ed
463 745 563 779 Caes.
595 743 638 778 B.
663 743 709 780 G.
741 743 794 786 V,
817 741 876 776 31.
910 741 1033 777 Bremi
1067 743 1112 779 ad
1144 743 1289 779 Sueton.
1324 745 1450 781 Octav.
1474 758 1506 782 c.

101 810 230 844 Lxxl.
254 806 520 843 Drakenborch.
543 805 589 840 ad
611 803 692 840 Liv.
714 804 791 846 vll,
814 801 874 846 35,
897 801 933 838 2.
957 806 994 839 et
1017 803 1062 846 X,
1087 804 1146 848 17,
1170 804 1203 840 6.
1223 823 1266 832 -
1282 805 1375 841 Ante
1396 808 1507 844 verba

102 870 168 904 alii
189 869 371 904 succedere
393 866 563 901 editiones
585 863 753 901 Cor-tiana
769 863 906 910 priores
919 851 1084 910 itemque
1107 866 1418 911 Havercampiana
1439 869 1506 905 hass

100 931 183 966 bent
205 930 354 965 evadere
377 929 455 970 alii,
482 938 573 972 quae
600 927 711 962 verba
734 926 981 962 tantummodo
1005 931 1214 971 comparent
1237 927 1274 963 in
1292 928 1380 965 Ναὶ.
1409 930 1505 966 Mar-

100 993 161 1027 tin.
178 991 222 1027 Β.
253 991 357 1026 Publ.
382 990 530 1024 Balliol.
558 989 672 1024 Laud.
697 988 739 1024 1.·
756 988 794 1023 3.
830 988 952 1023 Leidd.
968 988 1018 1024 Α.
1042 988 1087 1023 Β.
1113 989 1153 1024 C.
1179 990 1224 1024 1).
1246 989 1292 1026 E.
1315 990 1358 1025 F.
1384 991 1430 1027 G.
1455 992 1503 1026 Η.

98 1055 124 1088 1.
150 1053 202 1089 Μ.
229 1052 272 1088 Ν.
295 1057 333 1088 et
355 1063 379 1087 a
402 1063 451 1086 m.
471 1062 540 1086 sec.
563 1050 600 1085 in
625 1050 710 1085 Sen.
731 1049 767 1084 1.
815 1049 1006 1086 Praeterea
1029 1049 1066 1085 in
1089 1050 1196 1086 Fabr.
1215 1051 1248 1087 1.
1269 1064 1318 1087 m.
1333 1065 1387 1099 pr.
1411 1054 1504 1102 Teg.

98 1111 249 1156 etrTu'r.
274 1114 308 1148 1.
332 1113 488 1159 legitur:
514 1113 579 1146 alii
603 1112 773 1155 evadere,
807 1111 879 1146 vel
900 1111 1103 1149 succedere.
1126 1114 1200 1149 vel
1222 1125 1360 1150 murum
1383 1127 1506 1150 ascen·

98 1176 202 1219 dere,
226 1186 270 1210 ac
292 1186 431 1210 murum
454 1178 536 1218 etc„
561 1174 598 1209 in
620 1173 734 1209 Laud.
757 1172 791 1208 3.
819 1176 939 1208 autem
960 1175 1205 1210 tantummodo
1229 1181 1282 1211 est
1305 1177 1371 1211 alii
1393 1178 1502 1212 inva-

97 1238 204 1282 dere,
239 1236 380 1272 omissis
410 1236 528 1272 verbis
561 1236 628 1271 alii
657 1235 857 1277 succedere,
891 1235 983 1270 unde
1005 1236 1147 1271 abunde
1176 1241 1274 1282 patet
1306 1238 1370 1274 ina
1393 1240 1505 1275 verba

95 1311 160 1344 pro
183 1297 469 1344 interpretatione
499 1297 672 1343 vulgatae
698 1295 817 1331 versui
852 1296 1090 1341 superscripta
1111 1298 1209 1333 male
1238 1298 1274 1333 in
1298 1302 1435 1335 textum
1459 1300 1505 1335 il-

95 1361 170 1396 lata
201 1372 301 1403 esse,
340 1358 471 1404 quibus
507 1356 734 1393 defendendis
774 1357 940 1392 'renerus
973 1369 1006 1402 p.
1031 1358 1113 1394 219.
1150 1359 1283 1396 frustra
1315 1361 1503 1400 laboravit.

94 1422 187 1457 Nam
210 1420 303 1466 quod
327 1420 389 1455 ille
414 1420 490 1454 vult
514 1419 665 1454 evadere
686 1417 891 1464 significare
913 1419 952 1453 in
975 1432 1146 1455 summum
1171 1433 1309 1456 murum
1333 1423 1440 1466 eniti,
1464 1422 1501 1458 id

93 1494 240 1529 prorsus
261 1482 421 1527 ineptum
444 1486 518 1525 est,
541 1492 652 1527 quum
675 1484 712 1516 et
734 1480 827 1526 quod
851 1480 1010 1526 sequitur
1033 1483 1138 1517 scalis
1162 1484 1337 1530 aggredi,
1363 1489 1398 1519 et
1420 1483 1500 1518 uni-

93 1555 197 1580 versa
219 1555 359 1590 pugnae
391 1543 484 1579 ratio
520 1544 702 1589 repugnet.
760 1541 907 1587 Optime
939 1543 1081 1579 Cortins
1115 1544 1221 1579 huius
1253 1544 1322 1579 loci
1358 1556 1499 1580 sensum

94 1602 286 1652 perspexit,
321 1605 383 1650 qui
419 1606 514 1648 „duo
542 1603 806 1646 tantummodo,
843 1603 976 1650 inquit,
1014 1610 1114 1641 erant
1136 1617 1269 1652 genera
1292 1617 1498 1652 oppugnan-

93 1668 205 1711 tium3
241 1667 378 1702 ‘eminus
410 1665 475 1701 ulii
507 1665 639 1712 glande
669 1669 732 1700 aut
764 1665 946 1710 lapidibus
981 1667 1212 1712 pugnabant,
1248 1668 1312 1704 alii
1344 1670 1500 1704 cominus

91 1728 273 1774 pugnandi
296 1718 437 1772 copiari
460 1727 698 1772 quaerebant,
720 1727 951 1762 succedebant
973 1739 1099 1773 nempe
1121 1727 1166 1763 ad
1190 1739 1333 1764 murum
1349 1753 1360 1770 ,
1393 1741 1498 1776 quem

92 1789 223 1835 partim
240 1787 499 1831 suffodiebant,
533 1787 668 1834 partim
691 1788 799 1823 scalis
823 1799 991 1833 superare
1019 1789 1235 1824 nitebantur.
1283 1791 1366 1825 Duo
1389 1791 1498 1829 etiam

91 1861 224 1900 genera
245 1849 456 1885 defensionis
477 1854 598 1892 erant3
629 1848 667 1884 in
697 1849 784 1893 hos,
817 1850 878 1895 qui
910 1851 1056 1896 propius
1079 1861 1222 1885 murum
1246 1858 1498 1895 successerant,

91 1922 197 1955 saxa,
221 1911 351 1954 sudes,
376 1911 472 1956 pila,
496 1910 615 1956 picem
638 1910 907 1954 iaculabantur,
936 1912 972 1946 in
996 1912 1101 1954 illos,
1128 1911 1189 1957 qui
1212 1914 1333 1957 procul
1358 1925 1497 1949 manse·

91 1977 194 2016 rant,
228 1959 312 2008 tela.
359 1971 454 2016 Quid
481 1971 593 2018 igitur
622 1971 691 2008 sibi
724 1974 849 2008 volunt
870 1973 925 2008 nu
949 1974 1035 2014 am,
1067 1972 1129 2017 qui
1152 1974 1253 2017 qua-z
1277 1975 1385 2010 medii
1408 1976 1499 2012 inter

91 2036 161 2070 duo
192 2033 426 2081 pugnantium
462 2044 615 2079 genera,
651 2035 805 2070 evasisse
838 2033 1029 2069 dicuntur?
1073 2035 1264 2070 Succedere
1296 2042 1414 2072 autem
1444 2041 1498 2072 est

86 2097 231 2142 propius
253 2097 303 2131 ad
336 2107 411 2130 rem
434 2096 546 2131 altam
571 2096 792 2141 arduumque
816 2096 1002 2138 accedere,
1026 2095 1085 2130 vel
1108 2096 1268 2131 absolute
1282 2123 1292 2140 ,
1318 2102 1357 2132 ut
1384 2098 1445 2132 hic
1460 2105 1496 2134 et

91 2158 186 2193 infra
207 2168 240 2193 e.
262 2157 383 2200 XCIV,
399 2157 448 2201 3.,
473 2158 534 2191 vel
557 2168 643 2191 casu
665 2156 810 2199 addito,
842 2169 914 2201 quo
937 2157 1040 2191 locus
1061 2156 1301 2202 significatum
1331 2155 1378 2191 cf.
1400 2156 1492 2197 sau.

90 2219 186 2264 apud
215 2218 315 2257 Serv.
347 2218 394 2254 ad
425 2217 525 2264 Virg.
557 2217 634 2253 Ecl.
658 2217 709 2262 V,
733 2216 767 2253 5.
793 2217 971 2264 (Fragm.
1001 2220 1071 2253 lnc.
1097 2219 1178 2253 135.
1204 2218 1330 2262 Gerl.)
1378 2219 1491 2262 Quum

90 2290 267 2316 murum
300 2279 449 2314 hostium
478 2279 705 2316 successisset.
730 2279 809 2314 Liv.
842 2281 880 2323 1,
905 2280 976 2323 27,
1007 2281 1032 2316 5
1066 2269 1194 2315 sensim
1227 2290 1250 2314 a
1266 2280 1290 2314 d
1319 2285 1491 2314 montes

89 2341 254 2377 succedit.
281 2340 408 2383 xxw,
432 2340 491 2383 19,
512 2341 548 2376 (ἶ.
579 2341 801 2377 succedentes
832 2347 963 2377 temere
997 2342 1171 2375 moenio
1187 2354 1246 2378 us.
1275 2342 1407 2383 xxvi,
1433 2340 1491 2388 44,

35 2401 39 2410 ’
88 2403 123 2440 7.
147 2402 303 2446 xxvn,
319 2401 475 2446 18213.
501 2401 645 2445 XXXh
666 2401 733 2445 45,
767 2401 834 2437 5.“
868 2403 929 2437 ubi
952 2414 986 2438 v,
1023 2403 1284 2439 Drakenborch.
1311 2405 1358 2438 cf.
1382 2403 1490 2440 etiam

89 2463 355 2500 Boetticherum
377 2463 414 2498 in
439 2463 524 2498 Lex.
549 2462 665 2499 Tacit.
698 2464 734 2500 h.
760 2476 794 2499 v.
827 2476 861 2509 p.
887 2462 971 2499 446.
1003 2463 1061 2498 eui
1085 2464 1314 2507 assentimur,
1349 2465 1488 2500 nullum

89 2537 210 2566 seam
231 2524 420 2560 discrimen
442 2523 533 2561 inter
554 2524 714 2559 dativum
747 2531 782 2561 et
804 2525 1048 2561 accusativum
1082 2525 1168 2559 huic
1200 2526 1309 2559 verbo
1325 2526 1488 2560 iunctum

90 2586 305 2623 intercedere
328 2586 465 2628 videri,
496 2586 601 2631 quale
621 2587 744 2622 statuit
769 2583 816 2624 F?
835 2589 926 2632 Aug.
949 2586 1100 2622 Wolfius
1121 2587 1165 2633 nd
1190 2587 1308 2622 Tacit.
1333 2589 1419 2622 Ann.
1442 2588 1489 2629 n,

89 2648 148 2685 ΖΟ).
182 2648 254 2684 Sed
275 2649 375 2693 quod
394 2649 469 2693 ipse
492 2648 747 2692 interpretatur
776 2648 1033 2694 paullatim
1066 2648 1254 2689 accedere,
1287 2649 1322 2682 id
1346 2659 1490 2694 prorsus

90 2709 245 2744 alienum
267 2698 320 2745 est
350 2715 386 2746 et
415 2710 588 2745 refellitur
620 2709 698 2744 loco
734 2709 827 2744 Livii
860 2709 1002 2750 XXXl,
1027 2708 1096 2750 45,
1120 2708 1154 2743 5.
1205 2710 1355 2745 Graecos
1380 2710 1490 2744 animi

91 2772 263 2814 militum,
287 2777 379 2808 tam
401 2782 482 2818 pro
496 2776 622 2818 mpte
653 2770 909 2807 succedentium
932 2782 1068 2813 aaron,
1091 2777 1256 2808 terruere.
1287 2792 1320 2798 -
1359 2769 1488 2808 Statim
