1826 3276
457 189 828 239 IUGURTHA.
890 188 1017 234 car.
1047 187 1130 258 u.
1158 215 1160 217 -
1408 191 1495 233 287

93 327 200 376 pars
235 310 542 374 superioribus
577 309 689 356 locis
718 309 837 354 fessa
872 307 1151 354 consederat.
1209 305 1353 353 Simul
1389 308 1535 369 ora-4

92 426 168 469 re,
214 409 386 455 hortari
427 408 590 454 milites
611 440 625 465 ‚
672 422 730 452 ne
773 405 1055 463 deficerent,
1101 419 1190 451 neu
1238 409 1497 466 paterentur

44 550 50 553 .
92 508 233 554 hostis
265 506 479 569 fugientis
513 505 720 559 vincere3
767 518 917 563 neque
950 503 1036 548 illis
1071 509 1216 547 castra
1243 517 1341 548 esse
1358 536 1371 560 ‚
1412 518 1497 547 ne-

93 622 184 666 que
219 605 544 651 munimentum
573 603 738 658 ullum,
775 615 869 660 quo
905 600 1119 645 cedentes
1154 600 1414 656 tenderent3
1451 601 1496 646 iu

92 703 226 748 armis
265 703 416 747 omnia
450 679 548 748 sita.
619 698 717 744 Sed
751 713 838 744 nec
860 696 1083 759 Iugurtha
1109 682 1294 757 quidem
1322 699 1530 746 interea-5

91 801 268 861 quietus
305 806 430 860 erat3
465 796 723 853 circumire,
759 794 956 851 hortari,
1000 809 1220 840 renovare
1255 797 1496 856 proelium,

91 904 138 943 et
170 897 270 959 ipse
306 910 411 941 cum
451 894 638 940 delectis
681 899 855 939 tentare
891 893 1067 951 omnia,
1115 893 1354 939 subvenire
1389 896 1497 952 suis,

90 994 294 1041 hostibus
328 993 476 1039 dubiis
512 993 701 1050 instare,
735 1005 854 1051 quos
885 991 1041 1036 firmos
1073 998 1356 1053 cognoverat
1382 993 1495 1038 emi-

89 1107 173 1139 nus
207 1090 703 1159 pugnandoretinere.

90 1226 272 1272 quidem
295 1225 521 1272 scripsimus,
552 1224 608 1260 uti
638 1228 675 1260 et
703 1223 902 1259 multorum
933 1221 1034 1259 codd.
1070 1222 1263 1259 auctoritas
1293 1228 1328 1259 et
1351 1223 1498 1271 linguae

90 1287 182 1323 ratio
204 1288 371 1332 postulat.
417 1286 524 1332 Quod
555 1286 662 1322 multi
690 1285 785 1321 enim
808 1288 940 1330 negant
971 1297 1033 1320 nec
1051 1304 1095 1314 --
1114 1286 1254 1335 quidem
1279 1287 1404 1322 Latine
1427 1289 1499 1323 dici

26 1394 29 1397 Γ
89 1357 210 1394 posse,
233 1348 365 1393 ubique
385 1359 430 1383 ne
449 1367 491 1376 -—
509 1348 650 1394 quidem
673 1343 897 1382 scribendum
919 1356 996 1380 esse
1017 1349 1214 1389 censentes,
1239 1347 1338 1382 velut
1358 1348 1499 1384 Cottius

95 1410 201 1458 adh.
227 1410 255 1445 1.
274 1413 310 1445 et
337 1408 383 1445 ad
404 1410 486 1455 lug.
512 1409 643 1452 XXXI,
666 1407 700 1444 3.
727 1407 923 1443 Facciolat.
957 1406 1001 1442 ad
1027 1406 1100 1444 Cic.
1124 1407 1167 1441 de
1191 1407 1265 1442 Off.
1289 1409 1352 1451 ΙΙΙ,
1378 1408 1413 1452 4,
1438 1410 1497 1446 17.

90 1472 211 1507 Moser
233 1471 279 1506 ad
302 1470 376 1506 Cic.
402 1470 446 1504 de
468 1464 513 1506 N.
535 1471 581 1505 D.
603 1470 667 1513 111,
689 1468 750 1504 26.
783 1480 817 1514 p.
838 1466 921 1504 638.
948 1467 1087 1502 Ernesti
1109 1468 1155 1503 ad
1179 1469 1299 1506 Tacit.
1322 1471 1413 1507 Anu.
1436 1473 1498 1518 lv,

91 1533 149 1569 35.
174 1531 443 1583 Drakenborch.
467 1531 514 1567 ad
536 1531 616 1568 Liv.
638 1531 675 1574 Ι,
697 1529 844 1583 1⁰23„
872 1540 1015 1575 prorsus
1042 1530 1172 1564 falsum
1197 1536 1273 1574 est3
1311 1537 1501 1579 utrumque

92 1593 189 1629 enim
211 1593 363 1638 dicitur,
392 1594 455 1628 sed
478 1592 620 1628 diversa
649 1590 832 1628 sententia.
878 1590 929 1626 Ac
951 1603 996 1626 nc
1014 1610 1062 1618 ·—
1078 1592 1216 1638 quidem
1241 1598 1365 1630 notum
1389 1601 1441 1631 est
1463 1601 1502 1633 et

94 1654 294 1691 arctissimo
316 1665 408 1693 nexu
430 1652 625 1695 contineri,
658 1657 696 1688 et
725 1652 777 1689 ita
798 1651 987 1698 usurpari,
1019 1657 1060 1687 ut
1076 1653 1320 1698 significetur,
1350 1657 1502 1703 aliquid,

92 1717 169 1753 sive
191 1716 229 1751 id
251 1715 450 1752 subiectum
473 1717 546 1757 est,
576 1714 653 1750 sive
683 1712 950 1758 praedicatum,
974 1723 1194 1758 quamquam
1217 1715 1340 1753 locum
1367 1718 1502 1755 habere

91 1789 194 1823 posse
224 1776 413 1820 videatur,
444 1778 563 1812 tamen
601 1775 723 1810 locum
753 1785 825 1808 non
854 1773 1000 1808 habere.
1054 1774 1186 1810 Contra
1218 1788 1282 1811 nec
1297 1797 1341 1803 --
1359 1781 1501 1824 quidem

92 1838 289 1884 particulae
313 1826 368 1872 ita
383 1839 617 1881 ,comparatae
641 1837 736 1879 sunt,
762 1837 802 1869 ut
824 1833 916 1870 inter
939 1845 999 1869 eas
1021 1836 1140 1871 nullus
1163 1849 1273 1872 nexus
1295 1838 1502 1885 intercedat,

91 1898 153 1935 sed
175 1909 239 1933 nee
262 1897 287 1932 i.
311 1909 344 1933 e.
367 1898 477 1934 etiam
499 1909 571 1932 non
595 1896 662 1942 (v.
687 1894 734 1930 ad
765 1907 798 1930 c.
832 1895 998 1941 xcvm,
1028 1896 1092 1942 4.)
1125 1899 1352 1944 negationem
1372 1902 1504 1940 inferat

92 1959 285 1996 sententiae
306 1957 593 1995 antecedentibus
615 1969 679 2003 per
710 1957 820 1993 etium
848 1957 1033 2003 adiectae,
1065 1960 1207 2005 quidem
1233 1968 1353 2000 autem
1384 1968 1504 2003 valeat

94 2018 140 2057 ad
161 2031 272 2056 unum
295 2020 512 2056 vocabulum
539 2018 727 2066 insigniori
761 2019 885 2065 aliqua
906 2018 944 2055 vi
967 2019 1208 2065 efferendum,
1225 2035 1333 2068 .quae
1355 2027 1502 2073 propria

94 2085 148 2117 est
169 2081 276 2130 huius
301 2080 498 2126 particulae
521 2084 697 2126 potestas3
722 2091 758 2115 v.
781 2081 923 2125 Zumpt.
949 2081 1110 2117 Gramm.
1135 2084 1214 2120 Lat.
1237 2088 1269 2129 §.
1285 2086 1345 2123 63.
1367 2100 1402 2133 p.
1417 2088 1501 2125 236.

32 2169 35 2172 .
94 2142 150 2178 ed.
180 2143 243 2180 lv.
274 2141 412 2178 Hertel.
445 2141 491 2177 ad
522 2141 642 2178 Tacit.
674 2142 799 2190 Agric.
832 2155 864 2181 c.
889 2138 1001 2178 xvu‘.
1032 2155 1070 2188 p.
1092 2143 1152 2182 34.
1198 2146 1324 2182 Bremi
1345 2149 1391 2184 ad
1412 2149 1502 2195 Nep.

94 2202 252 2238 Hannib.
285 2203 338 2246 11,
361 2201 396 2238 6.
428 2202 579 2249 Grysar.
627 2204 706 2241 Art.
735 2205 799 2240 lat.
834 2204 1012 2241 scribendi
1043 2218 1080 2251 p.
1103 2205 1186 2245 5⁷4.
1231 2207 1361 2244 Nostro
1389 2209 1503 2256 igitur

50 2314 53 2315 ⁷
95 2265 175 2299 loco
198 2255 358 2313 quidem,
389 2263 484 2308 quod
515 2263 547 2299 si
570 2265 675 2309 plane
697 2265 853 2310 abesset,
887 2266 933 2302 ad
955 2266 1197 2313 integritatem
1219 2271 1411 2307 sententiae
1431 2284 1502 2308 non

38 2330 50 2335 “
95 2325 253 2360 muitum
277 2323 515 2367 desiderares,
535 2336 605 2360 non
627 2337 709 2360 cum
731 2337 814 2371 nec,
838 2338 910 2371 quo
936 2329 1188 2364 sententiarum
1211 2342 1321 2366 nexus
1342 2337 1501 2377 paratur,

48 2430 50 2432 v
95 2386 284 2428 cohaeret,
319 2385 382 2420 sed
404 2384 648 2421 tautummodo
670 2386 804 2430 efficit,
834 2391 875 2423 ut
900 2388 1059 2424 animum
1083 2390 1129 2425 ad
1151 2391 1365 2437 Iugurtham
1387 2394 1502 2429 inten-

31 2457 34 2460 ·
96 2445 168 2482 tius
199 2447 448 2489 advertamus,
479 2447 574 2496 quod
605 2447 814 2485 Germanice
843 2450 920 2486 fere
950 2449 1002 2485 sic
1031 2451 1175 2487 reddas:
1208 2453 1305 2490 Aber
1325 2455 1418 2491 auch
1438 2456 1502 2492 Iu-

96 2508 230 2555 gurtha
245 2510 313 2554 fzir
335 2507 410 2544 sein
441 2508 544 2543 Thea
566 2519 643 2544 war
665 2511 891 2546 unterdessen
912 2511 1010 2547 nicht
1039 2512 1187 2559 mfissig.
1235 2515 1290 2550 De
1316 2515 1354 2550 vi
1375 2520 1412 2552 et
1433 2529 1501 2552 usu

97 2581 160 2617 neq
177 2589 225 2596 --
241 2570 382 2616 quidem
411 2569 670 2621 particularum
699 2571 748 2607 cr.
782 2571 890 2607 etiam
924 2573 1094 2610 Goerenz.
1117 2575 1166 2610 ad
1196 2576 1270 2611 Cic.
1299 2577 1431 2613 Acadd.
1453 2579 1500 2623 11,

31 2658 49 2675 ,
97 2628 161 2672 26,
182 2629 243 2667 82.
275 2641 310 2676 p.
332 2629 415 2666 152.
439 2642 474 2666 a.
506 2631 707 2668 Gernhard.
731 2633 779 2668 ad
810 2633 888 2669 Cat.
912 2634 1002 2671 Mai.
1028 2647 1060 2672 c.
1082 2635 1128 2680 9,
1152 2636 1211 2674 27.
1234 2642 1270 2674 et
1294 2638 1499 2675 Frotscher.

98 2691 144 2726 ad
168 2691 336 2736 Quinctil.
351 2693 397 2734 X,
412 2692 450 2738 l,
472 2692 531 2730 33.
544 2713 592 2719 —
608 2694 701 2730 Erat
715 2694 854 2730 Curtius
876 2695 947 2731 fide
970 2697 1088 2733 Vinar.
1104 2698 1140 2735 2.
1152 2686 1289 2736 ‘Franm
1307 2705 1343 2736 et
1357 2701 1502 2737 Vratisl.

99 2751 134 2787 2.
157 2752 299 2788 delevit.
322 2773 370 2779 —
393 2753 522 2790 Hostes
537 2755 672 2790 dubis·
693 2759 774 2792 sunt
794 2756 858 2802 qui
882 2758 1001 2794 locum
1023 2770 1092 2794 non
1114 2762 1250 2806 tenent,
1284 2762 1346 2798 sed
1369 2762 1441 2799 iam
1466 2762 1503 2797 in

98 2812 224 2859 fugam
246 2813 427 2851 inclinant.
