1826 3276
411 159 783 204 IUGURTHA.
843 158 976 203 GAP.
1004 157 1105 202 XII.
1411 164 1467 205 61

69 281 199 338 Quae
231 279 309 325 ubi
340 278 506 324 tardius
548 277 802 338 procedunt
830 274 977 336 neque
1009 276 1171 322 lenitur
1201 276 1372 321 animus
1397 276 1507 321 foe-9

66 393 174 435 rox,
205 377 356 422 statuit
384 375 542 435 quovis
575 373 715 418 modo
751 374 980 434 inceptum
1016 374 1251 435 perficere.

203 474 308 519 XII.
381 474 536 518 Primo
566 476 813 528 conventu,
852 486 988 530 quem
1019 472 1077 516 ab
1097 473 1265 534 regulis
1296 472 1468 518 factum

63 587 204 633 supra
237 566 506 625 memoravi,
541 574 733 629 propter
767 567 1090 638 dissensionem
1123 550 1360 630 placuerat
1396 571 1467 615 di-

63 669 156 714 vidi
194 668 426 714 thesauros
458 666 646 724 finisque
678 664 840 724 imperi
866 665 1053 725 singulis
1083 668 1299 715 constitui.
1370 668 1456 713 lta·
1474 676 1502 715 2

62 859 180 904 paullo
204 856 409 893 insoientior
425 856 572 898 evadat,
596 865 704 901 quam
721 854 750 889 si
767 855 864 890 solus
889 857 998 892 abIat.
1020 856 1150 902 positus
1175 856 1306 892 fuisset.
1354 859 1407 892 Do
1431 860 1467 893 vi

61 925 101 956 et,
121 933 185 956 usu
209 919 308 954 vocis
337 918 475 953 animus
497 927 531 951 v·
548 916 593 951 ad
618 929 650 953 c.
666 917 831 959 XXXIX,
846 914 882 951 5.

154 996 232 1031 ΧΠ.
279 998 314 1040 ς.
340 995 371 1028 1.
421 994 465 1028 ab
485 993 632 1039 regulis]
658 995 792 1040 Reguli
806 994 843 1028 h.
866 994 891 1028 l.
913 997 953 1028 ut
969 1005 1000 1028 c.
1018 995 1078 1039 XI,
1094 994 1129 1031 2.
1152 1005 1221 1028 non
1244 994 1407 1030 dicuntur
1420 997 1466 1032 ob

60 1058 295 1099 iuventutem,
321 1060 359 1091 ut
382 1054 596 1090 Gerlachius
620 1060 741 1100 putat,
765 1056 825 1091 sed
849 1056 917 1090 isto
934 1057 1107 1091 vocabulo
1132 1056 1247 1100 potius
1263 1057 1465 1102 significan-

59 1124 117 1160 tut
135 1119 210 1164 filii
232 1118 339 1164 regis,
356 1117 417 1150 vel
435 1115 568 1150 iustum
590 1115 781 1161 imperium
805 1118 959 1151 nondum
977 1117 1106 1161 adepti,
1128 1118 1184 1152 vel
1200 1118 1341 1153 omnino
1356 1131 1467 1164 parvo

59 1180 210 1225 imperio
233 1177 403 1224 praediti,
437 1177 562 1212 aetatis
585 1182 704 1212 tamen
727 1179 825 1213 nulla
846 1178 982 1213 ratione
1007 1178 1142 1213 habita.
1167 1180 1215 1213 cf.
1241 1180 1360 1215 Tacit.
1378 1183 1465 1215 Ann.

59 1242 103 1284 11,
121 1242 182 1285 50,
205 1241 252 1275 in.
304 1239 448 1275 Auxilia
476 1239 643 1282 Cilicum,
667 1252 759 1285 quae
782 1241 942 1285 reguli
971 1241 1152 1276 miserant.
1176 1240 1252 1274 Liv.
1272 1242 1365 1285 xxl,
1377 1242 1412 1286 2,
1429 1243 1464 1278 5.

59 1302 218 1347 hospitiis
239 1314 260 1336 r
274 1301 386 1347 egul
399 1311 520 1334 orum
543 1311 618 1334 rem
645 1301 983 1346 Karthaginiensem
999 1303 1114 1337 auxit.
1140 1302 1186 1336 id.
1211 1303 1354 1347 xxvn,
1372 1304 1407 1347 4,
1427 1305 1464 1340 9.

58 1364 173 1408 legati
196 1368 232 1398 et
253 1363 342 1396 alios
371 1362 515 1405 Africae
549 1363 752 1408 regulos
786 1363 887 1398 adire
910 1363 1005 1398 iussi.
1030 1382 1075 1388 —-
1100 1363 1216 1398 verba
1239 1376 1339 1409 quem
1364 1366 1409 1400 ab
1433 1378 1463 1400 r.

51 1426 88 1468 f.
112 1435 138 1458 s.
163 1423 356 1460 memoravi
378 1423 621 1466 Kunhardtus,
648 1427 770 1468 utpote
793 1435 815 1458 a
831 1424 933 1459 docta
950 1424 1112 1459 Satiustii
1134 1425 1310 1460 brevitate
1334 1426 1463 1471 atiena,

57 1485 194 1520 librarii
219 1497 326 1520 manu
349 1488 469 1518 assuta
491 1488 620 1518 censet.
647 1485 717 1519 Sed
735 1485 797 1529 qui
813 1485 899 1520 talia
919 1485 1005 1520 iacit
1024 1497 1149 1530 parum
1174 1486 1272 1521 novit
1287 1487 1464 1532 Crispum,

0 1583 2 1586 .
58 1545 220 1590 idemque
253 1556 379 1590 purum
415 1545 567 1590 diligens
592 1548 695 1582 codd.
724 1547 945 1583 existimator
968 1553 1030 1582 est.
1058 1567 1105 1573 —-
1140 1547 1233 1581 Loca
1265 1549 1462 1595 propinqua

58 1606 207 1641 mirifice
236 1606 329 1641 idem
354 1606 585 1641 Kuuhardtus
613 1608 782 1655 iutelligit
814 1610 973 1643 diuersas
1013 1609 1105 1643 urbis
1137 1609 1298 1654 capitalis
1328 1617 1463 1655 partes,

61 1668 245 1702 Thimida
267 1673 384 1705 autem
408 1679 477 1702 non
500 1669 639 1712 oppidi,
662 1670 723 1704 sed
745 1670 880 1706 lictoris
903 1683 1030 1705 nomen
1054 1682 1149 1713 esse,
1171 1682 1284 1715 eoque
1306 1672 1462 1707 scriben-

57 1730 141 1763 dum
171 1729 441 1763 Thirmidae
461 1732 564 1773 forte
582 1732 720 1775 civis,
763 1731 891 1776 quibus
926 1731 1150 1775 opinionibus
1179 1731 1238 1766 vix
1271 1734 1462 1778 quicquam

55 1789 287 1824 inconsultius
309 1790 461 1836 cogitari
485 1795 608 1836 potest.
656 1793 769 1826 Recte
793 1793 882 1826 vidit
904 1792 1060 1837 Longius
1085 1793 1228 1835 regulos
1252 1795 1360 1828 alium
1390 1797 1463 1831 alio

56 1851 260 1885 concessisse
291 1862 403 1895 quum
438 1853 483 1886 ob
527 1858 641 1888 ortam
674 1854 910 1895 simultatem,
950 1858 1026 1888 tum
1061 1852 1268 1896 suspicionis
1299 1855 1464 1891 vitandae

56 1923 200 1954 caussa,
223 1923 268 1946 ne
291 1912 391 1956 quis,
418 1914 592 1949 thesauris
615 1915 770 1948 nondum
793 1914 936 1960 divisis,
972 1915 1067 1949 elam
1090 1914 1233 1949 relicuis
1256 1916 1392 1961 aliquid
1417 1919 1463 1952 ad

55 1985 93 2007 se
114 1984 246 2017 ¹rapere
277 1973 475 2016 videretur3
509 1987 712 2010 concessere
744 1982 866 2011 autem
898 1977 934 2011 in
959 1977 1036 2010 loca
1066 1977 1341 2023 propinqua
1365 1981 1414 2014 th
1424 1991 1460 2014 e-

56 2036 235 2076 sanris,
269 2039 308 2070 ut
339 2035 431 2069 alter
459 2036 612 2071 alterum
637 2039 825 2072 observare
849 2041 883 2072 et
913 2037 987 2071 eius
1011 2037 1159 2071 consilia
1183 2041 1359 2083 speculari
1382 2053 1462 2086 pos—

54 2099 128 2138 set,
161 2095 290 2141 quippe
313 2108 438 2140 parum
460 2099 528 2133 sibi
559 2100 703 2134 fidentes
737 2104 771 2135 et
794 2100 955 2135 timentes
979 2111 1022 2134 ne
1045 2103 1146 2144 parte
1170 2102 1340 2144 pecuniae
1362 2102 1460 2137 frau-

55 2157 231 2191 darentur.
279 2158 377 2193 Vana
407 2159 519 2206 igitur
553 2161 719 2196 Muelleri
749 2161 946 2204 sententia,
979 2161 1040 2206 qui
1071 2161 1246 2196 thesauris
1270 2163 1316 2197 ab
1339 2163 1460 2209 inepto

53 2217 240 2262 interprete
261 2219 452 2264 ascriptum
478 2225 615 2265 censet3
638 2235 708 2258 nou
733 2222 822 2259 vidit
845 2223 938 2258 enim
962 2223 1004 2256 V.
1028 2224 1070 2257 D.
1095 2222 1202 2258 totius
1226 2223 1296 2257 loci
1318 2235 1459 2259 sensum

53 2277 120 2313 isto
145 2280 318 2315 vocabulo
341 2281 427 2324 niti,
459 2293 568 2327 quum
598 2285 780 2320 thesauros
812 2285 948 2331 regulis
972 2285 1196 2318 vehementer
1220 2295 1327 2318 curae
1348 2285 1459 2320 fuisse

53 2341 236 2377 ostendant
266 2341 376 2376 verba
409 2344 470 2377 sed
501 2347 735 2380 maturius
770 2346 819 2380 ad
845 2357 920 2391 pec.
956 2346 1054 2380 distr.
1103 2345 1220 2379 Etiam
1246 2347 1381 2382 interea
1405 2348 1456 2382 ita

53 2401 185 2435 dictum
210 2406 283 2444 est,
308 2407 347 2437 ut
371 2409 537 2448 appareat
558 2408 703 2453 regulos
726 2419 904 2452 nunquam
936 2419 1006 2442 non
1030 2407 1075 2441 de
1097 2408 1247 2451 pecunia
1269 2409 1456 2455 cogitasse,

51 2462 142 2497 nihil
165 2464 344 2508 antiquius
378 2465 565 2510 habentes,
599 2468 666 2503 nisi
698 2473 738 2504 ut
769 2480 877 2513 quam
909 2469 1066 2514 primum
1089 2479 1154 2503 sua
1184 2468 1332 2514 quisque
1354 2474 1456 2515 parte

52 2524 233 2568 potiretur.
282 2526 385 2571 Quae
408 2539 515 2571 quum
540 2528 591 2563 ita
614 2529 701 2571 sint,
734 2541 803 2564 non
826 2541 914 2574 opus
939 2534 991 2565 est
1014 2534 1054 2564 ut
1076 2541 1290 2576 magnopere
1316 2532 1359 2566 de
1391 2545 1453 2578 op-

50 2586 134 2630 pido
169 2586 414 2623 Thirmida
447 2601 680 2634 quaeramus,
709 2591 799 2625 alias
832 2603 901 2624 non
935 2590 1101 2635 cognita;
1133 2603 1216 2626 nam
1247 2605 1357 2637 quum
1382 2595 1453 2629 hoc

51 2647 221 2692 oppidum
245 2659 287 2682 ex
313 2648 356 2683 iis
383 2651 468 2684 Iocis
488 2655 600 2692 esset,
626 2663 717 2696 quae
741 2653 918 2687 thesauris
937 2654 1214 2699 propinqua
1238 2660 1359 2698 erant,
1384 2667 1452 2690 non

51 2707 183 2742 mirum
208 2713 260 2744 est
281 2709 439 2755 ignobile
462 2712 592 2755 fuisse,
627 2712 886 2758 otram-itque,
916 2714 977 2758 qni
1009 2714 1074 2749 illa
1094 2715 1174 2750 loca
1207 2727 1355 2761 magnas
1378 2717 1450 2750 cla-

50 2779 179 2814 rasque
213 2772 317 2806 urbes
349 2783 425 2807 esse
452 2773 615 2809 voluerit.
663 2774 784 2817 Quare
815 2775 909 2819 quod
940 2775 1134 2812 Muellerm
1159 2777 1308 2813 coniecit
1330 2777 1450 2813 Sallu-
