1826 3276
411 202 774 248 IUGURTHA.
808 202 937 247 CAP.
968 200 1219 246 LXXXIV.
1443 205 1529 247 435

129 323 203 370 Eo
235 321 376 369 modo
418 335 556 384 saepe
591 321 650 368 ab
684 326 879 382 utroque
909 319 1051 366 missis
1084 318 1375 379 remissisque
1409 333 1526 364 nun-

131 422 209 467 ciis
243 426 423 482 tempus
453 420 734 481 procedere,
781 424 826 464 et
855 433 911 487 ex
946 418 1124 463 Metelli
1160 417 1390 464 voluntate
1423 417 1527 463 bel—

127 519 223 569 lum
256 518 470 564 intactum
502 517 635 562 trahi.

266 614 522 660 LXXXIV.
591 613 655 660 At
689 612 888 667 Marius,
932 617 981 656 ut
1019 625 1154 672 supra
1193 611 1409 670 diximus,
1447 627 1528 657 cu-

128 712 419 774 pientissuma
457 712 598 773 plebe
639 710 796 757 consul
838 709 1009 767 factus,
1036 714 1299 769 postquam
1345 711 1386 755 ei
1417 725 1530 771 pro-

127 861 188 897 ille
217 861 390 908 probare,
422 862 557 908 partim
589 861 764 903 abnuere,
796 860 982 895 emiorum
1004 859 1102 894 haud
1134 857 1242 894 dubie
1276 859 1381 904 lapsu
1418 860 1531 895 altera

127 934 215 958 voce
235 923 378 969 omissa,
404 923 498 968 quod
522 921 781 968 depravationis
808 933 920 968 genus
943 921 980 955 in
1003 920 1104 955 libris
1127 931 1236 955 manu
1259 920 1399 966 scriptis
1433 921 1530 956 haud

56 989 60 993 '
125 995 249 1020 rarum
267 988 336 1020 est.
381 984 622 1020 Nihilominus
658 984 798 1020 Cottius
830 984 924 1018 hanc
957 982 1168 1027 scripturam
1201 993 1266 1027 pro
1299 993 1386 1017 vera
1409 982 1532 1017 vendi-

127 1048 190 1082 tat.
214 1065 259 1072 --
284 1047 339 1080 Ea·
361 1047 544 1082 voluntate
568 1057 670 1081 sensu
706 1046 825 1091 paullo
859 1045 979 1079 differt
1010 1055 1033 1078 a
1056 1044 1133 1079 solo
1156 1042 1313 1078 ablativo
1337 1043 1532 1079 voluntate.

128 1105 256 1141 Sextus
277 1105 372 1141 enim
403 1119 504 1143 casus
530 1120 639 1153 quum
666 1119 812 1142 caussae
836 1103 1132 1153 significationem
1163 1105 1317 1147 habeat,
1349 1104 1421 1138 hoc
1444 1104 1531 1138 sim-

127 1165 266 1211 pliciter
292 1166 463 1204 indicaret·
501 1170 651 1204 voluisse
678 1168 865 1203 Metellum
898 1167 1033 1202 bellum
1066 1164 1186 1209 trahi,
1209 1164 1236 1199 i.
1263 1177 1295 1201 e.
1316 1165 1403 1200 belli
1426 1165 1530 1200 tracti

127 1239 287 1263 caussam
316 1228 431 1272 fuisse
464 1227 601 1262 Metelli
633 1230 862 1265 voluntatem.
913 1229 1046 1263 Contra
1069 1238 1111 1261 ex
1135 1227 1366 1272 praepositio,
1400 1227 1530 1272 quain

127 1288 330 1324 universum
354 1288 576 1335 significatur
610 1289 744 1334 aliquid
766 1290 909 1336 prodire
940 1301 984 1324 ex
1009 1288 1130 1334 aliqua
1153 1300 1211 1331 re,
1245 1290 1352 1323 simuI
1374 1290 1532 1325 declarat

127 1355 290 1385 eventum
324 1349 400 1385 sive
435 1350 594 1395 effectum
617 1350 779 1387 habuisse
813 1351 948 1386 Metelli
985 1351 1213 1385 voluntatem.
1260 1351 1368 1385 Hunc
1390 1361 1530 1385 sensum

127 1412 319 1447 vernacula
341 1411 394 1446 ita
410 1411 557 1447 reddas:
581 1424 677 1459 ganz
701 1425 759 1455 so,
782 1413 848 1447 wie
872 1411 1037 1446 Metellus
1061 1422 1098 1445 es
1121 1411 1262 1452 wollte3
1297 1412 1449 1446 alterum
1474 1412 1530 1446 fo-

126 1475 182 1508 ret
202 1473 268 1508 mit
295 1473 424 1508 Willen
448 1473 508 1508 des
531 1473 710 1509 Metellus.
757 1469 931 1508 Subtilior
954 1472 1022 1507 ista
1052 1472 1323 1517 praepositionis
1358 1485 1399 1508 cx
1423 1472 1529 1515 ratio,

129 1545 239 1579 quam
269 1545 375 1579 saepe
403 1533 547 1569 facilius
578 1539 632 1571 est
666 1546 770 1571 sensu
800 1534 1002 1579 percipere,
1034 1546 1141 1579 quam
1172 1535 1284 1570 verbo
1319 1534 1529 1580 exprimere,

129 1606 309 1640 nunquam
340 1594 444 1640 plane
477 1595 670 1641 delitescit,
701 1607 814 1640 neque
837 1596 1027 1631 obscurum
1063 1602 1116 1632 est
1139 1598 1184 1632 ab
1209 1596 1367 1642 generali
1387 1597 1531 1640 effectus

128 1661 190 1692 aut
211 1661 352 1691 eventus
373 1655 515 1691 notione
535 1657 763 1702 repetendum
788 1668 863 1691 esse
886 1668 967 1691 eum
991 1658 1185 1702 particulae
1207 1670 1330 1702 usum,
1356 1669 1460 1701 quem
1484 1657 1529 1691 ad

130 1719 206 1754 eat.
228 1718 287 1761 lv,
309 1717 345 1753 1.
369 1720 405 1752 et
426 1717 471 1752 ad
494 1717 574 1761 XII,
598 1717 632 1752 2.
667 1709 956 1754 111118111811111118.Ι
985 1719 1074 1754 Cum
1099 1719 1251 1754 dictione
1284 1730 1325 1752 ex
1348 1718 1530 1752 voluntate

129 1778 295 1825 congruit
326 1790 368 1813 ex
402 1778 611 1823 composito,
642 1779 743 1814 euius
774 1780 904 1814 nubem
937 1780 1179 1824 exemplorum
1219 1778 1340 1814 attulit
1370 1778 1532 1812 Draken-

128 1841 254 1876 borch.
281 1839 326 1875 ad
349 1839 426 1874 Liv.
451 1840 481 1882 Ι,
505 1840 541 1882 9,
565 1839 624 1876 1⁰.
646 1860 693 1867 —
716 1840 854 1875 Bellum
878 1840 1013 1875 trahi
1035 1839 1256 1875 notissimum
1279 1843 1332 1874 est
1355 1838 1443 1882 dici,
1467 1838 1530 1874 ubi

130 1901 174 1936 de
198 1900 371 1936 industria
393 1900 430 1935 id
453 1900 654 1946 quaeritur,
677 1905 716 1937 ut
739 1901 873 1937 desidia
896 1906 931 1937 et
953 1902 1043 1937 nihil
1066 1903 1203 1948 agendo
1227 1901 1361 1936 bellum
1386 1900 1530 1945 aliquod

130 1974 200 1998 111111
223 1962 389 2003 finiatur-3
416 1973 451 1996 v.
479 1973 587 2007 supra
610 1974 641 2000 c.
664 1962 795 2006 XXIII,
818 1963 852 1997 2.
886 1963 1050 2008 XXXVI,
1077 1962 1111 2000 3.
1134 1967 1169 1998 et
1195 1963 1240 1997 cf.
1265 1962 1530 2000 Drakenborch.

131 2023 278 2060 ad'Liv.
303 2024 347 2067 V,
369 2024 430 2068 11,
452 2022 487 2060 8.
537 2025 656 2068 Quam
677 2024 884 2060 sententiam
909 2029 949 2060 ut
980 2028 1127 2071 augeret
1150 2023 1337 2059 Sallustius
1359 2024 1529 2059 intactum

131 2083 294 2128 addidit,
326 2096 543 2130 quamquam
567 2086 676 2122 huius
706 2085 872 2121 vocabuli
899 2086 997 2121 notio
1021 2087 1094 2121 iam
1118 2085 1156 2120 in
1178 2085 1287 2120 verbo
1309 2086 1451 2120 trabere
1474 2085 1530 2120 iu-

132 2149 195 2182 est.
242 2144 314 2180 Sed
344 2146 431 2181 talia
461 2146 724 2192 perspicuitatis
746 2157 870 2183 caussa
901 2148 978 2182 fieri
1013 2146 1166 2182 diximus
1189 2147 1234 2181 ad
1258 2159 1288 2183 c.
1311 2147 1471 2191 LXXIII,
1494 2147 1528 2182 1.

224 2205 414 2242 LXXXIV.
447 2208 480 2250 ς.
515 2209 550 2243 1.
606 2209 876 2254 cupientissuma
906 2209 1027 2255 plebe]
1063 2209 1256 2253 Perperam
1279 2209 1437 2255 Langius
1459 2210 1531 2244 hoe

134 2267 280 2312 antique
310 2267 444 2303 dictum
467 2274 584 2306 censet
606 2282 671 2316 pro
703 2282 755 2305 cu
767 2270 1037 2316 pidissuma
1057 2270 1170 2316 plebe.
1203 2260 1365 2317 ,Rectius
1389 2270 1530 2306 Cottius

133 2329 387 2375 interpretatur
418 2333 566 2375 favente
597 2337 632 2367 et
664 2331 816 2367 maxime
849 2333 1032 2367 annitente
1065 2331 1164 2378 plebe
1172 2343 1187 2373 ,·
1226 2342 1310 2367 118111
1341 2343 1464 2377 cupere
1493 2335 1530 2368 et

133 2391 226 2430 velle
254 2390 367 2426 verba
397 2401 467 2425 non
496 2391 612 2427 solum
641 2392 688 2429 ad
711 2393 869 2428 dativum
892 2403 1060 2438 personae
1085 2393 1216 2435 relata,
1247 2393 1309 2428 sed
1332 2393 1441 2428 etiam
1463 2394 1528 2428 ab-

135 2451 250 2488 solute
286 2450 404 2497 posita
435 2454 658 2499 praegnanti-
678 2466 780 2490 sensu
817 2455 1020 2502 significant
1055 2454 1168 2489 bene
1198 2464 1324 2498 cupere
1353 2457 1417 2488 aut
1439 2455 1528 2490 velle

136 2512 163 2548 1.
196 2524 228 2548 e.
251 2511 406 2565 iuvere,
441 2515 600 2558 studere,
637 2527 807 2561 propenso
844 2516 964 2551 animo
996 2526 1090 2556 esse;
1122 2525 1156 2549 v.
1188 2513 1234 2548 ad
1257 2525 1288 2549 c.
1309 2514 1469 2557 LXXIII,
1492 2515 1528 2551 3.

137 2574 233 2610 Gort.
264 2574 310 2610 ad
334 2575 408 2611 Cic.
441 2576 536 2621 Epp.
569 2577 614 2612 ad
636 2576 777 2612 Famm.
810 2577 850 2622 1,
880 2576 925 2620 1,
961 2577 995 2612 2.
1020 2575 1129 2621 XIII,
1162 2575 1198 2618 6,
1218 2574 1277 2611 12.
1301 2575 1456 2611 Gronov.
1482 2577 1527 2612 ad

138 2634 232 2671 Gen.
256 2635 332 2681 vn,
356 2635 390 2671 3.
415 2657 461 2662 —
496 2638 627 2672 Factus
657 2637 682 2673 i.
706 2649 737 2673 e.
770 2637 997 2685 designatus;
1028 2649 1061 2672 v.
1091 2638 1136 2673 ad
1158 2636 1336 2680 LXXXII,
1360 2638 1394 2672 2.
1417 2660 1463 2665 —-
1485 2638 1528 2672 In

138 2694 257 2731 verbis
287 2697 322 2732 ei
341 2698 557 2743 provinciam
584 2699 686 2734 iussit
708 2699 868 2734 dativum
899 2711 962 2744 per
984 2711 1021 2734 se
1041 2702 1136 2744 patet
1159 2710 1227 2732 non
1249 2710 1330 2733 eam
1353 2698 1527 2733 rationem

137 2757 292 2803 habere,
326 2769 396 2803 qua
426 2758 463 2793 iu
485 2759 631 2806 vulgari
653 2759 772 2795 iubere
793 2759 894 2795 verbi
915 2764 1091 2796 structura
1120 2760 1344 2795 accusativus
1366 2760 1525 2805 ponitur3

138 2829 220 2854 118111
243 2818 341 2856 aliud
374 2822 428 2856 est
458 2819 579 2855 iubere
609 2821 767 2867 aliquam
797 2832 874 2856 rem
902 2822 983 2865 fieri
1004 2821 1049 2856 ab
1083 2821 1220 2866 aliquo,
1254 2821 1371 2866 aliud,
1405 2820 1527 2855 iubere

1131 2892 1248 2938 28*
