1826 3276
392 152 472 192 184
753 147 797 188 c.
825 125 1144 188 SALLUS‘TI
1174 147 1390 190 emspr

394 263 453 318 ad
484 261 701 321 ignaviam
735 264 924 302 vostram
958 261 1236 316 transtulere,
1270 276 1380 319 quos
1416 263 1554 307 omnis
1586 262 1740 306 eadem

334 365 383 405 15
396 357 563 410 odisse,
607 353 764 398 eadem
808 359 1004 397 metuere
1037 354 1081 396 in
1115 369 1247 398 unum
1281 357 1439 414 coegit.
1506 357 1598 401 Sed
1631 357 1744 400 haec

316 447 507 496 '16iuter
537 449 678 492 bonos
713 448 912 506 amicitia,
946 448 1057 491 inter
1091 450 1228 492 malos
1261 449 1394 493 factio
1429 455 1506 494 est.
1576 450 1745 504 Quodsi

395 553 486 589 tam
521 558 598 588 vos
632 543 839 586 libertatis
874 557 1020 586 curam
1051 543 1285 598 haberetis,
1320 559 1452 602 quam
1484 543 1545 587 illi
1570 544 1630 588 ad
1662 544 1745 588 do-

397 686 465 709 non
496 684 677 718 possumus
709 672 866 708 assentiri
894 673 974 707 Car.
995 671 1140 714 Beiero,
1173 674 1233 716 qui
1254 675 1298 708 ad
1321 674 1392 710 Cic.
1414 675 1456 708 de
1473 674 1544 710 off.
1570 675 1606 718 l,
1629 674 1671 715 7,
1692 673 1749 708 23.

398 738 433 768 et
455 734 499 767 nd
523 733 560 776 1,
584 733 651 774 27,
675 732 730 766 94.
760 738 831 767 tam
852 752 896 758 -—
920 743 1022 779 quam
1058 731 1245 776 particulas
1281 744 1348 766 non
1381 737 1536 778 spectare
1566 737 1679 767 censet
1706 734 1750 766 ad

398 795 542 828 eandem
568 793 743 835 utriusque
766 791 912 826 membri
934 803 1149 835 mensuram,
1188 792 1247 825 sed
1269 793 1313 825 ad
1335 792 1592 826 similitudinem
1616 792 1651 825 in
1674 791 1751 825 uni-

399 865 550 887 versum.
565 871 609 876 —-
631 852 744 886 verba
762 858 888 886 metum
908 864 931 885 a
949 853 1072 884 scelere
1092 863 1151 884 suo
1170 853 1216 884 ad
1233 852 1412 896 ignaviam
1431 857 1578 886 vostram
1599 858 1751 886 transta-

401 914 470 947 lere
486 913 577 946 male
589 911 734 952 Gor-tius,
751 912 938 944 Muellerus
955 915 988 944 et
1003 910 1208 944 Gerlaclrius
1222 916 1420 954 comparant
1433 923 1511 952 eum
1526 912 1604 945 loco
1626 923 1655 947 e.
1671 911 1700 952 1,
1716 911 1749 944 4.

400 972 459 1016 qui
483 983 621 1016 prorsus
642 970 774 1005 alienus
797 974 858 1004 est.
901 970 1086 1013 Perpetem
1117 970 1220 1004 etium
1240 968 1426 1004 Muellerus
1455 971 1624 1015 explicat:
1655 982 1753 1013 „sce-

400 1034 514 1067 lerum
535 1036 714 1070 auctores,
748 1030 830 1074 quia
851 1040 908 1062 vos
926 1030 1071 1074 ignavos
1087 1029 1223 1071 vident,
1255 1029 1343 1063 nihil
1367 1029 1538 1071 timent;“
1572 1041 1678 1073 quum
1699 1034 1753 1064 ta·-

401 1103 479 1126 men
510 1091 582 1124 iam
618 1088 768 1134 bangius
800 1099 937 1122 sensum
971 1091 1062 1121 recte
1093 1089 1338 1131 perspexisset,
1381 1089 1450 1122 hac
1479 1089 1754 1132 interpretatione

401 1151 555 1194 prodita:
590 1149 698 1193 ‚‚ipsi,
731 1159 814 1191 quos
837 1148 979 1180 decebat
1001 1148 1123 1180 timere
1143 1148 1190 1182 'ob
1213 1149 1344 1182 scelera
1365 1159 1448 1190 sua,
1480 1147 1638 1182 timorem
1659 1149 1754 1182 abic-

402 1216 538 1252 cerunt,
566 1214 601 1244 et
626 1209 814 1242 iniecerunt
834 1209 946 1248 vobis,
968 1207 1028 1250 qui
1049 1206 1200 1250 ipsorum
1224 1209 1353 1241 scelera
1375 1219 1440 1240 non
1464 1206 1695 1242 vindicastis.“
1709 1226 1752 1232 —·

404 1272 489 1311 Est,
524 1271 614 1314 quod
638 1278 754 1303 omnes
777 1267 874 1300 codd.
899 1272 978 1309 post
993 1267 1107 1308 factio
1131 1267 1278 1309 habent,
1312 1266 1345 1299 in
1368 1266 1472 1300 Febr.
1495 1267 1530 1302 2.
1561 1267 1615 1300 cui
1639 1272 1757 1311 postea

404 1331 480 1363 Vat.
503 1330 536 1363 4.
561 1333 594 1362 et
615 1327 649 1363 5.
672 1337 860 1368 accessere,
884 1329 960 1368 post
981 1326 1137 1360 amicitia
1157 1326 1300 1370 legitur,
1320 1336 1470 1369 eumque
1492 1327 1676 1361 verborum
1698 1339 1756 1360 or-

403 1389 516 1422 dinem
541 1399 662 1432 parum
685 1385 991 1419 commendabilem
1015 1386 1152 1420 Curtius
1175 1387 1210 1420 in
1233 1389 1362 1420 textum
1385 1386 1510 1421 intulit.

494 1447 526 1487 §-
559 1444 616 1479 16.
631 1448 664 1478 et
681 1445 736 1479 17.
782 1450 856 1479 tam
880 1446 954 1489 vos]
992 1446 1056 1479 Vos
1081 1457 1149 1479 non
1171 1446 1298 1491 legitur
1320 1446 1355 1479 in
1378 1446 1495 1480 Guelf.
1519 1446 1552 1480 l.
1575 1446 1610 1480 4.
1639 1446 1756 1480 Strav-

404 1509 438 1540 et
468 1503 568 1540 Rem.
594 1506 628 1540 1.
659 1515 806 1548 quorum
836 1505 1037 1539 auctoritate
1063 1504 1199 1539 Cottius
1229 1505 1368 1548 expulit.
1425 1505 1494 1538 Sed
1523 1506 1758 1550 oppositorum

403 1564 492 1599 ratio
515 1564 550 1597 id
572 1563 731 1608 flagitem
766 1564 847 1608 quid
877 1563 969 1607 quod
999 1563 1221 1607 interpolatio
1241 1576 1312 1610 *vos
1336 1569 1491 1606 tantam,
1523 1564 1560 1599 in
1583 1565 1701 1599 Guelf.
1725 1565 1758 1599 7.

404 1626 510 1660 Fabr-
534 1625 566 1658 1.
590 1625 624 1659 2.
656 1623 736 1658 Seu.
758 1624 791 1657 2.
826 1625 950 1657 Heuss.
981 1626 1015 1656 et
1037 1624 1128 1668 Teg.
1162 1625 1315 1658 admissa
1345 1625 1492 1659 ostendit
1521 1635 1706 1668 pronomen
1737 1635 1760 1658 a

403 1684 571 1719 Sallustio
591 1683 740 1727 positum
762 1683 883 1724 fuisse,
908 1682 1028 1716 scribis
1049 1684 1223 1726 particula
1245 1685 1356 1728 potius
1379 1683 1530 1718 offensis.
1553 1701 1597 1708 —
1620 1684 1759 1726 Benefi-

405 1745 460 1778 cia
473 1745 591 1788 populi
605 1744 820 1786 consulatus,
842 1742 1044 1784 sacerdotia,
1067 1747 1230 1786 praetura
1252 1743 1382 1787 aliique
1402 1744 1548 1778 honores
1569 1741 1604 1776 in
1626 1743 1758 1786 republ.

405 1807 602 1849 frequenter
623 1806 812 1844 vocantur,
835 1801 920 1845 quia
942 1802 1121 1847 suffragiis
1143 1803 1259 1846 populi
1281 1803 1435 1838 mandati
1455 1804 1572 1842 annu
1594 1801 1640 1837 εἳ.
1662 1801 1707 1835 ad
1728 1813 1759 1834 c.

399 1866 586 1908 -Lxxxv,
608 1864 642 1899 3.
668 1864 782 1898 Com.
803 1879 847 1888 —-
879 1862 1047 1897 Maiestas
1075 1862 1196 1906 populi
1218 1863 1298 1906 quid
1322 1863 1367 1897 sit
1390 1861 1642 1906 Quinctilianus
1664 1862 1762 1895 docet

406 1924 486 1967 Vll,
508 1924 552 1964 3,
575 1923 632 1958 35.
656 1934 738 1958 usus
760 1922 934 1956 Ciceronis
956 1922 1090 1963 verbis,
1113 1922 1173 1966 qui
1195 1922 1324 1956 alicubi
1346 1921 1451 1956 dixin
1474 1921 1689 1956 maiestas
1711 1926 1762 1954 est

408 1983 445 2017 in
462 1985 602 2027 imperio
621 1989 722 2028 atque
737 1984 774 2017 in
793 1982 884 2016 omni
898 1983 1015 2026 populi
1027 1982 1176 2016 Romani
1193 1982 1375 2026 dignitate.
1405 1981 1458 2015 lbi
1473 1982 1644 2015 Gesner-ue
1666 1991 1762 2014 eom-

409 2043 545 2088 parnvit
568 2043 639 2077 Cic.
662 2043 704 2076 de
726 2043 799 2078 lnv.
821 2043 876 2082 11,
900 2042 963 2082 17,
988 2041 1045 2075 53.
1083 2040 1377 2076 Maiestatem
1398 2042 1550 2076 minuere
1568 2046 1620 2076 eut
1639 2041 1682 2075 de
1707 2041 1763 2075 da·-

407 2103 565 2149 gnitate,
597 2107 659 2136 aut
685 2101 931 2146 amplitudine,
964 2105 1027 2134 aut
1047 2105 1216 2145 potestate
1239 2102 1358 2145 populi
1385 2105 1448 2135 aut
1475 2112 1610 2143 emas,
1644 2101 1763 2146 quibua

407 2163 551 2208 populus
565 2166 769 2206 potestatem
785 2162 889 2205 dedit,
913 2160 1044 2204 aliquid
1062 2161 1244 2205 derogare.
1263 2179 1308 2186 —
1328 2161 1592 2196 comanoadae
1610 2160 1636 2196 i.
1649 2172 1681 2197 e.
1703 2161 1764 2195 fir-

410 2222 512 2256 miter
534 2219 719 2266 parandae,
743 2220 1016 2262 confirmandae,
1037 2219 1275 2254 stabiliendae.
1298 2221 1342 2254 cf.
1365 2219 1484 2255 Bromi
1507 2220 1551 2255 ed
1573 2219 1657 2264 Nep.
1678 2220 1762 2255 Gon.

410 2294 442 2317 c.
466 2283 513 2323 V,
537 2281 570 2315 2.
592 2282 708 2332 §aum
734 2292 901 2326 magnam
921 2280 1159 2314 auctoritatem
1177 2279 1242 2314 niba·
1262 2292 1385 2326 pugna
1409 2281 1473 2314 illa
1495 2279 1764 2316 contin-t·-

409 2347 487 2376 set.
510 2341 557 2376 id.
575 2341 705 2383 Chabr.
721 2340 764 2382 11,
782 2340 815 2374 1.
839 2339 998 2385 Regnum
1015 2340 1047 2374 ei
1062 2340 1312 2375 coustituit.
1337 2340 1408 2374 Cie.
1422 2352 1455 2384 p.
1471 2340 1572 2375 Gneo.
1588 2349 1621 2375 e.
1635 2339 1691 2380 14,
1705 2339 1762 2373 4⁰.

418 2401 538 2435 Videte
557 2401 647 2445 quod
665 2401 718 2434 ius
731 2400 846 2444 nobie,
869 2411 974 2444 quam
992 2400 1218 2434 condicionem
1234 2401 1396 2434 vobismet
1414 2400 1517 2444 ipsis,
1535 2409 1638 2443 qaam
1666 2399 1765 2432 dens*-

409 2465 475 2505 que
497 2462 631 2495 civitati
646 2462 758 2506 legem
780 2459 1056 2494 constituere
1078 2460 1200 2494 velitis.
1223 2458 1342 2494 lustin.
1364 2459 1455 2500 XM,
1478 2457 1514 2500 5,
1534 2457 1570 2493 5.
1603 2457 1764 2500 Quaesito

411 2521 512 2554 simul
535 2521 868 2564 constitutoque
889 2531 1010 2565 regno.
1025 2539 1071 2545 —-
1093 2521 1145 2554 De
1166 2518 1402 2562 secessionibus
1423 2517 1532 2561 plebis
1554 2528 1586 2551 v.
1602 2517 1646 2552 ad
1662 2518 1765 2553 Catil.

409 2580 579 2628 xxxiii,
600 2580 635 2614 ὃ.
682 2579 888 2614 Aventinum
909 2589 967 2612 eos
990 2579 1040 2613 bis
1062 2589 1246 2622 occupasse
1267 2582 1398 2612 veteres
1419 2588 1487 2612 non
1510 2587 1675 2611 consensu
1692 2580 1764 2612 tra-

409 2639 513 2681 dunt,
535 2638 705 2683 plerisque
726 2637 876 2680 primum
900 2637 1046 2672 Sacrum
1067 2641 1217 2672 montem
1241 2640 1445 2681 occupatum
1468 2635 1575 2670 fuisse
1595 2636 1765 2671 nemeti-

410 2697 485 2732 bus.
533 2693 600 2731 Sed
633 2697 816 2732 Sallustius
852 2698 890 2732 Ia.
923 2697 1083 2732 Pisonem
1113 2696 1223 2741 Frugi
1256 2698 1429 2732 auctorem
1458 2699 1598 2743 secutus
1626 2699 1697 2740 est,
1726 2701 1766 2731 ut
