1826 3276
453 170 813 215 IUGURTHA.
875 170 1004 214 CAP.
1033 169 1196 214 xvm.
1322 165 1331 168 ἢ
1446 175 1532 217 115

128 305 203 340 res
245 289 360 335 inter
403 305 452 334 se
490 290 780 334 instituerant.
861 289 1040 334 Nomen
1089 302 1246 333 eorum
1290 289 1524 350 paullatim
1538 296 1590 336 10

127 387 300 447 Libyes
329 402 599 448 corrupere,
635 387 831 432 barbara
855 387 1009 447 lingua
1043 384 1232 431 Mauros
1262 399 1349 447 pro
1372 385 1525 434 Medis

127 484 421 546 appellantes,
494 485 590 530 Sed
634 501 706 530 res
752 486 992 530 Persarum
1031 455 1166 528 brevi
1211 483 1438 540 adolevit3
1473 490 1587 531 ac11

125 589 288 644 postea
321 582 504 627 nomine
535 582 775 638 Numidae,
810 587 1003 642 propter
1031 581 1360 627 multitudinem
1387 600 1414 628 a
1438 599 1528 644 pa-

126 681 324 726 rentibus
365 680 579 741 digressi,
613 679 863 740 possedere
901 694 954 723 ea
989 678 1116 734 loca,
1151 693 1270 736 quae
1303 696 1527 740 proxuma

124 823 317 861 mum
347 823 498 867 referri,
531 824 592 860 sed
629 824 675 859 ad
709 823 767 866 id,
801 823 896 868 quod
931 822 968 857 in
1007 823 1179 858 sententia
1210 824 1420 868 primarium
1461 831 1524 870 est,

124 885 237 932 (quod
270 885 315 920 de
345 885 402 920 hio
431 885 636 930 pronomine
657 886 853 920 luculenter
875 889 1078 929 persecutus
1101 888 1154 919 est
1176 885 1257 920 Cer.
1283 887 1392 921 Henr.
1422 887 1526 923 Frot-

122 947 227 983 acher
247 946 286 983 in
313 944 416 981 Obse.
438 947 476 982 in
499 947 587 993 Sall.
615 947 656 981 P.
681 948 707 982 1.
741 956 776 991 p.
811 946 890 991 32.)
923 957 1035 990 neque
1075 946 1240 989 Latinos,
1276 948 1405 993 quippe
1438 949 1527 984 recti

122 1019 243 1045 senne
263 1008 303 1043 vi
323 1008 495 1051 nitentes,
517 1007 767 1054 ambiguitatis
798 1007 996 1052 periculum
1022 1008 1139 1042 vereri
1169 1009 1302 1043 solitos.
1349 1010 1528 1045 Nonnulla

122 1071 195 1106 huc
215 1070 383 1106 facientia
396 1070 598 1105 notavimus
629 1069 675 1105 ad
710 1068 815 1104 Catil.
846 1069 1009 1112 XLVIII,
1042 1069 1075 1103 1.
1109 1069 1318 1114 quibuscum
1352 1070 1397 1105 cf.
1433 1070 1528 1107 dicta

122 1133 168 1168 ad
183 1133 262 1179 lug.
290 1132 395 1174 XIV,
417 1132 477 1167 23.
502 1137 538 1168 et
559 1133 604 1168 ad
627 1131 765 1172 XXIV,
788 1129 822 1166 8.
856 1129 991 1165 Eodem
1022 1131 1128 1165 modo
1159 1130 1333 1167 intellexit
1368 1138 1526 1168 nostrum

112 1194 244 1229 ‘Iocum
265 1193 425 1229 Perizon.
449 1194 495 1228 ad
518 1193 636 1228 Sauct.
663 1192 752 1228 Mim
776 1191 829 1233 11,
853 1191 899 1234 9,
923 1181 1010 1228 extr.
1034 1194 1082 1229 T.
1106 1194 1134 1229 I.
1160 1205 1193 1237 p.
1210 1193 1292 1228 ΖΠ.
1314 1194 1369 1228 ed.
1395 1195 1527 1230 Bauer.

123 1256 169 1290 cf.
193 1265 306 1300 supra*
320 1267 352 1290 c.
377 1255 498 1297 XVII,
521 1254 555 1290 4.
579 1255 641 1290 sed
662 1253 876 1298 Africam
898 1254 935 1288 in
957 1254 1114 1299 Europa.
1140 1255 1206 1288 Ea
1227 1255 1311 1298 finis
1328 1256 1436 1292 habet
1461 1261 1526 1292 etc.

123 1335 171 1343 -—
196 1317 267 1351 Pro
285 1318 392 1361 ,freto
424 1316 557 1352 Wassii
589 1316 667 1351 cod.
692 1314 837 1350 Martia.
871 1315 980 1350 habet
1007 1318 1131 1360 fretu,
1167 1316 1262 1360 quod
1292 1316 1356 1350 ille
1378 1317 1523 1362 recepit.

122 1379 231 1414 Istam
264 1378 421 1413 Formam
451 1380 658 1422 usurpatam
686 1376 797 1411 fuisse
832 1380 866 1411 et
898 1377 1082 1412 ostendunt
1105 1382 1312 1422 poetarum,
1337 1378 1432 1413 velut
1455 1379 1529 1414 Lu-

123 1439 246 1482 cretii,
281 1440 459 1484 exempla,
494 1443 529 1475 et
559 1440 788 1475 confirmatur
819 1439 1138 1485 grammaticorum
1168 1438 1401 1481 testimoniis,
1434 1451 1470 1475 v.
1496 1451 1532 1478 c.

123 1500 296 1536 Priscian.
333 1501 402 1543 vl,
432 1501 500 1544 16,
527 1501 586 1536 ⁶19.
622 1501 668 1536 T.
702 1500 731 1535 1.
764 1511 798 1545 p.
834 1499 918 1536 214.
946 1500 1002 1535 ed.
1024 1500 1089 1534 Kr.
1123 1499 1218 1543 Quin
1243 1500 1361 1535 Gellio
1385 1504 1530 1536 auctore

121 1553 198 1597 NN'.
214 1562 290 1597 ΔΑ.
305 1561 407 1604 XIII,
429 1562 488 1597 2⁰.
511 1562 588 1607 ipse
610 1563 737 1597 Cicero
759 1561 796 1595 iu
820 1561 918 1595 Verr.
945 1561 986 1603 V,
1008 1561 1068 1604 66,
1092 1561 1174 1596 169.
1200 1560 1291 1596 dixit
1311 1568 1529 1608 perangusto

118 1627 267 1670 fretu.
311 1623 414 1659 Nihil
434 1623 547 1668 igitur
570 1625 705 1665 obstat,
729 1622 916 1666 quominus
939 1621 1150 1657 Sallustium
1175 1632 1316 1666 quoque
1334 1622 1386 1658 ita
1409 1623 1528 1658 dicere

123 1685 278 1730 potuisse
306 1685 501 1719 credamus.
548 1684 620 1719 Sed
642 1695 752 1729 quum
777 1695 866 1717 nnus
890 1686 1028 1718 tantum
1051 1683 1152 1726 cod„
1175 1693 1291 1727 neque
1315 1682 1344 1717 is
1367 1682 1529 1729 insignis,

123 1746 297 1782 rariorem
325 1747 482 1781 formam
514 1747 698 1790 praebeat,
732 1756 814 1780 eam
835 1744 954 1788 potius
976 1755 998 1778 a
1022 1745 1126 1778 docto
1150 1742 1323 1785 librario,
1346 1745 1440 1788 quod
1464 1756 1530 1790 ge-

121 1818 187 1843 nus
203 1807 420 1852 antiquarios
436 1811 577 1848 vocant,
592 1817 701 1851 quam
716 1817 738 1841 a
753 1804 925 1840 Sallustio
939 1805 1132 1849 profectam
1149 1803 1278 1839 iudico.
1305 1804 1449 1839 Fretum
1465 1816 1531 1840 au-

110 1872 195 1912 ltem
209 1868 421 1914 intelligitur
437 1869 665 1904 Gaditanum.
706 1869 809 1912 Quod
825 1878 934 1912 quum
958 1869 1157 1910 opponatur
1176 1865 1270 1899 mari
1291 1876 1435 1911 mag-no,
1461 1878 1531 1911 quo

121 1933 246 1966 unctor
257 1931 289 1973 5.
301 1929 336 1964 5.
351 1929 487 1964 dixerat
501 1930 629 1964 Persas
643 1941 665 1964 a
681 1929 902 1963 commerciis
917 1926 1115 1972 prohibitos
1129 1926 1251 1969 fuisse,
1267 1926 1318 1960 itu
1331 1926 1533 1972 intelligen-

55 1990 59 1997 '
123 1991 207 2026 dum
221 1994 286 2034 est,
302 1994 342 2026 ut
355 1990 453 2026 notio
479 2002 602 2038 ungu
612 2002 629 2025 s
640 1991 680 2026 ti
702 1992 813 2025 maris
828 1990 998 2030 emineat,
1024 1987 1153 2032 quippe
1176 1998 1267 2031 quae
1283 1998 1408 2023 caussa
1423 1989 1532 2024 fuerit

123 2063 244 2090 rerum
267 2051 361 2087 inter
382 2063 424 2086 se
446 2053 707 2088 mutandarum.
739 2053 861 2097 Quare
875 2052 919 2085 ad
947 2058 1075 2085 nexum
1091 2048 1344 2083 sententiarum
1362 2050 1532 2086 Weissius

80 2130 83 2137 ι
122 2109 193 2149 nou
206 2114 302 2149 mule
316 2113 488 2158 explicat:
515 2114 599 2159 quia
624 2125 675 2148 no
685 2125 710 2148 π
731 2115 830 2148 nisi
846 2115 875 2157 s
878 2125 897 2147 r
907 2117 978 2148 eto
993 2113 1099 2147 divisi
1114 2117 1228 2157 erant.
1245 2129 1292 2136 —
1307 2111 1424 2146 Verba
1441 2113 1532 2148 inter

123 2187 161 2212 se
174 2185 239 2220 per
252 2174 394 2221 synesin
408 2178 567 2218 spectant
581 2175 624 2209 ad
641 2186 768 2209 nomen
787 2174 1024 2219 Hispanorum
1038 2198 1048 2216 ‚
1085 2167 1178 2217 quod
1195 2173 1282 2207 latet
1298 2171 1334 2206 in
1349 2173 1532 2218 Hispania

125 2235 177 2280 (v.
203 2235 251 2270 ad
277 2235 353 2271 cat.
381 2234 544 2278 XXXIX,
566 2236 603 2270 3.
630 2248 663 2280 p.
690 2236 816 2281 183.);
842 2247 912 2280 quo
934 2236 985 2276 fit,
1009 2238 1048 2268 ut
1071 2235 1299 2269 instituerant
1323 2246 1391 2270 non
1415 2236 1530 2277 sohm

124 2295 249 2333 Medos
265 2299 302 2331 et
314 2296 512 2341 Armenios,
525 2298 587 2332 sed
601 2297 709 2333 etiam
723 2298 903 2343 Hispanos
918 2294 1115 2331 subiectum
1133 2294 1276 2329 habeat.

217 2418 253 2460 S.
278 2414 336 2451 11.
385 2417 524 2451 nomine
550 2415 744 2461 Numidae]
765 2414 923 2451 Pessime
947 2414 1120 2448 Gruterus
1145 2424 1187 2446 ex
1210 2412 1414 2448 coniectura
1438 2414 1534 2450 dedit

126 2477 458 2513 Nono-Numidae
472 2503 481 2519 ‚
518 2477 612 2521 quod
645 2481 682 2512 et
715 2477 753 2511 in
775 2474 1030 2519 Havercampii
1063 2473 1218 2508 editione
1250 2474 1438 2519 repetitum
1470 2480 1534 2511 est.

123 2535 247 2584 Longe
277 2539 424 2584 plurimi
455 2537 540 2573 libri
569 2538 606 2573 in
637 2542 780 2582 recepta
814 2537 990 2580 scriptura
1021 2535 1256 2578 consentiunt3
1279 2535 1344 2571 alii
1367 2536 1437 2571 levi
1462 2536 1535 2571 ‹lis-

40 2620 58 2637 «
125 2599 307 2644 crepantia
338 2601 479 2635 nomine
511 2600 702 2634 Numidiae
732 2599 910 2643 praebent.
957 2598 1009 2631 Ac
1042 2608 1168 2631 verum
1198 2608 1279 2632 esse
1298 2598 1435 2631 nomine
1459 2597 1532 2632 iam

67 2657 70 2659 ’
127 2661 267 2696 eortius
288 2672 332 2697 eo
355 2658 620 2703 demonstravit,
645 2661 740 2705 quod
765 2659 802 2694 in
827 2659 946 2693 Guelf.
970 2659 1030 2693 16.
1054 2658 1208 2702 itemque
1230 2658 1268 2692 in
1292 2658 1389 2693 Leid.
1415 2659 1458 2693 F.
1483 2662 1535 2694 est

72 2758 76 2763 .
125 2723 263 2758 nomine
284 2729 467 2759 mutato
488 2723 684 2762 Numidac‚·
707 2721 744 2755 in
768 2719 866 2755 Leid.
883 2720 925 2754 A.
942 2724 978 2755 et
992 2720 1045 2756 Μ.
1068 2721 1147 2755 sub
1167 2721 1306 2755 nomine
1334 2721 1537 2761 Numidam

125 2782 164 2818 in
189 2783 273 2820 Seu.
309 2783 342 2821 1.
375 2786 428 2819 de
453 2786 591 2820 nomine
619 2780 724 2820 Num.
735 2795 748 2824 ,-
780 2783 816 2817 in
848 2781 958 2818 Acad.
995 2782 1073 2817 Vin.
1106 2782 1140 2817 2.
1166 2789 1202 2816 et
1235 2782 1375 2818 l'ratisl.
1400 2782 1435 2816 2.
1460 2782 1537 2816 sub

1168 2855 1250 2898 8*
