1826 3276
380 162 467 201 260
747 157 792 200 G.
820 156 1143 200 SALLUSTI
1171 158 1389 202 CRISPI

382 273 557 317 militiae
594 277 709 326 erat,
744 276 794 313 ut
826 270 983 314 absens
1019 287 1073 315 an
1101 287 1325 331 praesens,
1360 281 1524 333 pacem
1556 289 1613 318 an
1640 274 1736 318 bel-

381 360 474 412 lum
507 381 667 426 gerens
700 365 987 424 perniciosior
1020 372 1134 410 esset
1165 367 1210 411 in
1245 368 1413 412 incerto
1444 367 1694 421 haberetur.

516 460 698 507 XLVII.
764 460 875 504 Erat
907 459 1029 505 haud
1061 462 1200 522 longe
1242 463 1302 507 ab
1346 478 1401 507 eo
1435 463 1612 522 itinere,
1648 478 1738 522 quo

381 556 590 602 Metellus
633 556 857 616 pergebat
872 588 886 613 ‚
931 555 1151 616 oppidum
1195 554 1487 602 Numidarum
1505 591 1520 615 ,
1566 559 1739 602 nomine

364 726 558 770 ¹intellecta
585 739 701 770 autem
731 734 884 780 ineptam
918 735 1121 770 sententiam
1142 735 1318 780 praebere.
1362 734 1481 779 Neque
1501 735 1592 770 eni·
1616 735 1741 779 ubique

381 796 512 839 equites
533 797 683 830 hostium
707 800 823 838 erant,
845 807 955 840 neque
977 796 1137 830 Metellus
1158 796 1193 829 id
1215 795 1396 829 consilium
1417 796 1590 837 hahebat,
1611 798 1650 828 ut
1671 805 1741 836 eos,

381 857 442 900 qui
463 857 530 890 sibi
553 857 703 890 maxime
719 857 861 891 cavendi
884 859 1002 897 essent,
1028 859 1207 898 quaereret
1227 859 1443 899 peteretque3
1465 865 1586 888 verum
1608 854 1643 887 id
1658 864 1742 898 uge-

380 917 460 956 bet,
492 920 530 949 ut
562 920 682 950 contra
710 917 842 950 subitas
875 914 1103 950 Numidarum
1125 914 1281 958 equitum
1312 914 1551 958 aggressiones
1571 908 1740 948 exercitus

379 987 485 1019 quem
506 975 726 1010 firmissimus
748 980 854 1017 esset,
878 986 1024 1018 eumque
1046 975 1090 1007 ob
1113 985 1269 1008 caussam
1281 973 1457 1025 peditibus
1479 973 1514 1007 in
1535 974 1650 1007 medio
1662 974 1739 1007 col-

380 1035 520 1078 locntis,
553 1040 624 1069 tum
656 1036 692 1069 in
723 1035 835 1079 primo
860 1039 963 1078 etque
996 1038 1192 1078 postremo,
1228 1038 1303 1068 tum
1333 1034 1369 1068 iu
1399 1034 1508 1068 lutere
1527 1036 1673 1076 utroque
1695 1042 1738 1065 eu

379 1095 533 1130 militum
563 1106 692 1139 genera
724 1096 977 1136 collocaverat,
1008 1094 1068 1138 qni
1099 1093 1256 1127 hostibus
1278 1089 1738 1133 arcendie'muximeidonei

379 1160 503 1191 essent.
548 1156 614 1190 His
640 1156 745 1189 rebus
767 1155 817 1188 ite
840 1154 988 1198 provisis
1021 1166 1059 1187 se
1090 1153 1285 1187 confidebat
1310 1152 1476 1187 Numidas
1491 1176 1502 1194 ‚
1541 1160 1739 1196 quacunque

379 1219 439 1251 viu
461 1217 520 1250 vel
544 1227 741 1261 quacunque
765 1227 805 1248 ex
820 1220 920 1258 parte
942 1215 1146 1248 invaderent
1168 1214 1344 1247 Romanoa
1369 1212 1436 1246 iter
1456 1211 1740 1254 facientesspro-

378 1278 518 1321 pulsure
553 1287 674 1319 posse3
706 1275 752 1309 cf.
785 1286 813 1308 c.
846 1275 927 1316 LV,
950 1274 984 1309 8.
1026 1286 1107 1318 qua
1139 1278 1377 1307 venturum
1405 1272 1534 1305 hostem
1566 1269 1738 1303 audierat.

378 1337 574 1379 xxxvm,
605 1336 641 1369 6.
687 1336 844 1379 anue
874 1334 1045 1368 Numidae
1076 1333 1187 1367 cuncti
1217 1333 1384 1376 irrupere.
1415 1331 1493 1365 Liv.
1525 1329 1594 1370 lv,
1617 1327 1682 1369 19,
1703 1327 1739 1361 2.

380 1397 553 1430 cornelius
577 1396 697 1429 cossus
727 1407 830 1440 quum
863 1396 910 1428 ad
950 1395 1113 1437 impetum
1149 1392 1338 1433 Tulnmnii,
1380 1399 1661 1435 quacumque
1691 1398 1737 1422 se

378 1456 671 1497 intendisset,
693 1455 906 1498 trepidantes
929 1454 1105 1486 Romanas
1125 1453 1257 1485 videret
1279 1456 1422 1486 turmas.
1467 1450 1543 1483 lam
1565 1448 1660 1481 vides
1677 1458 1737 1480 αο-

376 1517 494 1551 eedcre
516 1526 619 1559 quum
643 1515 863 1547 commodum
885 1524 1020 1547 sensum
1051 1512 1180 1545 habeat
1209 1511 1252 1544 de
1272 1510 1394 1544 subitis
1415 1508 1607 1554 Iugurthae
1621 1508 1737 1549 impe-

375 1577 468 1610 tibus
492 1575 723 1616 intellectum,
752 1574 871 1617 quales
898 1572 1099 1616 saepissime
1119 1572 1179 1604 ille
1209 1571 1326 1603 facere
1355 1569 1509 1610 solebat,
1544 1567 1596 1602 uti
1619 1567 1735 1601 Sallu-

373 1637 457 1670 stius
480 1638 599 1669 narrat
622 1646 654 1668 ο.
678 1635 717 1675 L,
736 1633 769 1667 5,
793 1633 876 1674 LIV,
896 1632 930 1666 9.
953 1631 1040 1672 LVI,
1061 1631 1095 1664 4.
1118 1631 1206 1672 Lm,
1220 1630 1253 1663 2.
1279 1631 1352 1671 Lx,
1374 1629 1408 1663 a.
1454 1616 1642 1673 Equitatus
1659 1627 1737 1670 plu-

373 1697 440 1731 rali
473 1695 626 1740 positum
658 1694 787 1738 leg-itui·
817 1693 922 1726 etiem
951 1692 1043 1734 apud
1074 1691 1170 1724 Caes.
1200 1690 1244 1723 B.
1270 1689 1310 1724 C.
1332 1690 1367 1731 1,
1389 1689 1447 1731 61,
1468 1688 1503 1724 3.
1532 1686 1595 1720 ubi
1617 1686 1736 1720 Devis.

373 1757 518 1791 contulit
542 1757 639 1790 Aunt.
663 1755 705 1787 de
728 1755 770 1788 B.
793 1753 894 1796 Hisp.
917 1762 948 1785 c.
971 1742 1028 1784 36.
1052 1750 1094 1783 de
1115 1749 1160 1783 Β.
1183 1749 1257 1783 Afr.
1281 1759 1312 1784 c.
1338 1748 1394 1784 14.
1417 1752 1452 1782 et
1475 1747 1572 1781 Flor.
1592 1746 1653 1787 111,
1677 1745 1736 1786 11,

373 1818 407 1854 8.
445 1818 499 1852 Au
526 1815 775 1851 emendandum
805 1813 920 1846 locum
958 1814 1111 1844 nostrum
1146 1808 1355 1842 Gerlachius
1390 1812 1482 1842 recte
1512 1806 1603 1847 vidit
1628 1805 1735 1840 etium

373 1881 560 1918 commate,
589 1876 680 1919 quod
703 1874 810 1918 vulgo
833 1875 910 1916 post
933 1871 1135 1905 accederent
1156 1868 1323 1909 habetur,
1355 1871 1431 1911 post
1453 1867 1598 1901 hostium
1618 1870 1734 1900 trane-

372 1938 485 1983 posito
508 1948 582 1971 esse
605 1947 710 1979 opus;
733 1934 792 1967 sed
819 1943 880 1976 pro
904 1929 1130 1964 inconstantia
1151 1938 1214 1961 suu
1236 1927 1271 1960 in
1288 1927 1340 1960 ed.
1360 1926 1444 1960 min.
1461 1937 1578 1961 rursus
1593 1926 1637 1960 ud
1654 1926 1733 1959 vul-

371 2002 503 2044 gatam,
526 1997 562 2030 in
586 1997 789 2029 Commentt.
813 2004 845 2036 p.
858 1989 938 2025 285.
957 1991 1166 2030 damnatam,
1186 1987 1301 2022 rediit.
1345 1987 1411 2020 Vix
1431 1990 1483 2021 est
1505 1990 1621 2020 autem
1642 1986 1734 2029 quod

372 2062 554 2093 moneatur
576 2067 619 2090 ex
639 2053 844 2098 antegressis
878 2063 932 2085 eos
954 2047 1107 2093 suppleri
1129 2049 1272 2089 debere,
1302 2048 1392 2091 quod
1423 2046 1466 2080 ud
1494 2047 1734 2090 propulsarent

371 2118 561 2164 pertineat3
589 2117 633 2150 cf.
658 2126 687 2148 e.
714 2113 830 2154 XXV,
854 2111 890 2145 7.
914 2109 1052 2150 XXXI,
1074 2108 1131 2143 28.
1154 2109 1286 2150 xux,
1309 2107 1342 2141 4.
1367 2106 1491 2147 LXXI,
1513 2106 1548 2142 2.
1571 2106 1676 2147 XCH,
1698 2105 1732 2138 2.

371 2179 475 2218 XCV,
500 2178 534 2212 2.
554 2196 600 2204 --
627 2177 699 2219 Que
722 2177 797 2218 post
820 2177 920 2206 tanta
942 2170 1059 2204 Vinur.
1083 2169 1117 2203 1.
1140 2180 1206 2202 non
1229 2169 1355 2210 habet,
1379 2179 1420 2202 uc
1443 2168 1566 2211 probat
1586 2165 1734 2200 Cot-tius.

371 2240 461 2274 Eum
486 2235 693 2271 Gerlachius
716 2238 808 2268 recte
830 2231 967 2276 quidem
991 2241 1059 2264 non
1081 2232 1217 2263 secutus
1237 2233 1307 2271 θείς
1329 2228 1386 2262 sed
1410 2227 1502 2272 quod
1523 2226 1608 2261 dicit
1627 2237 1732 2268 „orn-

370 2299 474 2334 tionis
496 2306 677 2331 numerum
699 2293 890 2328 necessario
912 2291 1131 2335 postulare“‚
1154 2293 1192 2322 ut
1215 2300 1279 2333 que
1305 2289 1468 2328 addatur,
1490 2287 1526 2320 id
1548 2285 1649 2320 nihili
1670 2291 1732 2320 est.

371 2359 480 2403 Quasi
502 2367 584 2391 vero
608 2355 752 2398 copulae
773 2351 887 2396 ellipsi
908 2350 1019 2386 omnis
1041 2360 1202 2383 numerus
1233 2352 1426 2387 evertatur,
1458 2358 1567 2391 neque
1586 2347 1733 2390 asynde-

373 2422 436 2452 ton
465 2418 502 2451 in
532 2414 700 2464 Sallustio
733 2413 819 2447 ferri
847 2411 972 2456 possit!
999 2429 1045 2435 —
1087 2410 1211 2443 Pacem
1239 2420 1287 2442 an
1317 2409 1440 2442 bellum
1472 2417 1640 2452 gerens
1672 2418 1732 2450 per

372 2488 519 2523 zeugma
542 2477 672 2510 dictum
694 2486 768 2509 esse
789 2485 856 2507 non
879 2471 1024 2506 dubium
1045 2470 1199 2511 videtur3
1220 2479 1300 2503 nam
1323 2467 1460 2513 proprie
1477 2478 1597 2511 pacem
1612 2477 1732 2510 gerere

373 2549 441 2572 non
473 2537 609 2571 dicitur.
655 2535 763 2569 Aliter
792 2533 906 2566 visum
935 2532 1074 2572 Fabro,
1108 2530 1167 2574 qui
1197 2527 1346 2573 zeugma
1375 2527 1434 2561 hie
1460 2525 1584 2561 haberi
1615 2531 1732 2571 neget,

373 2598 455 2643 qnia
475 2608 597 2643 gerere
615 2596 730 2629 valcat
751 2595 943 2635 ostendere,
965 2593 1021 2626 vel
1043 2602 1129 2636 prae
1153 2602 1187 2625 se
1205 2592 1312 2632 serre.
1359 2587 1428 2620 Sed
1450 2586 1500 2620 sic
1522 2597 1657 2629 quoque
1681 2586 1731 2620 ‹li-

373 2669 474 2692 versa
495 2657 629 2691 ratione
651 2655 795 2688 verbum
818 2654 862 2687 ad
885 2654 953 2687 duo
976 2651 1189 2687 substantiva
1212 2648 1332 2683 referri
1355 2647 1390 2682 in
1414 2652 1575 2691 promptu
1601 2650 1661 2680 est.
1685 2647 1731 2679 cf.

373 2719 517 2763 Fragm.
540 2716 690 2751 Historr.
713 2717 784 2750 lnc.
810 2713 889 2749 160.
945 2714 989 2749 Ut
1009 2724 1078 2747 res
1099 2713 1214 2756 megin
1236 2720 1338 2754 quam
1360 2708 1501 2743 verba
1523 2717 1733 2753 gereren-
