1826 3276
396 208 767 253 IUGURTHA.
825 208 950 253 ΕΔΓ.
972 207 1171 251 XXXV.
1389 211 1476 253 2⁰⁶

80 343 252 390 nepos,
301 327 401 387 qui,
458 327 565 386 quia
614 327 659 371 in
704 326 978 371 dissensione
1020 339 1182 387 reg-um
1225 324 1473 387 Iugurthae

79 425 293 471 advorsus
329 425 488 482 fuerat,
524 423 677 470 dedita
709 423 834 470 Cirta
863 429 909 468 et
938 422 1202 468 Adherbale
1235 423 1472 468 interfecto

78 522 301 584 profugus
337 538 393 568 ex
425 514 582 570 Africa
616 522 798 568 abierat.
868 520 989 566 Huic
1023 521 1104 582 Sp.
1140 521 1354 580 Albinus,
1389 521 1505 581 qui2

79 633 302 681 proxumo
337 635 457 666 anne
498 626 604 681 post
636 618 836 663 Bestiam
873 633 976 662 cum
1012 618 1071 674 Q.
1108 617 1310 663 Minucio
1345 618 1473 663 Rufo

80 717 357 763 comulatam
397 717 612 778 gerebat,
659 715 927 776 persuadet,
976 715 1188 774 quoniam
1232 732 1288 761 ex
1333 717 1472 778 stirpe

78 870 178 902 ratus
199 865 401 910 perfeetum
419 875 440 901 a
463 863 619 899 librariis
644 866 791 907 propter
821 868 1015 908 augescunt
1047 862 1084 898 in
1107 874 1271 908 praesen·
1293 869 1471 900 mutatum

78 938 174 963 esse..
208 925 370 962 Concedo
401 925 493 960 hanc
522 929 723 969 temporum
755 924 986 959 variationem
1019 924 1104 959 ferri
1133 936 1255 969 posse,
1287 926 1317 960 si
1349 938 1472 960 omnes

83 988 184 1024 codd.
208 986 461 1028 consentirent,
483 997 518 1020 v.
544 986 588 1020 ad
613 997 644 1020 c.
671 986 756 1028 XII,
779 986 824 1027 ’ἃς
855 986 916 1020 sed
938 987 975 1021 h.
999 987 1024 1021 l.
1047 986 1243 1021 scribarum
1270 998 1352 1031 pars
1374 987 1473 1031 prius

79 1059 266 1092 praesens,
300 1048 358 1082 vel
381 1051 420 1083 ut
444 1046 686 1091 perspicuitati
707 1048 946 1090 consulerent,
975 1048 1034 1082 vel
1053 1047 1189 1083 incuria
1215 1047 1252 1082 in
1277 1048 1472 1092 perfeetum

77 1113 280 1152 mutarunt3
314 1108 485 1154 posterius
507 1119 551 1142 ne
573 1120 696 1153 parem
721 1109 1008 1154 depravationem
1028 1108 1243 1154 experiretur
1269 1109 1347 1155 ipsa
1370 1107 1472 1144 verbi

78 1175 205 1207 mura
226 1169 419 1214 prohibuit.

173 1231 316 1268 XXXV.
363 1232 398 1276 5.
433 1230 467 1266 1.
501 1234 536 1266 et
565 1231 602 1266 2.
652 1231 743 1266 Erat
777 1243 822 1266 ea
855 1232 1074 1276 tempestate]
1109 1232 1248 1267 Curtius
1279 1235 1471 1276 praeeunte

80 1293 253 1336 Gruteru,
287 1304 391 1336 quem
423 1293 531 1327 etiam
565 1293 831 1336 Havercannpus
862 1293 1036 1337 sequitur,
1071 1293 1163 1328 nihil
1193 1295 1236 1328 de
1266 1294 1339 1329 suis
1368 1295 1470 1331 codd.

77 1366 222 1390 moneas
244 1353 384 1399 scripsit
404 1367 448 1390 ea
467 1360 544 1390 erat
561 1358 794 1399 tempestate3
825 1355 884 1388 sed
908 1367 1037 1390 novem
1060 1356 1181 1391 Leidd.
1205 1355 1242 1389 in
1265 1354 1393 1400 quibus
1415 1356 1473 1394 L..

78 1427 200 1450 omues
222 1416 369 1459 Wassii,
390 1416 471 1451 Bas.
492 1415 525 1452 1.
549 1416 638 1461 Teg.
664 1416 770 1450 Bern·
794 1415 829 1451 3.
853 1417 974 1451 Berol.
995 1418 1027 1452 l.
1045 1416 1080 1451 2.
1107 1417 1254 1451 Goerlit.
1279 1421 1314 1452 et
1337 1429 1472 1462 omnes,

78 1482 120 1513 ut
140 1477 298 1519 videtur,
330 1476 415 1512 Itali
444 1482 523 1512 erat
546 1477 793 1521 praemittunt,
824 1478 919 1521 quod
941 1477 1135 1512 narrationi
1157 1479 1274 1524 magis
1295 1479 1469 1514 convenit.

77 1557 125 1564 ·-
154 1538 302 1572 Minucii
327 1537 413 1583 Rufi
434 1549 647 1583 praenomen
670 1538 705 1572 in
729 1539 892 1573 omnibus
918 1541 1020 1576 codd.
1064 1541 1214 1584 Quintus
1244 1546 1318 1586 est,
1349 1545 1472 1576 contra

79 1599 232 1635 aliorum
254 1598 465 1644 scriptorum
489 1599 753 1642 auctoritatem,
777 1602 839 1645 qui
861 1613 942 1635 eum
967 1601 1126 1636 Marcum
1149 1606 1296 1645 vocant3
1330 1613 1364 1639 v,
1388 1602 1469 1637 Liv.

79 1662 175 1706 levit.
202 1661 307 1696 va.
333 1661 552 1696 Freinshem.
577 1662 621 1696 ad
643 1661 740 1696 Flor.
762 1663 832 1704 111,
853 1661 896 1705 4,
919 1661 956 1698 5.
991 1662 1115 1707 Pighii
1137 1663 1274 1698 Annall.
1301 1663 1380 1698 vol.
1409 1663 1470 1706 111.

81 1735 114 1767 p.
129 1721 208 1758 120.
229 1743 276 1749 —
300 1722 591 1767 Iugurthamque
615 1721 738 1766 optimi
763 1727 880 1758 tenent
902 1724 1003 1758 codd,
1028 1728 1065 1759 ut
1080 1724 1167 1759 Νη.
1182 1725 1266 1760 Bas.
1281 1725 1316 1759 1.
1342 1723 1471 1760 Sen.l.

79 1785 187 1820 Fabr.
206 1783 241 1820 1.
271 1783 369 1818 Leia.
392 1785 434 1819 L.
456 1784 551 1829 Teg.
574 1784 649 1818 Eri.
673 1782 804 1817 Wassii
827 1783 919 1829 Reg.
945 1788 979 1818 et
1001 1785 1141 1820 Pembr.
1172 1797 1254 1820 eum
1285 1785 1472 1820 duodecim

78 1845 172 1881 aliis.
217 1843 360 1880 Relicui
390 1844 552 1889 copulam
583 1855 653 1878 nou
684 1844 838 1887 habent,
868 1856 1018 1890 eamque
1052 1847 1245 1882 omiserunt
1268 1847 1408 1883 Cortius
1435 1851 1473 1883 et

82 1905 296 1942 Gerlachius
318 1905 355 1940 in
377 1905 431 1939 ed.
462 1905 610 1948 maiore,
642 1916 711 1948 quo
739 1917 810 1940 non
841 1907 958 1942 solum
986 1911 1161 1943 structura
1183 1909 1286 1944 valde
1308 1909 1399 1945 dura
1420 1910 1472 1954 fit,

77 1969 140 2003 sed
170 1968 278 2002 etiam
311 1965 482 2002 sententia
512 1967 726 2002 obscuritate
756 1969 906 2004 laborat.
953 1969 1105 2005 Sublata
1130 1969 1224 2005 enim
1257 1972 1383 2016 copula
1412 1970 1472 2006 vix

80 2034 176 2074 patet
199 2035 317 2064 utrum
339 2028 447 2063 verba
471 2028 743 2073 Iugurtham—
764 2035 895 2075 urgeat
918 2031 965 2066 ad
986 2031 1142 2076 protasia
1166 2043 1212 2066 au
1235 2031 1280 2066 ad
1303 2031 1473 2075 apoduein

79 2089 285 2135 pertineant,
308 2100 351 2124 ac
373 2089 503 2124 multon
525 2088 675 2124 editores
698 2102 737 2125 re
760 2102 845 2126 vera
867 2090 918 2125 ita
934 2092 1050 2136 lapsos
1073 2103 1150 2127 esse
1170 2091 1306 2127 monuit
1322 2091 1473 2128 Cottius.

80 2151 215 2196 Quodsi
235 2149 453 2195 reputaveris
467 2151 630 2195 copulam
649 2151 828 2196 excidisse,
854 2151 938 2196 quia
953 2153 990 2187 in
1005 2152 1158 2197 antiquis
1176 2153 1276 2188 codd.
1299 2152 1473 2197 scriptum

79 2216 156 2248 erat
178 2207 484 2256 lucan-riunena,
518 2223 588 2246 non
618 2213 796 2248 dubitabis
826 2213 911 2258 quin
941 2225 1021 2249 eam
1048 2218 1143 2251 recte
1164 2213 1474 2257 revocaverimus3

81 2285 118 2310 v.
141 2274 187 2309 ad
210 2274 244 2316 5.
268 2273 305 2310 6.
328 2276 364 2308 et
385 2273 431 2307 ad
454 2284 486 2307 e.
511 2273 710 2317 XXXVIII,
738 2275 772 2310 9.
796 2275 966 2319 LXXIX,
986 2275 1021 2311 3.
1045 2295 1093 2302 —
1116 2276 1216 2311 Metu
1238 2275 1335 2310 editt.
1354 2275 1474 2320 Bipp.‚

82 2334 250 2380 langius,
273 2334 478 2378 Muellerus,
503 2334 715 2370 Gerlachius
738 2340 774 2371 et
794 2337 912 2372 Faber
934 2336 1083 2372 mirifice
1121 2336 1342 2382 praecipiunt
1370 2347 1473 2372 sensu

80 2396 219 2442 passivo
242 2395 507 2441 intelligendum
531 2408 617 2438 esse,
640 2397 749 2432 verba
768 2398 1001 2443 explicantes:
1020 2398 1186 2442 queniam
1208 2396 1382 2445 Iugurtha
1402 2409 1474 2433 nou

81 2457 187 2493 modo
219 2455 354 2491 invisus
386 2457 434 2492 sit
463 2457 659 2500 Romanis,
688 2459 751 2493 sed
777 2460 886 2494 etiam
912 2459 956 2493 ab
983 2460 1027 2494 iis
1052 2460 1230 2494 timeatur.
1278 2459 1348 2494 Sed
1378 2458 1473 2504 quod

78 2521 273 2564 provocant
294 2516 340 2552 ad
362 2517 452 2553 Non.
475 2517 631 2561 11‚.554.
654 2523 690 2553 et
710 2519 756 2554 ad
780 2519 872 2554 Gon.
893 2519 967 2554 RN.
990 2520 1063 2554 ΑΛ.
1083 2520 1160 2564 IX,
1180 2520 1227 2555 12
1240 2546 1252 2566 ,
1275 2524 1362 2556 extr.
1395 2521 1470 2566 qui,

81 2584 122 2615 ut
150 2579 300 2614 doceant
331 2583 444 2614 metus
481 2578 623 2623 passive
654 2579 745 2623 diei,
776 2581 867 2615 haec
887 2581 1032 2616 laudant
1053 2579 1215 2616 Sallustii
1237 2592 1281 2616 ex
1302 2581 1472 2617 Historiis

80 2640 283 2686 (Fragmm.
306 2641 342 2684 1,
366 2640 422 2676 11.
447 2640 568 2685 Gerl.)
605 2641 643 2675 id
667 2641 792 2676 bellum
822 2642 997 2677 excitabat
1027 2647 1171 2679 metae
1195 2642 1376 2688 Pompei
1397 2644 1471 2677 οἰ-

80 2702 245 2743 cteris,
283 2701 320 2736 id
343 2713 484 2747 prorsus
506 2702 553 2736 ab
577 2702 614 2737 h.
638 2703 663 2737 l.
686 2703 839 2738 alienum
863 2707 936 2746 est,
970 2715 1080 2748 quum
1102 2703 1263 2749 passivus
1286 2716 1391 2749 quem
1414 2703 1470 2738 di-

13 2767 15 2770 “
79 2767 163 2798 eant
191 2774 312 2799 aeneus
341 2764 494 2810 genitivi
524 2762 661 2799 ratione
687 2764 830 2800 nitatur.
879 2765 1101 2810 Quamquam
1131 2764 1242 2811 igitur
1271 2766 1468 2812 Iugurthae

83 2828 192 2861 metus
215 2823 376 2871 logium
394 2836 463 2862 non
486 2825 602 2862 solum
633 2829 770 2864 metum
798 2826 998 2873 signifieat.
1028 2826 1065 2862 in
1097 2838 1167 2872 quo
1200 2826 1276 2871 ipse
1307 2831 1379 2869 est,
1408 2827 1467 2860 sed
