1826 3276
435 173 518 215 443
795 165 839 208 C.
869 163 1192 207 SALL'USTI
1221 163 1433 209 CRISPI

436 286 639 343 reputate
674 292 774 321 cum
808 276 962 322 animis
1002 278 1178 333 vostris,
1220 293 1325 322 num
1365 280 1413 324 id
1445 282 1601 326 mutari
1633 283 1787 327 melius

437 380 512 432 sit,
557 377 591 419 si
639 386 772 430 quem
816 386 870 415 ex
907 372 983 416 illo
1027 372 1167 432 globo
1211 374 1442 420 nobilitatis
1485 375 1544 419 ad
1582 376 1671 422 hoc
1715 382 1791 422 aut

438 471 554 518 aliud
588 468 676 511 tale
710 466 939 526 negotium
965 466 1160 523 mittatis,
1193 467 1418 513 hominem
1450 470 1606 515 veteris
1633 486 1789 531 prosa-—

435 570 537 628 piae
571 580 623 608 ac
656 562 890 606 multarum
923 561 1162 620 imaginum
1197 568 1241 606 et
1273 564 1429 609 nullius
1460 565 1670 624 stipendi,
1704 536 1787 611 sci}

437 665 539 707 licet
571 663 619 704 ut
651 658 696 701 in
727 661 847 700 tanta
884 670 933 699 re
975 657 1152 716 ignarus
1195 658 1388 702 omnium
1416 643 1632 725 trepidet,
1665 660 1790 705 festi-

437 807 532 839 Benc
546 805 668 847 facere
692 797 902 842 explicatum
926 799 977 831 est
1002 797 1046 832 ad
1069 798 1142 833 Cat.
1165 799 1228 841 ΙΙΙ,
1251 799 1286 834 1.
1305 819 1350 826 —-
1372 800 1442 835 Pro
1463 801 1567 837 vortit
1587 799 1687 836 multi
1708 800 1790 835 libri

435 865 527 899 male
548 861 676 895 habent
692 858 864 897 vertitur-,-
887 867 921 890 v.
947 856 992 890 ad
1015 857 1092 891 Cat.
1116 858 1173 900 VI,
1198 857 1233 893 7.

525 925 558 965 5,
584 920 642 954 1⁰.
689 918 810 950 bellum
831 927 885 949 me
907 926 1030 961 gerere
1052 935 1095 942 -—
1118 917 1287 961 iussistis]
1323 917 1471 953 Temere
1492 919 1628 955 (lortius
1648 919 1791 956 coniecit

433 981 649 1019 scribendum
681 988 753 1012 esse
787 976 907 1010 bellum
928 976 1026 1014 ,mihi
1056 976 1219 1016 iussistis,
1252 977 1348 1011 codd.
1380 979 1538 1014 omnibns
1568 978 1790 1023 obstantibus,

433 1043 501 1078 nisi
521 1040 612 1086 quod
636 1037 754 1072 Guelf.
777 1035 833 1070 11.
857 1035 941 1069 mihi
964 1045 1026 1079 pro
1049 1046 1102 1069 me
1124 1036 1242 1070 habet.
1266 1055 1312 1062 ——
1338 1039 1471 1080 Quaeso
1485 1064 1496 1082 ‚
1529 1039 1620 1082 quod
1639 1039 1791 1082 plorum.

435 1115 501 1148 que
523 1098 670 1135 orationi
702 1095 883 1136 inseritur,
916 1095 961 1128 cf.
997 1095 1142 1140 Fragm.
1175 1095 1269 1129 nist.
1290 1097 1318 1138 1,
1341 1097 1398 1140 19,
1419 1097 1476 1131 13.
1501 1098 1550 1133 ib·
1571 1099 1628 1142 IV,
1652 1099 1709 1139 12,
1730 1099 1788 1133 16.

434 1165 572 1206 Zumpt.
595 1159 752 1193 Gramm.
777 1155 853 1191 Lat.
875 1156 908 1196 §-
929 1152 985 1189 59.
1007 1166 1043 1191 n.
1065 1155 1122 1190 13.
1147 1167 1182 1199 p.
1204 1155 1284 1189 202.
1299 1155 1352 1192 ed.
1373 1156 1442 1198 w„
1457 1157 1495 1190 h.
1518 1157 1543 1191 l.
1566 1157 1790 1202 praemissum

433 1222 585 1262 indicat,
619 1219 746 1261 quanta
767 1215 804 1248 vi
826 1214 960 1249 Marius
983 1217 1016 1248 et
1039 1214 1112 1258 ipso
1135 1218 1329 1249 commotus
1351 1216 1419 1258 sit,
1448 1219 1482 1250 et
1506 1217 1599 1261 plebi
1618 1217 1730 1252 instet.
1744 1234 1790 1243 —-

435 1283 608 1326 Reputate
631 1287 722 1310 cum
759 1274 919 1309 animis
947 1273 1124 1319 tetigimus
1151 1285 1255 1318 supra
1277 1274 1320 1308 ad
1350 1286 1382 1309 c.
1405 1275 1466 1317 xl,
1489 1275 1523 1310 8.
1539 1272 1584 1302 -’-
1611 1277 1790 1311 Illustrat!-

434 1342 487 1375 dis
509 1338 625 1373 verbis
647 1336 684 1370 id
706 1335 834 1369 mutari
868 1332 1094 1367 subiiciuntur
1125 1333 1302 1376 sequentia
1325 1334 1355 1367 si
1375 1345 1476 1378 quem
1498 1353 1544 1360 -·
1566 1337 1724 1371 mittatis.
1745 1355 1789 1362 —-

436 1384 609 1435 Globus‘
631 1394 820 1430 nobilitatis
844 1393 889 1426 ad
911 1391 1077 1426 invidiam
1100 1393 1294 1426 faciendam
1327 1393 1456 1428 dictum
1478 1398 1539 1432 est.
1562 1394 1674 1430 vNam
1695 1398 1734 1429 ut
1754 1394 1790 1429 in

432 1473 472 1496 re
496 1456 640 1494 militari
660 1454 798 1500 globum
814 1455 936 1496 facere
959 1451 1084 1484 dicitur
1107 1452 1148 1485 de
1170 1452 1361 1496 constipata
1377 1456 1412 1488 et
1433 1453 1468 1487 in
1490 1465 1596 1487 unum
1618 1457 1790 1488 coarctata

432 1531 558 1560 manu,
588 1526 692 1560 quam
710 1513 806 1547 nulla
826 1511 980 1546 hostium
1001 1511 1054 1544 vis
1078 1511 1239 1556 frangere
1260 1512 1388 1555 possit,
1418 1524 1452 1547 v.
1475 1512 1686 1548 Boetticberi
1707 1513 1788 1547 Lex.

433 1579 548 1614 Tacit.
582 1577 619 1610 h.
648 1585 682 1610 v.
713 1583 748 1615 p.
779 1570 872 1614 223„
911 1569 961 1604 ita
990 1571 1128 1614 globus(
1143 1572 1351 1606 vocabulum
1394 1573 1439 1607 ad
1469 1572 1590 1608 civiles
1622 1572 1789 1607 factiones

432 1636 637 1673 translatum
659 1631 833 1677 significat
855 1630 954 1674 quasi
977 1630 1154 1664 cohortem
1177 1631 1464 1681 conspirantium,
1489 1644 1573 1677 quos
1594 1632 1707 1667 nullus
1726 1633 1788 1667 ad-

431 1706 552 1732 versae
583 1691 691 1738 partis
719 1691 866 1735 impetus
901 1689 1060 1723 disiicerc
1093 1690 1218 1726 valeat.
1254 1691 1375 1726 Vellei.
1404 1692 1456 1735 11,
1487 1691 1546 1736 58,
1569 1693 1629 1729 1.-
1647 1693 1697 1727 112·
1716 1703 1788 1727 aaa

432 1768 509 1791 cum
545 1752 789 1788 coniurationis
827 1750 966 1796 globo
1003 1749 1212 1794 Capitolium
1243 1762 1461 1796 occupavere.
1488 1752 1576 1796 Nep.
1613 1751 1719 1787 Attio.
1754 1763 1786 1786 c.

432 1816 520 1857 vm,
541 1813 575 1850 4.
621 1813 685 1846 Ille
718 1811 941 1845 consensionis
972 1804 1134 1854 globus
1165 1811 1264 1845 buius
1286 1812 1385 1846 unius
1408 1799 1610 1846 dissencione
1630 1811 1788 1846 disiectus

433 1881 495 1911 est.
516 1893 562 1900 —
587 1873 772 1917 Prosapiae
794 1870 1003 1906 vocabulum
1025 1880 1092 1904 non
1114 1870 1225 1904 nolum
1248 1869 1353 1914 prisci
1374 1883 1458 1906 usus
1477 1882 1570 1914 esse,
1601 1871 1660 1906 sed
1681 1871 1787 1906 etiam

433 1937 477 1971 ob
502 1936 536 1970 id
567 1933 680 1978 ipsum
710 1932 889 1965 commode
918 1929 954 1963 in
975 1939 1023 1970 *re
1045 1929 1185 1972 antiqua
1208 1933 1242 1964 et
1263 1942 1286 1965 a
1308 1931 1422 1967 Mario
1445 1932 1580 1976 plebeio
1602 1934 1637 1966 et
1657 1931 1786 1966 inculto

430 1994 573 2030 homine
593 1991 751 2035 usurpari
774 1990 909 2024 eortius
931 1988 1002 2023 iam
1028 1989 1234 2024 observavit.
1258 1991 1303 2026 cf.
1327 1991 1398 2028 Cic.
1420 1991 1462 2025 cle
1483 1991 1650 2026 Universa
1672 2002 1701 2025 c.
1724 1990 1786 2028 XI.

435 2056 660 2090 memoremus
692 2052 805 2085 Iovem
830 2054 934 2094 atque
963 2049 1147 2092 Iunonem,
1177 2049 1346 2094 reliquos,
1378 2055 1412 2086 et
1442 2062 1580 2092 eorum,
1607 2054 1655 2085 ut
1686 2055 1734 2085 ut
1743 2061 1785 2084 a·

430 2127 526 2150 mur
553 2111 700 2148 veteri
727 2110 882 2150 verbo,
912 2110 1122 2154 prosapiam.
1169 2110 1322 2144 Eandem
1352 2122 1472 2146 vocem
1504 2111 1648 2156 Quintil.
1681 2111 1716 2153 1,
1747 2110 1783 2154 6,

430 2175 496 2210 4⁰.
513 2175 616 2208 refert
637 2172 727 2207 inter
747 2170 919 2204 vocabula
942 2169 984 2203 ab
1017 2169 1146 2203 ultimis
1168 2173 1202 2203 et
1224 2170 1294 2204 iam
1317 2171 1507 2205 obliteratis
1527 2171 1676 2216 repetita
1697 2175 1784 2205 tem-

431 2235 589 2280 poribun
616 2232 662 2266 οἳ.
683 2229 784 2266 eund.
807 2229 898 2272 vm,
917 2228 952 2272 3,
976 2229 1032 2263 26.
1078 2229 1193 2273 Quum
1216 2229 1327 2264 Nonio
1349 2233 1434 2265 teste
1454 2231 1492 2273 1,
1517 2230 1597 2266 343.
1635 2231 1722 2265 cato
1746 2230 1782 2264 ίιι

433 2294 557 2339 origg.
578 2293 604 2326 1.
628 2291 752 2325 dixerit
773 2295 905 2325 veteres
923 2289 1102 2333 prosapias
1123 2290 1224 2333 (vett.
1245 2290 1429 2328 Historicc.
1449 2291 1628 2336 Fragmm.
1646 2301 1680 2334 p.
1701 2288 1782 2326 3⁷5.

431 2365 467 2387 n.
490 2353 524 2388 8.
547 2353 599 2388 ed.
621 2350 859 2395 Frotscber.)‚
881 2349 983 2383 valde
1004 2349 1184 2393 probabile
1205 2353 1256 2384 est
1277 2349 1477 2386 Sallustium
1498 2351 1566 2385 hoc
1588 2359 1631 2384 ox
1652 2349 1783 2384 Catone

432 2412 629 2456 sumpsisse.
651 2429 697 2438 —-
728 2412 780 2445 De
802 2409 1010 2455 imaginibus
1031 2419 1065 2442 v.
1089 2409 1133 2442 ad
1157 2420 1187 2443 c.
1210 2410 1266 2452 lv,
1288 2408 1322 2444 5.
1345 2421 1380 2454 p.
1400 2409 1457 2444 24.
1480 2428 1523 2437 —
1545 2410 1681 2444 Scilicet
1701 2420 1781 2444 eum

432 2471 544 2507 ironia
573 2471 700 2505 (lictum
723 2482 796 2505 esse
818 2468 1012 2504 monuimus
1046 2469 1090 2503 ad
1123 2481 1152 2504 c.
1175 2470 1264 2511 XLI,
1285 2468 1320 2503 3.
1345 2488 1388 2494 —
1410 2469 1466 2503 Es·
1485 2469 1627 2513 popu10¹,
1649 2469 1674 2503 i.
1697 2480 1729 2504 e.
1749 2467 1781 2503 si

432 2543 507 2566 rem
528 2531 638 2575 ipsam
670 2534 705 2565 et
726 2530 832 2565 Marii
853 2522 1001 2563 me'ntem
1026 2532 1179 2572 spectas,
1211 2539 1253 2562 ex
1271 2527 1381 2572 plebe.
1426 2528 1538 2572 Saepe
1558 2527 1650 2562 enim
1670 2539 1776 2573 popu-

434 2593 486 2625 lns
509 2590 684 2624 dicebatur
704 2602 767 2634 pro
796 2590 860 2624 illa
881 2582 979 2634 parte
1007 2587 1143 2631 populi,
1176 2598 1264 2630 quae
1285 2589 1418 2623 Romae
1439 2587 1577 2632 proprie
1602 2587 1696 2632 plebs
1718 2599 1779 2621 vo-

434 2651 594 2692 cabatur,
625 2659 713 2693 quae
743 2653 819 2684 sunt
851 2650 958 2684 verba
985 2646 1260 2681 Drakenborchii
1295 2647 1337 2681 ad
1367 2646 1443 2683 Liv.
1478 2647 1557 2688 vll,
1588 2646 1652 2689 42,
1675 2647 1709 2681 1.
1732 2647 1777 2681 cf.

435 2710 563 2744 Duker.
586 2709 629 2744 ad
661 2709 793 2749 XXXI,
814 2708 878 2750 5⁰,
900 2709 932 2742 l.
955 2711 989 2743 et
1009 2707 1148 2742 retain.
1170 2706 1370 2742 Schulzium
1400 2706 1443 2740 de
1463 2706 1618 2741 comitii·
1638 2707 1776 2742 Romm.
