1826 3276
362 179 446 220 42⁰
530 198 532 200 v
726 173 770 215 C.
801 170 1123 215 SALLUSTI
1148 170 1363 214 GRISPI

364 290 530 333 nienses
564 289 608 331 in
638 301 692 331 eo
727 288 827 330 loco
861 280 1080 330 Philaenis
1111 285 1319 330 fratribus
1352 301 1447 331 aras
1481 280 1712 332 cousecra-

362 399 489 437 vere3
532 381 689 438 aliique
733 380 813 423 illis
861 379 981 424 domi
1014 380 1206 424 honores
1240 381 1432 425 instituti.
1498 381 1628 426 Nunc
1657 380 1714 424 ad

363 493 455 521 rem
490 475 640 519 redeo.
1275 527 1278 531 .

495 568 678 614 LXXX.
747 568 960 629 Iugurtha
1005 577 1243 629 postquam
1285 569 1442 613 amissa
1474 567 1621 612 Thala
1649 568 1716 612 ni·-

362 665 424 709 hil
450 665 553 708 satis
588 664 766 708 firmum
801 670 953 708 contra
979 664 1212 708 Metellum
1244 668 1384 723 putat,
1417 678 1501 723 per
1516 638 1717 723 ⁸>maguae

363 759 614 804 solitudines
649 773 751 802 cum
783 759 936 818 paucis
965 759 1190 819 profectus
1220 758 1420 817 pervenit
1454 758 1512 802 ad
1547 757 1718 802 Gaetu-

363 855 452 913 los,
487 868 627 914 genus
662 852 890 898 hominum
925 853 1066 898 ferum
1101 854 1399 911 incultumque
1431 859 1476 896 et
1510 867 1564 897 eo
1603 858 1718 896 tem-

363 1056 578 1090 quamquam
609 1044 757 1079 insolens
787 1047 855 1086 est,
888 1048 1001 1079 tamen
1033 1043 1220 1079 sententiae
1256 1046 1382 1078 natura
1412 1044 1495 1078 satis
1527 1046 1720 1078 excusatur.

363 1106 463 1139 Certe
483 1104 598 1138 minus
630 1104 902 1139 commendabile
933 1106 1041 1146 foret,
1074 1104 1103 1138 si
1135 1104 1212 1148 quis
1243 1115 1321 1138 cum
1342 1103 1448 1138 Rivio
1470 1107 1504 1138 et
1526 1103 1662 1146 Fabi-0,
1685 1105 1723 1136 ut

362 1165 551 1210 planiorem
583 1167 789 1198 structuram
819 1155 989 1207 tueretur,
1022 1164 1071 1198 ibi
1103 1164 1148 1198 ad
1174 1163 1288 1207 ipsam
1320 1162 1418 1197 vocis
1443 1163 1528 1207 finis
1549 1162 1722 1197 notionem

363 1226 528 1268 referret,
551 1224 587 1258 in
610 1224 652 1257 iis
674 1223 935 1267 interpretatus,
968 1234 1070 1266 quem
1093 1223 1334 1258 adverbiorum
1360 1222 1428 1258 loci
1450 1234 1550 1264 usum
1572 1222 1724 1256 illustra·

364 1283 478 1317 vimus
499 1283 542 1316 ad
567 1282 642 1316 Cat.
676 1282 722 1324 V,
746 1282 779 1316 2.
811 1285 846 1316 et
876 1283 920 1316 ad
953 1283 1030 1327 Iug.
1054 1282 1155 1324 XIII,
1179 1281 1213 1316 5.
1238 1301 1279 1308 —
1312 1282 1516 1317 Gerlachiuu
1536 1282 1641 1316 velint
1663 1291 1725 1326 pro

363 1343 491 1376 vellent
514 1341 731 1375 scribendum
752 1351 824 1375 esse
846 1342 1028 1376 coniiciens
1050 1341 1297 1388 grammaticae
1319 1341 1537 1376 inscientiam
1555 1341 1724 1386 prodit.—

365 1391 425 1436 Εἰ
453 1401 567 1435 verbis
598 1411 698 1444 seque
732 1401 905 1445 vitamque
935 1401 1007 1436 noli
1039 1403 1243 1436 alterutrum
1275 1402 1422 1436 otiosum
1456 1405 1599 1445 putar03
1643 1410 1725 1434 uam

365 1462 453 1496 haec
491 1459 667 1494 coniunxit
703 1463 843 1501 auctor,
880 1464 918 1494 nt
960 1472 1065 1504 quam
1106 1461 1312 1506 gravissime
1350 1461 1561 1506 significaret
1589 1458 1726 1493 virtutis

366 1516 660 1565 magnitudinem,
703 1530 772 1562 qua
806 1519 966 1553 Philaeni
999 1520 1136 1562 omnia,
1177 1531 1266 1563 quae
1297 1521 1343 1554 ad
1382 1521 1472 1564 ipsos
1507 1518 1727 1563 pertinerent,

367 1583 440 1623 post
464 1579 596 1622 patriae
620 1578 820 1619 utilitatem,
843 1577 1033 1622 potentiam
1057 1582 1159 1622 atque
1180 1579 1331 1624 gloriam
1353 1580 1529 1614 haberent.
1573 1578 1725 1612 Eandem

368 1638 412 1672 ob
445 1648 604 1672 caussam
636 1649 825 1681 pronomen
856 1648 974 1679 suum,
1006 1641 1135 1672 temere
1158 1643 1191 1674 et
1214 1643 1335 1673 contra
1357 1638 1453 1673 codd.
1479 1649 1501 1672 a
1523 1637 1640 1672 Curtio
1663 1637 1726 1671 ab·

369 1697 519 1740 iectum,
543 1696 696 1737 addidit3
720 1708 753 1730 v.
779 1697 823 1730 ad
846 1709 875 1732 c.
899 1698 973 1739 XV,
997 1697 1031 1730 1.
1055 1709 1088 1742 p.
1111 1698 1169 1732 93.
1213 1699 1344 1732 Eodem
1367 1698 1469 1732 modo
1493 1697 1567 1737 eat.
1594 1696 1668 1738 LII,
1691 1695 1725 1730 8.

369 1756 455 1791 cato
478 1755 586 1791 dicit:
621 1756 688 1798 Qui
718 1756 828 1790 mihi
862 1761 1002 1801 atque
1034 1759 1183 1791 animo
1215 1769 1306 1792 meo
1338 1758 1464 1792 nullius
1494 1767 1642 1801 unquam
1667 1757 1727 1790 de-

370 1816 442 1851 licti
474 1816 630 1861 gratiam
658 1815 830 1858 fecissem.
862 1815 906 1848 cf.
939 1817 1015 1861 lug.
1039 1817 1218 1860 LXXXV,
1242 1818 1300 1854 27.
1322 1837 1368 1843 —
1395 1814 1677 1851 condonavere-i.
1695 1826 1725 1848 e.

371 1876 458 1910 dono
483 1875 578 1919 quasi
603 1875 774 1914 obtulere,
802 1875 895 1919 sive,
930 1879 968 1909 ut
991 1875 1109 1909 Cicero
1143 1876 1185 1910 de
1205 1878 1304 1912 Finn.
1328 1878 1372 1920 ll,
1395 1877 1453 1920 19,
1474 1875 1532 1910 61.
1549 1875 1599 1909 de
1620 1875 1727 1908 Decio

372 1936 544 1980 loquitur,
577 1935 790 1979 reipublicae
806 1945 854 1969 *se
887 1936 1060 1970 victimam
1081 1938 1278 1980 praebuere.
1302 1955 1347 1963 —
1370 1938 1420 1971 De
1447 1936 1634 1970 Philaenon
1655 1934 1728 1967 ario

372 2008 407 2032 v,
427 1997 471 2032 ad
494 2008 525 2031 c.
548 1997 652 2038 XIX,
673 1995 707 2028 3.
755 1995 914 2029 Ceterum
937 2007 1002 2030 ara
1025 1996 1062 2029 h.
1088 1997 1112 2030 l.
1145 2008 1211 2030 non
1239 1995 1462 2041 intelligenda
1483 1998 1536 2029 est
1555 2005 1727 2028 sacrorum

372 2067 494 2091 caussa
524 2057 640 2097 facta,
673 2055 733 2089 sed
765 2054 904 2089 omnino
925 2060 1174 2090 monumentum
1196 2056 1339 2100 aliquod
1362 2059 1506 2090 ereetum
1530 2054 1574 2088 ad
1596 2064 1728 2086 memo-

372 2116 460 2150 riam
496 2115 547 2149 rei
580 2114 724 2159 insignis
753 2114 976 2156 servandam,
1015 2125 1104 2158 quae
1133 2115 1338 2160 significatio
1369 2114 1522 2159 proxime
1549 2113 1741 2148 coniuncta

373 2179 424 2210 est
446 2185 524 2209 cum
547 2173 715 2218 primaria
736 2173 830 2207 vocis
853 2173 909 2215 vi,
941 2175 1067 2218 quippe
1089 2186 1178 2218 quae
1203 2175 1248 2209 ab
1272 2173 1362 2218 αἴρω
1385 2174 1586 2208 descendens
1606 2184 1728 2217 quam—

374 2235 427 2269 vis
462 2233 683 2268 eminentiam
717 2233 891 2278 designet,
927 2234 973 2270 cl'.
1003 2235 1136 2270 Hertel.
1167 2234 1203 2268 in
1233 2233 1418 2268 Forcelliui
1448 2234 1555 2269 Thes.
1575 2233 1613 2267 h.
1635 2243 1668 2266 v.
1692 2244 1726 2276 p.

374 2293 453 2328 214.
471 2293 542 2330 Cic.
566 2293 658 2327 Phil.
681 2294 771 2335 XIV,
793 2293 850 2336 13,
870 2293 927 2328 34.
975 2293 1172 2328 Gauderent
1189 2294 1314 2338 potius,
1336 2305 1413 2328 euos
1433 2297 1597 2328 contectos
1614 2292 1728 2336 publi-

375 2353 423 2387 cis
452 2354 608 2396 operibus
631 2358 735 2397 atque
767 2354 979 2396 munerante,
1013 2365 1119 2398 eaque
1143 2354 1382 2401 exstructione,
1412 2364 1500 2398 quae
1520 2353 1566 2386 sit
1587 2351 1635 2385 all
1657 2361 1727 2384 me·-

376 2413 519 2446 moriam
545 2413 760 2448 aeternitatis
784 2424 866 2447 ara
897 2414 1043 2448 virtutis.
1066 2414 1161 2448 Curt.
1183 2413 1244 2455 lx,
1267 2412 1302 2456 3,
1325 2413 1381 2447 19.
1428 2411 1531 2456 Erigi
1551 2410 1729 2444 duodecim

377 2482 483 2505 arae
515 2483 555 2505 ex
590 2473 759 2516 quadrato
791 2483 873 2506 saxo
903 2479 1153 2508 mouumentum
1185 2472 1406 2517 expeditionis
1427 2481 1510 2505 cuae
1531 2469 1642 2504 iussit.
1669 2469 1728 2504 Iu—

377 2529 456 2564 stin.
490 2530 575 2572 XII,
606 2530 673 2574 10,
700 2532 736 2568 6.
781 2533 836 2566 Ibi
863 2533 900 2566 iu
931 2538 1146 2567 monumenta
1173 2543 1287 2566 rerum
1309 2542 1333 2564 a
1356 2541 1393 2564 se
1412 2535 1591 2575 gentamm
1613 2528 1728 2562 urbem

378 2589 513 2622 Barcen
544 2590 712 2631 condidit,
745 2602 944 2636 araeque
973 2593 1106 2627 statuit.
1151 2591 1221 2636 Qui
1251 2590 1318 2625 loci
1349 2589 1513 2624 debentur
1533 2589 1660 2624 Fabi-o.
1684 2606 1728 2613 -—

378 2649 446 2682 Pro
468 2649 617 2684 instituti
645 2650 797 2685 Weisius
819 2662 860 2685 ex
884 2652 937 2686 ed.
964 2652 1100 2696 Gryph.
1123 2651 1207 2686 mai.
1230 2649 1336 2685 edidit
1366 2649 1591 2693 constituti,
1613 2645 1727 2682 omni-

377 2708 440 2740 bus
461 2704 558 2742 codd.
579 2711 715 2752 praeter
737 2710 845 2745 Paris.
870 2711 903 2744 b.
926 2710 1204 2756 repugnantibus.
