1826 3276
426 153 784 199 IUGURTHA.
845 151 974 196 GAP.
1005 149 1127 194 XIV.
1418 154 1477 195 89

81 277 180 323 vita¹
203 280 360 336 erepta
397 279 485 330 est,
530 278 683 316 tamen
730 269 988 315 laetandum
1031 268 1187 329 magis·
1213 282 1350 327 quam
1385 268 1473 312 do-

79 372 264 419 lendum
297 378 408 433 puto
445 372 598 415 casum
646 375 796 422 tuum3
839 383 930 413 non
972 366 1093 411 enim
1133 380 1357 426 regnum,
1395 362 1543 410 sed2s

79 470 267 532 fugam,
304 469 532 525 exsilium,
569 472 819 527 egestatem
857 471 901 510 et
936 464 1078 510 omnis
1113 463 1217 521 has,
1254 478 1370 523 quae
1403 478 1478 508 me

80 573 314 630 premunt,
364 580 598 611 aerumnas
635 579 739 608 cum
782 563 930 607 anima
973 563 1104 607 simul
1150 561 1346 606 amisisti.
1417 562 1480 607 At

84 681 174 728 ego
215 664 399 720 infelix,
444 663 489 706 in
533 666 656 706 tanta
705 660 825 705 mala
866 659 1188 719 praecipitatus
1233 674 1289 703 ex
1332 660 1479 719 patrio

84 777 251 825 regno,
285 775 435 805 rerum
462 760 761 803 humanarum
791 757 1102 818 spectaculum
1137 757 1364 817 praebeo,
1411 757 1480 801 in-

84 931 154 964 tem
174 926 304 963 mirum
337 936 397 960 eos
428 935 568 970 quoque
598 925 751 968 scribas,
784 924 845 969 qui
869 935 914 958 ne
934 926 1140 967 servarunt,
1166 922 1203 956 in
1226 921 1302 955 eius
1325 933 1426 955 sensu
1450 923 1486 956 et

83 993 262 1025 structura
284 999 430 1031 errasse,
454 988 583 1021 nedum
608 986 675 1027 illi,
700 986 761 1030 qui
779 991 824 1036 ¹ut
846 985 1063 1027 intulerunt,
1088 983 1319 1019 indicativum
1343 983 1485 1018 ferrent.

85 1051 207 1096 Quare
227 1061 413 1096 perperam
450 1050 567 1084 Faber
598 1060 679 1082 cum
704 1046 896 1082 Gerlachio
919 1059 987 1082 nae
1016 1048 1076 1081 ille
1095 1066 1139 1072 —
1159 1046 1288 1081 reddat
1311 1045 1485 1089 exhibuit,

85 1113 179 1158 quod
203 1112 379 1157 quomodo
403 1111 463 1146 hic
486 1109 626 1146 defendi
648 1097 757 1153 possit
787 1120 857 1142 non
880 1107 979 1142 dixit.
1027 1107 1170 1142 Similes
1193 1109 1313 1142 turbas
1336 1119 1379 1142 ne
1402 1119 1486 1152 par-

86 1174 197 1211 ticula
219 1174 316 1208 male
339 1173 518 1207 intellecta
540 1171 636 1206 dedit
659 1170 764 1204 Catil.
792 1182 823 1203 c.
852 1170 925 1212 Lll,
947 1169 1007 1204 27.
1033 1169 1095 1204 ubi
1113 1181 1146 1206 v,
1193 1170 1340 1205 Prorsus
1368 1174 1490 1204 autem

86 1235 237 1272 eoecutit
258 1234 435 1280 bangius,
462 1234 522 1278 qui
546 1235 730 1278 vulgatam
755 1231 907 1265 retinens
928 1230 1086 1264 Cortium
1111 1231 1231 1276 arguit
1253 1231 1347 1265 hunc
1368 1231 1489 1265 locum

87 1297 346 1343 impeditiorem
369 1295 571 1336 reddidisse,
597 1304 640 1328 ac
663 1305 707 1327 ne
732 1293 819 1326 illud
841 1293 984 1337 quidem
1000 1292 1190 1336 reputavit,
1213 1293 1491 1337 haudquaquam

49 1388 52 1392 Δ
87 1359 254 1396 librarios
275 1363 315 1393 ut
339 1358 375 1392 in
397 1369 441 1391 ne
464 1359 640 1398 mutasse,
671 1355 701 1390 si
725 1355 887 1400 primitus
916 1354 953 1388 in
983 1353 1055 1388 suis
1080 1354 1248 1398 exemplis
1271 1354 1490 1397 habuissent,

88 1422 149 1458 ned
172 1422 277 1466 plane
300 1431 364 1465 pro
388 1430 451 1453 suo
484 1421 589 1461 captu
613 1418 729 1462 egisse
750 1422 790 1451 ut
821 1417 857 1450 in
880 1415 1024 1451 alterius
1048 1416 1243 1459 particulae
1266 1417 1384 1451 locum
1406 1418 1491 1452 sub-

88 1483 274 1520 stituendo.
286 1501 330 1508 —
342 1481 551 1515 Praeclarus
570 1490 757 1523 perperam
778 1482 886 1523 negat
903 1478 1114 1512 Gerlachius
1129 1489 1150 1512 a
1169 1480 1355 1514 sceleribus
1365 1485 1493 1525 aptum

90 1557 189 1586 ωοες
206 1543 310 1579 aliud
334 1546 388 1577 est
409 1541 503 1576 enim
524 1541 759 1586 praeclarum,
782 1539 882 1574 aliud
904 1541 1174 1574 sceleribus
1194 1542 1372 1585 praecl.
1395 1554 1494 1584 esse?

92 1606 130 1642 ln
153 1604 218 1641 ille
239 1605 340 1646 laus,
363 1602 401 1637 in
423 1603 494 1636 hoo
515 1602 645 1636 acerba
667 1601 846 1646 nequitiae
869 1613 943 1636 sese
965 1602 1142 1637 efferentis
1165 1602 1364 1647 exagitatio
1389 1602 1491 1645 inea,

94 1678 201 1712 quum
239 1668 374 1710 spectat
396 1664 588 1698 Adherbal.
635 1663 757 1708 Neque
788 1675 912 1698 verum
937 1667 1015 1706 est,
1038 1665 1131 1708 quod
1154 1664 1249 1699 idem
1270 1665 1368 1698 Gerl.
1393 1665 1492 1707 dicit,

91 1733 215 1775 poetas
237 1730 376 1762 tantum
398 1724 483 1759 huic
506 1724 678 1758 adiectivo
703 1724 900 1759 ablativum
923 1726 1070 1768 addere3
1094 1728 1276 1770 comparet
1296 1726 1338 1760 V.
1356 1727 1398 1761 1).
1417 1727 1496 1772 lug.

94 1790 270 1831 XXXIX,
303 1787 341 1822 2.
397 1787 485 1822 Aulo
517 1797 634 1821 omnes
665 1786 808 1830 infesti,
841 1786 900 1832 qui
932 1786 1056 1822 bello
1097 1798 1203 1832 saepe
1242 1788 1495 1831 praeclari

84 1854 247 1897 suerunt.

186 1912 221 1957 §-
244 1911 304 1947 22.
351 1911 415 1946 tibi
438 1911 639 1956 immaturo]
666 1910 864 1946 Pronomen
888 1910 925 1945 in
949 1910 1025 1945 cod.
1059 1909 1179 1944 StruV.
1204 1911 1284 1954 post
1307 1909 1496 1945 immaturo

96 1972 252 2020 leg-itur,
286 1972 323 2006 in
346 1973 443 2008 Vrat.
466 1973 501 2007 2.
528 1973 645 2014 deest,
673 1973 766 2017 quod
799 1971 919 2007 Cortio
954 1972 1038 2006 satis
1065 1972 1133 2007 fuit
1165 1972 1210 2006 ad
1232 1971 1269 2005 id
1297 1971 1494 2007 delendum.

95 2034 249 2070 Mirifice
271 2034 459 2069 defendunt
482 2034 588 2080 Bipp.
616 2046 680 2076 eo,
705 2035 799 2079 qnod
823 2033 859 2068 in
883 2033 1108 2078 sequentibus
1133 2033 1225 2067 unde
1247 2033 1417 2068 adverbio
1439 2046 1497 2068 re-

97 2096 287 2142 spondean
321 2107 432 2140 neque
466 2095 582 2130 minus
614 2106 780 2140 perversa
793 2094 801 2122 '¹
813 2098 865 2130 est
895 2094 1081 2130 Gerlachii
1102 2094 1295 2138 sententia,
1328 2095 1389 2139 qui
1411 2096 1499 2130 reti-

99 2157 250 2192 nendum
274 2161 412 2201 censet,
444 2156 530 2202 quia
562 2157 720 2202 sequenti
746 2161 845 2192 tuum
868 2158 1088 2201 respondeat.
1136 2156 1215 2191 Non
1239 2155 1332 2189 enim
1357 2156 1498 2200 opposi-

101 2218 205 2254 tionis
230 2218 384 2260 ratione,
417 2218 476 2252 sed
506 2218 663 2263 quaesita
697 2218 864 2253 orationis
887 2218 1136 2263 perspicuitate
1159 2217 1300 2252 defendi
1322 2218 1499 2260 voculam,

100 2279 258 2315 omnium
280 2280 356 2314 fere
388 2280 485 2313 codd.
519 2291 690 2314 consensu
712 2280 913 2323 firmatam,
946 2279 1006 2314 vix
1030 2283 1082 2314 est
1099 2279 1194 2323 quod
1217 2289 1434 2312 moneamus.
1454 2299 1499 2304 -

3 2362 6 2363 ν
64 2345 82 2373 ἶ
105 2341 206 2376 Unde
231 2340 257 2375 i.
281 2352 311 2375 e.
335 2353 360 2376 a
377 2352 456 2385 quo.
481 2352 514 2375 v.
537 2341 582 2375 ad
605 2353 636 2375 e.
659 2342 755 2385 xm,
782 2340 817 2376 5.
843 2341 984 2376 Curtius
1009 2344 1191 2384 praeterea
1213 2339 1363 2374 contulit
1385 2341 1499 2375 Plaut.

102 2402 322 2438 uenaechm.
346 2402 387 2445 V,
420 2402 455 2445 2,
478 2401 538 2436 32.
561 2391 723 2439 Gronov.
750 2404 796 2438 ad
820 2403 970 2438 Trucul.
995 2404 1030 2445 1,
1055 2404 1090 2443 1,
1115 2402 1174 2436 42.
1197 2401 1299 2435 Serv.
1332 2402 1378 2436 ad
1401 2401 1501 2448 virg.

102 2464 189 2500 Aen.
211 2464 306 2506 vlu,
331 2462 388 2497 71.
436 2463 491 2498 lta
513 2463 621 2498 etiam
644 2464 760 2499 Tacit.
781 2465 870 2500 Ann-
888 2466 917 2507 1,
933 2464 969 2507 3,
993 2463 1027 2499 2.
1077 2463 1172 2498 Nero
1187 2464 1278 2498 solus
1295 2475 1314 2498 e
1326 2464 1502 2510 privignis

103 2529 203 2564 crab·
226 2525 344 2559 illue
367 2530 492 2559 cuncta
515 2536 674 2571 vergere.

195 2585 232 2630 §.
254 2584 314 2620 23.
361 2598 431 2620 non
454 2587 545 2620 enim
569 2598 719 2633 regnum
743 2606 787 2614 -—
812 2585 979 2630 amisisti]
1012 2586 1113 2631 Quae
1143 2598 1256 2632 regno
1279 2590 1502 2632 opponuntur

98 2648 216 2692 fuga,
253 2646 432 2689 exsilium,
464 2653 630 2693 egestas,
662 2659 872 2691 aerumnae,
907 2648 1022 2693 quivis
1045 2648 1143 2684 videt
1164 2660 1234 2683 non
1267 2660 1330 2694 per
1353 2660 1390 2683 se
1419 2660 1502 2683 eum

105 2708 269 2742 amittere
288 2708 399 2743 verbo
421 2709 588 2756 coniungi
612 2721 732 2755 posse,
756 2710 817 2745 sed
843 2722 906 2755 per
928 2721 1079 2756 zeugma
1101 2714 1237 2746 tantum
1260 2710 1332 2744 hoc
1354 2710 1503 2744 verbum

107 2767 152 2804 nd
173 2767 242 2805 ista
265 2769 407 2806 nomina
431 2771 568 2807 referri.
615 2771 762 2817 Proprie
787 2772 881 2808 enim
904 2771 956 2808 ita
978 2772 1095 2808 disere
1117 2772 1287 2808 debebat:
1318 2783 1402 2807 nam
1426 2769 1502 2806 ani-
