1826 3276
485 172 846 218 IUGURTHA.
894 172 1024 218 GAP.
1058 172 1165 218 (3111.
1418 178 1506 222 555

114 299 226 349 tere,
255 306 309 336 ac
343 296 462 350 tum,
490 291 528 336 si
561 306 648 353 per
685 278 883 336 Marium
917 290 1084 348 liceret,
1118 291 1295 351 legatos
1330 291 1390 336 ad
1425 292 1508 338 Se-

114 395 267 434 natum
301 389 553 437 missurum.
621 389 754 447 Dein,
784 389 917 449 copia
951 389 1087 445 facta,
1131 387 1301 434 animus
1330 390 1575 437 barbaril5

114 488 173 533 ab
209 486 361 532 amicis
402 486 570 542 flexus,
616 501 732 545 quos
778 485 1021 547 Iugurtha,
1066 486 1250 547 cognita
1283 487 1512 548 legatione

115 585 271 632 Sullae
305 589 352 629 et
394 563 554 643 Manli,
589 589 793 628 metuens
827 582 890 639 id,
926 582 1053 643 quod
1085 560 1344 645 par—abatur,
1382 585 1511 632 donis

115 686 392 742 corruperat.
1230 672 1234 676 ¹

251 777 372 823 0111.
428 776 600 823 Marius
627 779 810 834 interea,
848 778 1044 822 exercitu
1075 778 1345 825 insshibernis
1382 796 1510 827 com-

113 962 236 994 eoutra
253 957 434 994 Romanos
449 960 588 1004 gestum
606 962 813 1003 excusaret,
838 959 986 994 obscure
1002 958 1139 994 scilicet
1153 957 1411 1004 significantem
1429 963 1513 998 olim

113 1031 153 1056 se
173 1020 406 1066 Iugurtham,
438 1022 627 1064 antequam
661 1020 755 1054 bello
785 1031 867 1054 cum
899 1021 1074 1056 Romanis
1106 1020 1367 1065 implicaretur,
1391 1024 1513 1068 aliqua

113 1080 215 1127 reg-ni
237 1085 338 1126 parte
359 1080 510 1116 exuisse.
553 1082 594 1116 ld
617 1085 737 1116 autem
759 1081 945 1117 mentitum
967 1094 1043 1118 esse
1066 1082 1248 1117 Bocchum
1273 1086 1350 1117 tum
1372 1096 1415 1118 ex
1437 1085 1514 1120 foe-

113 1143 198 1179 dere
219 1155 301 1178 cnm
322 1143 501 1188 Iugurtha
522 1142 612 1177 inito
634 1146 749 1186 patet,
782 1146 859 1177 tum
887 1154 930 1177 ex
953 1144 997 1179 iis
1018 1144 1105 1179 Iocis
1127 1143 1361 1190 intelligitur,
1386 1147 1515 1191 quibus

114 1205 310 1242 Sallustius
339 1205 427 1239 fines
462 1203 564 1250 reg-ni
595 1202 798 1249 Iugurthini
831 1203 1046 1240 occidentem
1086 1216 1211 1239 versus
1238 1206 1445 1252 desei-ipsiu
1478 1220 1514 1245 v.

114 1272 224 1312 supra
246 1278 277 1301 c.
302 1266 400 1308 XIX,
423 1264 459 1299 4.
483 1266 593 1308 XCII,
614 1264 649 1300 5.
673 1264 756 1299 coll.
780 1277 809 1302 c.
835 1265 910 1307 CX,
934 1265 969 1301 8.
1005 1268 1126 1311 Quare
1147 1265 1305 1311 sequitur
1329 1270 1513 1313 expulerat

114 1328 213 1362 nullo
235 1330 338 1372 pacto
361 1326 448 1361 ferri
471 1338 594 1372 posse3
622 1336 836 1370 quamquam
859 1326 954 1361 enim
977 1328 1188 1363 indicativus
1209 1327 1246 1361 in
1269 1329 1428 1364 oratione
1449 1332 1514 1365 ob-

114 1389 214 1434 liqua
244 1398 310 1424 suo
333 1389 412 1424 loeo
434 1387 565 1423 iustam
588 1386 847 1422 excusationem
874 1388 986 1423 habet
1016 1389 1076 1433 (v.
1099 1388 1144 1423 ad
1168 1388 1272 1424 Catil.
1296 1401 1328 1426 c.
1354 1391 1452 1434 XIV,
1476 1392 1514 1428 7.

114 1451 162 1486 ad
184 1449 261 1496 lug.
287 1461 320 1484 c.
342 1449 468 1493 LXIII,
491 1449 544 1495 1),
578 1449 640 1483 hic
662 1453 781 1483 tamen
811 1451 955 1492 auctor,
984 1449 1170 1483 Bocchum
1195 1450 1287 1493 ficta
1315 1451 1514 1496 loquentem

116 1512 294 1553 inducens,
314 1521 387 1544 nou
411 1510 526 1555 potuit
547 1509 585 1544 in
608 1521 690 1544 eum
714 1509 881 1549 modum,
903 1521 974 1554 quo
998 1521 1054 1544 res
1077 1521 1160 1544 vere
1183 1510 1278 1545 facta
1301 1512 1516 1558 declaratur,

117 1571 281 1608 transire.
328 1571 408 1615 Quo
444 1573 626 1615 praeterea
657 1574 867 1616 argumento
910 1570 1131 1606 Gerlachius‘
1150 1582 1215 1615 pro
1249 1583 1315 1608 sua
1345 1576 1516 1611 sententia

116 1633 248 1677 utitur,
278 1632 390 1667 verba
410 1632 505 1666 unde
526 1632 564 1666 υἱ
587 1632 669 1677 Ing.
696 1632 865 1676 expulerit
887 1643 956 1666 non
979 1643 1081 1676 posse
1104 1635 1289 1677 propterea
1312 1635 1355 1668 de
1379 1636 1515 1672 Boccho

117 1693 296 1740 intelligi,
331 1692 418 1738 quia
447 1703 538 1737 quae
568 1696 764 1736 sequuntur
793 1692 869 1727 iure
898 1693 980 1727 belli
1009 1704 1110 1728 suam
1133 1695 1272 1737 factam
1294 1691 1389 1728 idem
1412 1695 1516 1738 plano

73 1755 79 1764 ¹
116 1755 327 1802 significent,
349 1765 462 1799 neque
484 1765 548 1788 cur
569 1753 708 1788 adiecta
730 1753 800 1788 sint
823 1756 1012 1798 appareat,
1037 1764 1150 1798 aeque
1173 1753 1276 1788 futile
1297 1758 1369 1797 cst,
1392 1766 1434 1790 ac
1457 1767 1516 1790 ce-

118 1820 207 1852 tera.
254 1815 348 1852 Nam
369 1813 449 1860 quis
470 1825 541 1848 non
564 1814 660 1850 videt
680 1815 862 1850 Bocchum
885 1814 1091 1851 simulatam
1114 1815 1303 1850 Numidiae
1324 1817 1516 1861 pussessio-

119 1888 199 1912 nem
221 1887 293 1912 non
314 1877 429 1912 solum
447 1877 560 1920 sueto,
584 1876 644 1910 sed
667 1876 778 1912 etiam
801 1879 877 1914 iare
901 1877 1088 1912 defendere
1107 1877 1271 1912 studere?
1287 1897 1333 1903 --
1355 1879 1409 1912 De
1430 1880 1516 1914 mis-

97 1938 167 1973 ὀἱα
204 1943 315 1973 antea
351 1948 377 1972 α
414 1937 552 1972 Boccho
584 1938 717 1984 legatia
748 1941 786 1973 et
825 1938 870 1972 de
907 1943 1046 1985 negata
1081 1938 1240 1974 amicitia
1272 1950 1308 1976 V.
1343 1950 1450 1984 supra
1484 1950 1516 1974 c.

119 1999 265 2042 LXXX,
286 1999 323 2035 4.

213 2063 247 2104 §.
285 2059 335 2095 14
357 2062 394 2095 et
415 2059 474 2095 15.
526 2058 718 2106 Omittere]
773 2059 828 2095 De
863 2059 970 2095 huius
1003 2060 1103 2095 verbi
1134 2064 1304 2105 potestate
1337 2072 1373 2096 v.
1407 2063 1452 2097 ad
1484 2074 1516 2098 e.

121 2122 251 2165 XXXI,
274 2121 332 2157 17.
353 2139 401 2147 --
435 2123 547 2157 Usum
579 2128 653 2158 tum
686 2120 885 2166 particulae
921 2133 1094 2168 cognosce
1126 2134 1170 2157 ex
1200 2124 1376 2158 annotatis
1406 2124 1452 2158 ad
1485 2135 1517 2158 c.

123 2182 253 2226 XLVI,
278 2182 314 2217 1.
345 2183 428 2220 eoII.
460 2178 563 2219 dictis
593 2185 639 2219 ad
670 2182 809 2227 XLIX,
833 2182 868 2217 3.
900 2185 935 2218 et
957 2183 1003 2218 ad
1026 2183 1122 2225 CIX,
1147 2183 1181 2218 3.
1205 2203 1252 2209 —
1284 2184 1393 2229 Copia
1409 2186 1517 2228 factu

122 2255 172 2280 sc.
203 2244 343 2289 legatos
373 2243 554 2288 mittendi3
588 2257 626 2281 v.
659 2245 708 2281 ad
735 2245 813 2280 Cat.
839 2256 869 2278 c.
894 2244 1051 2287 XLVIII,
1074 2243 1110 2279 6.
1157 2245 1319 2280 Ceterum
1352 2248 1519 2280 accurata

123 2304 280 2341 narratio
301 2306 486 2350 poscebat,
518 2306 637 2342 verbis
656 2306 802 2345 „artimus
825 2306 968 2341 barbara·
992 2306 1036 2340 ab
1062 2306 1186 2341 amicis
1200 2308 1316 2350 fletus
1339 2305 1518 2350 prae-itti

123 2371 201 2413 post
225 2354 349 2401 Sullae
378 2366 588 2409 ἀίεσοεωπις
619 2369 712 2412 quod
744 2379 854 2412 quum
887 2379 956 2402 uon
985 2367 1145 2402 additum
1177 2366 1242 2410 sit,
1263 2372 1359 2402 certe
1380 2368 1514 2414 cogita-

124 2428 219 2464 tione
240 2428 474 2473 supplendum
496 2433 561 2464 est.

217 2490 308 2525 cm.
344 2492 377 2533 9
401 2489 436 2524 1.
477 2491 515 2525 in
536 2491 712 2536 hibernis]
751 2491 806 2526 Ita
827 2490 997 2534 scriptum
1020 2495 1131 2526 exstat
1151 2489 1189 2524 in
1213 2490 1391 2525 nonnullis
1414 2491 1516 2525 codd.

127 2549 240 2595 nivii,
263 2551 374 2586 Laud.
395 2551 431 2586 2.
454 2551 488 2586 3.
514 2553 676 2588 Arondel.
700 2552 848 2588 Balliol.
878 2553 982 2587 Rem.
1014 2553 1048 2587 2.
1073 2553 1184 2598 Berg.
1208 2557 1246 2587 et
1270 2552 1376 2587 Misn.
1399 2552 1518 2587 Ceteri

126 2622 249 2647 omnes
270 2613 405 2647 habent
428 2615 466 2649 in
488 2615 731 2658 hibernaculis,
756 2614 863 2658 quod,
887 2625 996 2658 quum
1018 2613 1208 2649 Sallustius
1225 2623 1334 2658 supra
1356 2624 1387 2648 c.
1417 2613 1458 2656 C,
1483 2613 1518 2649 l.

127 2674 238 2709 dieat:
268 2674 406 2710 Marius
427 2676 466 2711 in
488 2677 686 2711 hiberna
706 2676 960 2720 proficiscitur,
984 2676 1143 2720 quaein
1166 2675 1351 2720 oppidis
1374 2674 1519 2708 mari·-

127 2736 266 2771 tmm't
289 2747 399 2782 agere
422 2735 647 2779 decreverat,
669 2737 730 2770 hic
752 2736 897 2772 tolerari
919 2737 1059 2781 nequit,
1089 2737 1173 2782 quia
1195 2737 1344 2772 hiberna
1365 2735 1519 2770 multum

130 2797 175 2831 ab
202 2797 433 2834 hibernaculis
456 2796 633 2833 differunt.
690 2797 766 2833 Illis
786 2797 881 2833 enim
902 2797 1030 2834 latiore
1055 2809 1158 2834 sensu
1185 2797 1223 2832 in
1246 2796 1448 2832 universum
1471 2794 1521 2830 si·-
