1826 3276
461 179 829 225 IUGURTHA.
894 180 1021 226 GAP.
1053 180 1164 226 CIV.
1410 187 1496 228 563

94 299 231 356 docti,
267 312 361 358 quo
397 298 537 343 modo
574 298 699 359 apud
724 297 938 357 Marium,
973 299 1081 344 item
1117 299 1242 361 apud
1278 306 1494 360 senatum,

92 399 233 444 verba
262 397 484 455 facerent,
522 396 698 441 circiter
733 396 829 442 dies
864 397 1164 459 quadraginta
1198 398 1368 444 ibidem
1405 414 1491 461 op-

90 497 337 558 periuntur.
967 467 970 470 Δ

231 591 348 638 CIV.
406 589 580 634 Marius
615 595 872 651 postquam,
911 590 1119 636 confecto
1159 595 1251 652 quo
1286 594 1494 640 intende-

89 696 160 736 rat
202 676 414 750 nessotio,
475 686 647 732 Cirtam
690 688 833 746 redit,
891 688 950 733 de
999 689 1196 736 adventu
1238 692 1496 753 legatorum

91 788 255 834 certior
295 787 465 842 factuS,
511 785 704 844 illosque
751 792 798 831 et
842 783 1020 831 Sullam
1064 788 1123 833 ab
1168 787 1305 834 Utica
1334 787 1494 836 >venire

89 956 184 993 troni
219 954 356 992 auxilio
385 965 462 989 esse
494 964 657 988 caussam
688 953 903 996 dicentibus,
935 954 1004 990 nisi
1037 955 1105 1001 ipsi
1127 957 1296 992 adessent.
1321 975 1366 983 —·
1395 957 1496 1000 Quae

90 1023 155 1054 aut
187 1018 315 1060 utilia,
347 1019 411 1050 aut
443 1016 706 1050 benevolentiae
740 1027 813 1051 esse
845 1017 1056 1059 credebant,
1087 1016 1112 1052 i.
1147 1029 1178 1052 e.
1206 1029 1300 1062 quae
1324 1018 1496 1054 Romanis

90 1081 154 1114 aut
179 1078 371 1113 utilitatem
406 1078 538 1112 afferre
573 1087 674 1121 posse
703 1076 927 1121 viderentur,
963 1082 1024 1112 aut
1056 1089 1180 1113 eorum
1213 1080 1495 1115 benevolentiam

87 1138 167 1185 regi
198 1143 455 1183 compararent.
516 1139 571 1173 Ab
605 1139 677 1172 hac
709 1148 795 1172 sane
826 1138 993 1182 expedita
1023 1140 1194 1175 sententia
1224 1152 1294 1175 non
1327 1142 1496 1177 aberrans

88 1198 231 1236 Curtius
254 1204 373 1235 tamen
397 1199 434 1233 in
457 1202 634 1234 structum
656 1198 865 1242 explicanda
889 1211 1014 1243 parum
1039 1201 1151 1246 vidit,
1177 1202 1351 1238 eiusmodi
1375 1213 1496 1238 exem-

88 1263 159 1308 plis
183 1261 346 1304 collatis,
381 1260 508 1305 quibus
531 1264 628 1304 patet
650 1271 734 1294 enm
759 1260 1022 1296 benevolentiae
1043 1274 1108 1306 pro
1132 1263 1291 1308 genitivo
1314 1263 1494 1308 habuisse,

87 1325 188 1359 velut
212 1335 244 1358 e.
269 1323 505 1365 LXXXVIII,
529 1321 564 1356 4.
613 1321 683 1356 Sed
716 1323 856 1356 comitio
890 1334 932 1356 ac
956 1324 1030 1368 fini
1063 1324 1299 1370 significando
1332 1325 1495 1360 dativum

88 1386 205 1421 solum
227 1383 426 1426 inservire,
458 1383 519 1416 vix
548 1385 602 1416 est
633 1383 727 1426 quod
759 1388 959 1418 moneatur.
1000 1385 1046 1419 ct'.
1080 1386 1295 1421 Ramshorn.
1330 1387 1490 1422 Gramm.

89 1447 169 1483 Lat.
191 1448 224 1490 S.
249 1445 331 1493 HQ,
355 1445 390 1480 1.
412 1455 448 1489 p.
471 1442 553 1478 205.
579 1443 634 1477 ed.
662 1443 690 1478 Ι.
715 1443 793 1489 lug.
818 1445 944 1488 XLVI,
975 1446 1009 1480 6.
1034 1446 1173 1493 xcvn,
1198 1447 1232 1482 3.
1258 1448 1358 1482 Caes.
1383 1449 1427 1484 B.
1452 1449 1494 1485 C.

86 1509 150 1550 111,
172 1507 232 1544 22.
277 1507 362 1545 Inde
393 1507 502 1542 simul
532 1504 762 1550 intelligitur,
799 1517 907 1549 quam
942 1506 1058 1552 inepte
1092 1507 1129 1542 in
1157 1507 1278 1543 multis
1301 1509 1401 1543 codd.
1427 1520 1494 1554 pro

90 1569 351 1604 benevolentiae
383 1567 554 1612 scriptum
594 1566 639 1601 sit
675 1560 933 1609 benevoseiuia,
970 1569 1063 1612 quod
1097 1564 1311 1607 somniantes
1342 1570 1494 1614 librarii,

17 1653 22 1656 -
87 1634 287 1667 structurae
311 1628 565 1673 aequalitatem
588 1627 835 1670 desiderantes,
859 1628 1072 1672 intulerunt;
1101 1641 1136 1665 v.
1170 1631 1214 1665 ad
1248 1643 1278 1666 c.
1304 1633 1495 1675 LXXVIII,

89 1693 124 1727 1-.
155 1692 254 1726 Male
282 1690 391 1726 etium
423 1689 564 1724 Cottius
596 1699 670 1723 esse
699 1689 846 1732 delevit,
881 1689 974 1733 quod
1008 1690 1045 1724 iu
1079 1698 1149 1725 uno
1181 1692 1289 1728 Acad.
1315 1694 1423 1729 deest.
1447 1713 1492 1721 -

92 1755 262 1790 Oratione
293 1753 475 1793 extollunt,
507 1761 544 1784 v.
579 1750 624 1791 ad
655 1761 686 1784 c.
718 1749 780 1793 IV,
812 1750 847 1784 2.
879 1762 915 1795 p.
941 1751 1000 1786 2⁰.
1026 1772 1073 1778 —
1095 1753 1212 1788 verba
1237 1754 1312 1789 dies
1336 1756 1496 1800 quadra-

88 1817 195 1863 ginta
225 1815 354 1850 ibidem
389 1812 616 1858 opperiuntur
652 1810 809 1855 nangius
847 1822 975 1855 parum
1017 1818 1184 1848 accurate
1223 1815 1495 1860 interpretatur:

89 1881 168 1923 post
190 1876 361 1921 quadrag.
388 1874 463 1908 dies
485 1874 613 1908 iterum
637 1873 756 1907 venire
780 1873 956 1910 iubentur.
1011 1875 1131 1919 Quum
1155 1875 1250 1911 enim
1274 1888 1316 1910 ex
1342 1889 1496 1921 sequen-

88 1939 184 1974 tibus
212 1941 331 1983 petest
363 1934 499 1970 Bocchi
528 1934 667 1979 legatos
694 1935 818 1968 Uticae
842 1935 938 1983 apud
962 1934 1099 1971 Sullam
1131 1937 1258 1979 fuisse,
1289 1938 1496 1983 priusquam

89 1999 225 2034 Cirtam
256 1998 302 2033 ad
333 1996 493 2032 Marium
524 1999 756 2038 vocarentur,
790 1997 900 2030 verba
931 1997 1059 2032 ibidem
1095 2000 1322 2044 opperiuntur
1351 1998 1395 2034 de
1425 2000 1496 2036 ista

89 2046 244 2096 Uticensi
266 2058 547 2100 commoratione
570 2057 802 2102 intelligenda
826 2061 917 2093 sunt.

185 2121 272 2156 CIV.
309 2123 342 2164 S.
366 2120 400 2154 1.
453 2121 608 2163 confecto
641 2130 707 2163 qno
737 2119 940 2153 intenderat
962 2119 1130 2164 negotio]
1188 2120 1350 2166 Confecto
1377 2125 1497 2158 tenent

90 2183 227 2228 aliquot
249 2182 363 2217 Cortii
386 2181 490 2222 libri,
525 2180 624 2214 Leid.
649 2181 687 2214 C.
712 2181 740 2214 1.
765 2181 816 2215 M.
844 2181 956 2214 Paris.
980 2181 1022 2215 A.
1052 2181 1091 2215 C.
1115 2182 1159 2215 1).
1185 2183 1271 2216 Ven.
1297 2182 1330 2215 1.
1356 2183 1436 2217 Vnt.
1459 2182 1494 2218 l.

91 2244 241 2280 Taurin.
268 2243 384 2278 Ceteri
407 2255 527 2293 omnes
552 2243 686 2285 habent
709 2243 850 2286 infecto,
874 2242 968 2287 quod
993 2242 1144 2286 Curtius,
1170 2242 1380 2277 Gerlachius
1403 2244 1498 2278 mul-

91 2305 190 2350 tique
213 2305 276 2340 ulii
298 2304 336 2339 iu
359 2308 561 2340 contextum
584 2307 802 2348 receperunt.
841 2303 911 2337 Sed
939 2303 979 2338 hi
1002 2315 1070 2338 non
1095 2304 1257 2339 viderunt
1281 2308 1498 2349 quantopere

92 2378 175 2402 cum
206 2366 367 2401 Sallustii
401 2363 573 2412 ἀκριβείᾳ
605 2369 759 2411 pugnet,
793 2364 824 2399 εἰ
853 2364 969 2407 obiter
990 2370 1024 2399 et
1046 2377 1116 2400 uno
1141 2367 1252 2400 verbo
1276 2366 1498 2412 significetur

92 2428 203 2464 Marii
236 2427 416 2473 inceptum
446 2427 555 2462 turris
585 2427 838 2473 expugnandae
864 2426 974 2460 fuisse
996 2425 1147 2476 irritum.
1196 2427 1262 2461 Cui
1286 2439 1395 2471 quum
1418 2439 1498 2462 om-

93 2489 154 2525 nin
178 2501 344 2534 prospere
367 2492 470 2524 antea
493 2485 758 2531 successissent,
789 2491 1058 2523 consentaneum
1089 2492 1141 2523 cst
1167 2499 1234 2523 nou
1259 2488 1327 2523 nisi
1351 2489 1500 2524 summis

94 2550 362 2586 difficultatibus
392 2562 474 2585 eum
508 2561 532 2585 a
564 2549 711 2586 consilio
744 2550 956 2594 perficiendo
996 2549 1161 2594 impediri
1206 2550 1370 2595 potuisse.
1426 2550 1497 2585 Sed

95 2612 269 2648 eiusmodi
298 2624 355 2648 res
388 2623 532 2657 asperas
567 2623 636 2647 non
658 2612 827 2646 credibile
855 2617 908 2646 est
932 2612 976 2645 ab
1002 2616 1144 2645 anctore
1165 2611 1303 2646 sitentio
1328 2611 1500 2656 praeteri-

97 2677 152 2708 ta·
186 2673 315 2715 fuisse,
359 2674 422 2717 qui
452 2673 587 2710 similes
623 2674 860 2718 expeditiones
899 2671 1039 2708 Metelli
1073 2672 1239 2706 adversus
1271 2673 1429 2707 Thalam
1464 2684 1495 2708 c.

97 2735 237 2772 LXXV.
260 2735 443 2779 Lxva,
476 2735 585 2770 Marii
616 2738 739 2769 contra
769 2735 918 2779 Capsam
951 2745 981 2770 c.
1015 2733 1208 2768 LXXXIX.
1232 2734 1307 2768 XC.
1333 2734 1437 2776 xm„
1462 2737 1499 2770 et

99 2799 223 2832 contra
246 2797 433 2833 manuum
454 2796 734 2833 munitissimum
757 2808 788 2834 c.
812 2797 919 2832 XCII.
946 2796 1068 2831 XCIII.
1093 2796 1215 2830 XCIV.
1247 2807 1312 2841 pro
1335 2795 1387 2830 rei
1411 2806 1498 2841 gra-

1103 2867 1221 2913 36*
