1826 3276
370 189 434 228 Μ,
732 185 778 228 G.
808 184 1123 227 SALLUSTI
1151 185 1371 229 CRISPI

373 312 460 355 qne
490 297 619 341 armis
659 313 824 358 cogere
869 311 1015 355 neque
1051 312 1157 341 auro
1194 313 1354 358 parare
1385 315 1549 358 queas;
1581 278 1735 345 officio

341 393 366 434 5
379 397 423 436 et
456 392 546 435 fide
582 393 825 451 pariuntur.
895 391 1006 447 Quis
1049 398 1196 436 autem
1241 394 1442 450 amicior,
1474 410 1608 452 quam
1641 395 1733 439 fra-

371 493 440 529 ter
464 485 616 529 fratri?
660 492 735 529 aut
768 501 902 544 quem
936 487 1126 531 alienum
1159 487 1299 531 fidum
1331 488 1559 546 invenies‚1‹
1582 490 1618 533 si
1649 490 1734 536 tuis

339 579 511 623 Ghostis
546 579 712 624 fucris?
745 580 968 639 Equidem
997 596 1086 642 ego
1119 583 1244 626 vobis
1273 597 1459 643 regnum
1491 583 1620 629 trado
1653 585 1733 628 fir-

371 688 519 730 mum,
559 675 595 718 si
637 675 743 719 boni
787 677 949 729 eritis,
980 677 1045 721 sin
1090 677 1220 736 mali,
1265 678 1546 723 imbecillum.
1617 680 1733 724 Nam

372 769 610 813 concordia
651 785 817 830 parvae
861 787 931 816 res
978 778 1205 831 crescunt,
1250 772 1469 818 discordia
1502 789 1734 818 maxumae

339 862 637 911 7dilabuntur.
707 866 917 911 Ceterum
972 872 1073 911 ante
1124 866 1207 911 hos
1256 873 1325 923 te,
1371 868 1612 928 Iugurtha,
1659 871 1735 929 qui

370 992 480 1038 igitur
506 997 678 1039 profecto,
700 1007 804 1040 sane,
826 1008 915 1040 quae
937 996 1027 1031 ratio
1049 1007 1116 1031 uon
1146 1000 1322 1039 mutatur,
1359 997 1390 1032 si
1420 1009 1485 1043 ego
1507 998 1734 1034 adiicitur.—

371 1053 453 1094 δίη,
477 1055 567 1096 quod
589 1055 650 1088 ubi
673 1056 754 1099 poni
787 1057 910 1091 debeat
933 1045 1081 1092 diximus'
1104 1057 1147 1091 ad
1182 1058 1255 1091 Cat.
1280 1058 1335 1098 m,
1361 1057 1431 1098 24„
1454 1059 1489 1091 h.
1513 1059 1537 1092 l.
1563 1063 1736 1102 praestant

370 1110 447 1148 vat.
472 1113 513 1145 A.
546 1114 625 1148 Bas.
650 1115 682 1148 l.
715 1116 817 1150 Fabri
843 1117 876 1152 1.
910 1118 1003 1151 Leid.
1029 1118 1066 1151 [ι.
1091 1116 1200 1151 Paris.
1226 1118 1261 1151 b.
1285 1128 1317 1150 c.
1352 1128 1383 1152 z.
1410 1118 1527 1153 Berol.
1550 1118 1586 1152 2.
1619 1120 1732 1159 Mark.

370 1174 414 1207 Γ.
433 1174 477 1206 Λ.
501 1177 537 1207 et
558 1176 713 1209 nonnulli
736 1177 818 1218 alii3
843 1177 963 1212 relicui
989 1179 1019 1212 si
1043 1178 1183 1213 habent.

464 1235 496 1276 §-
520 1233 554 1267 7.
597 1240 678 1269 ante
703 1237 777 1279 hos]
803 1239 893 1272 Ante
915 1239 951 1272 h.
970 1238 994 1271 l.
1018 1249 1085 1272 non
1115 1236 1299 1280 temporis,
1324 1237 1383 1271 sed
1406 1236 1562 1281 priorum
1584 1238 1734 1281 partium

369 1292 424 1326 vel
448 1295 677 1336 praestantiae
699 1296 874 1331 notionem
896 1298 1026 1331 habere
1059 1297 1117 1330 vix
1140 1299 1192 1330 est
1213 1298 1303 1340 quod
1327 1302 1516 1332 moneatur.
1548 1298 1594 1332 cf.
1619 1302 1735 1333 tamen

369 1352 413 1386 ad
436 1353 510 1386 Cat.
535 1354 622 1395 Lm,
645 1355 679 1388 3.
703 1359 737 1389 et
758 1357 874 1390 Hand.
901 1357 944 1390 de
967 1357 1113 1391 Particc.
1138 1357 1214 1390 Lat.
1235 1357 1309 1390 Vol.
1333 1357 1358 1391 1.
1382 1368 1416 1400 p.
1441 1356 1522 1392 386.
1544 1357 1578 1392 3.
1597 1377 1643 1384 ——
1666 1360 1735 1393 Pro

371 1412 450 1457 qui
473 1419 543 1447 aet.
560 1419 593 1448 et
621 1426 694 1459 sap.
708 1427 761 1460 pr.
783 1429 817 1451 es
839 1417 981 1460 plurimi
1003 1417 1169 1460 praebent
1192 1417 1272 1450 libri
1305 1418 1381 1461 qm·
1388 1429 1411 1450 a
1435 1420 1519 1459 etc.;
1549 1419 1735 1453 relativum

370 1476 489 1506 tamen
519 1477 626 1508 exstat
658 1475 694 1508 in
728 1476 837 1510 Vatia.
863 1478 903 1512 A.
928 1477 1039 1512 Paris.
1064 1477 1099 1510 l».
1121 1488 1152 1511 c.
1171 1487 1203 1509 x.
1225 1487 1254 1511 z.
1293 1476 1479 1510 Einsiedel.
1512 1478 1630 1512 Berol.
1649 1480 1682 1513 1.
1700 1479 1733 1514 2.

371 1532 488 1567 Goerl.
513 1533 590 1568 Vin.
607 1533 641 1567 2.
666 1535 736 1567 lnc.
754 1535 785 1568 l.
810 1537 935 1570 Heuss.
962 1537 1077 1570 Guelt'.
1102 1536 1134 1570 1.
1161 1536 1194 1569 3.
1220 1536 1252 1569 4.
1277 1536 1372 1570 Vrat.
1397 1537 1430 1570 1.
1452 1535 1487 1570 3.
1511 1537 1735 1582 omnibusque

369 1592 500 1635 Leidd„
523 1604 632 1636 neque
664 1594 806 1628 difficile
837 1601 888 1630 est
920 1598 968 1631 ad.
995 1597 1179 1630 videndum
1210 1596 1269 1629 vel
1298 1597 1412 1640 prima
1439 1598 1611 1638 sequentia
1639 1599 1736 1633 vocis

368 1651 484 1686 littera
518 1653 609 1687 male
639 1654 836 1698 geminata,
867 1656 923 1690 ve!
955 1659 993 1690 ut
1024 1655 1173 1690 caussali
1205 1654 1376 1698 particula
1413 1666 1551 1690 sensum
1580 1657 1737 1695 iuvarent

370 1712 527 1753 librarii,
550 1714 703 1747 auctoris
725 1725 867 1749 manum
889 1716 1115 1760 depravatam
1138 1715 1256 1749 fuisse.
1301 1713 1500 1748 Notandum
1522 1720 1653 1761 tamen,
1678 1720 1736 1764 qui

369 1782 449 1805 cum
471 1772 660 1807 indicativo
683 1774 902 1810 coniunctum
924 1775 960 1810 iu
983 1775 1198 1810 canssalibus
1227 1773 1401 1809 sententiis
1424 1775 1572 1810 multum:
1595 1777 1736 1814 differre

371 1841 395 1866 a
416 1831 646 1866 subiunctivo.
692 1833 763 1867 Hic
796 1834 888 1869 enim
910 1836 1034 1870 modus
1055 1839 1094 1870 ut
1115 1839 1252 1869 arctum
1275 1846 1471 1869 caussarum
1495 1840 1529 1870 et
1550 1837 1736 1875 effectuum

371 1903 496 1926 nexum
517 1892 594 1936 ipsa
616 1893 782 1928 orationis
804 1895 918 1930 forma
940 1895 1106 1935 declarat,
1130 1895 1181 1929 ita
1203 1895 1388 1929 indicativo
1399 1895 1510 1939 posito
1521 1897 1600 1931 talis
1620 1911 1734 1939 nexus,

371 1952 530 1996 quamvis
562 1954 600 1986 in
626 1954 726 1987 rebus
758 1954 859 1996 insit,
898 1955 1128 2000 grammatice
1155 1966 1223 1989 non
1254 1955 1480 1999 significatur.
1526 1956 1737 2001 Simpliciter

371 2012 464 2054 enim
496 2011 553 2054 id,
585 2013 677 2056 quod
707 2025 864 2048 caussam
887 2015 1028 2049 alterius
1056 2001 1300 2056 rei'continet‚
1333 2017 1494 2057 tanquam
1516 2016 1647 2052 factum
1669 2019 1735 2053 ali-

371 2071 463 2116 quod
485 2071 581 2105 iuxta
612 2071 709 2107 illam
740 2085 834 2116 rem,
864 2086 971 2118 quam
992 2075 1037 2109 ad
1059 2085 1218 2109 caussam
1239 2085 1338 2108 suam
1362 2074 1484 2108 referri
1506 2076 1583 2110 vult
1604 2082 1735 2121 auctor,

371 2133 581 2174 collocatur,
613 2132 684 2174 ita,
724 2138 784 2176 ut,
821 2135 880 2178 qui
919 2135 1008 2169 inter
1037 2139 1220 2178 utramque
1253 2145 1328 2167 rem
1358 2133 1546 2169 intercedat
1573 2139 1736 2173 caussalis

371 2203 498 2234 nexus,
531 2192 678 2237 legentis
708 2194 765 2226 vel
792 2193 961 2228 audientis
981 2195 1110 2229 iudicio
1133 2195 1320 2228 eruendum
1342 2193 1564 2237 relinquatur.
1591 2197 1637 2232 cr.
1658 2199 1734 2243 lug.

371 2239 545 2292 LXXXV,
566 2252 600 2286 9.
647 2252 757 2294 Mihi,
790 2255 867 2298 qui
899 2266 1029 2288 omnem
1066 2259 1219 2289 aetatem
1242 2255 1278 2288 in
1313 2254 1459 2298 optumis
1482 2254 1616 2288 ortibus
1647 2257 1735 2300 egi,

375 2313 457 2347 bene
474 2315 595 2356 facere
618 2311 688 2345 iam
721 2313 758 2346 in
788 2318 951 2347 naturam
981 2314 1095 2348 vertit.
1132 2313 1205 2350 Cic.
1228 2314 1328 2348 Brut.
1353 2326 1382 2349 c.
1408 2313 1465 2355 96,
1488 2313 1567 2348 329.
1614 2315 1735 2350 Fortu-

373 2377 478 2407 natus
502 2372 678 2406 Hortensia·
699 2373 829 2415 exitus,
853 2374 928 2418 qui
951 2384 994 2407 ea
1015 2385 1084 2406 non
1105 2374 1227 2408 vidit
1250 2385 1352 2418 quum
1366 2375 1516 2416 fierent,
1546 2385 1635 2419 quae
1650 2386 1735 2419 pro-

373 2434 463 2467 vidit
486 2432 640 2476 sutura?
673 2430 720 2465 id.
753 2444 787 2476 p.
820 2432 913 2468 Sext.
936 2445 966 2467 c.
992 2433 1049 2475 3⁰,
1071 2433 1128 2468 62.
1177 2434 1226 2467 De
1249 2434 1370 2478 Cyprio
1395 2444 1479 2478 rege
1505 2439 1725 2478 quererentur

374 2493 449 2538 qui
471 2503 525 2527 me
547 2512 590 2518 —-
612 2504 680 2526 non
702 2494 802 2526 modo
825 2505 894 2527 ηοπ
917 2494 1243 2537 defenderunt,
1267 2494 1327 2528 sed
1348 2505 1392 2528 ne
1413 2494 1578 2527 iacentem
1601 2495 1737 2538 quidem

374 2552 714 2597 protexerunt?
745 2553 788 2587 de
819 2565 886 2596 quo
916 2554 992 2588 loco
1023 2565 1057 2588 v,
1085 2556 1147 2588 Ed.
1173 2555 1384 2588 Wundemm
1408 2554 1444 2588 iu
1466 2553 1576 2587 lahnii
1598 2555 1734 2588 Annali.

376 2611 503 2648 Phllol.
527 2616 563 2647 et
583 2612 735 2657 Paedag.
763 2623 797 2647 a.
822 2613 924 2647 1827.
947 2609 992 2651 Τ.
1008 2615 1068 2650 ul.
1093 2616 1131 2648 1⁴¹.
1148 2615 1182 2648 2.
1210 2628 1243 2659 p.
1259 2615 1337 2649 147.
1360 2615 1447 2657 Epp.
1471 2613 1515 2648 ad
1538 2613 1677 2647 Famm.
1696 2615 1734 2655 V,

377 2673 434 2715 12,
451 2673 508 2707 23.
533 2673 615 2707 Ter.
631 2674 759 2709 Heaut.
782 2675 843 2714 111,
858 2674 893 2716 3,
914 2673 968 2708 28.
1017 2675 1075 2708 Dii
1093 2679 1127 2708 tc
1144 2676 1329 2717 eradicent,
1352 2675 1448 2718 Syre,
1471 2673 1547 2717 qui
1569 2683 1623 2707 me
1638 2673 1735 2706 istinc

379 2735 605 2769 extrudis.
653 2734 802 2768 Omnino
833 2733 938 2779 digna
970 2740 1047 2769 sunt
1071 2745 1158 2779 quae
1190 2733 1233 2767 de
1261 2743 1303 2767 ea
1326 2745 1363 2767 re
1393 2732 1607 2767 ascribantur
1627 2732 1736 2766 verba
