1826 3276
389 183 474 224 418
753 174 799 216 C.
829 171 1149 216 SALLUSTI
1176 171 1385 216 CRISPI

392 291 521 347 dent,
567 295 611 334 et
645 289 705 332 ob
746 302 842 331 rem
890 292 1142 346 corruptam
1184 285 1305 330 domi
1337 300 1502 347 poenas
1535 291 1744 341 metuunt,

393 384 607 430 criminari
648 381 1019 442 Carthaginiensis
1053 387 1155 425 ante
1188 386 1365 441 tempus
1407 381 1542 427 domo
1573 383 1744 442 digres-

393 495 488 534 soS‚
533 477 793 522 conturbare
835 475 1183 534 remsdenique
1220 476 1366 520 omnia
1409 476 1563 528 malle,
1615 457 1745 534 quarn

356 573 494 623 evicti
536 572 670 616 abire.
750 571 845 616 Sed
886 586 1022 629 quum
1067 571 1204 615 Poeni
1250 572 1382 615 aliam
1421 570 1746 623 condicionem,

390 658 694 711 tantummodo
745 682 930 724 aequam
954 699 967 722 ‚
1017 671 1253 726 peterent,
1313 666 1476 710 Graeci
1524 665 1747 726 optionem

481 802 512 843 §-
535 799 570 833 7.
617 810 652 832 ae
682 799 821 839 vident]
848 799 887 832 In
910 798 1081 843 plerisque
1104 798 1263 833 omnibus
1285 798 1382 834 codd.
1405 803 1457 834 est
1479 810 1516 833 se
1547 810 1643 833 esse
1666 799 1749 838 vid„

388 859 680 902 quemadmodum
712 857 863 902 bangius
898 858 1016 892 edidit.
1069 858 1139 892 Sed
1172 870 1242 892 esse
1275 859 1367 892 deest
1399 858 1434 892 in
1458 856 1539 892 mn.
1565 859 1598 892 1.
1619 859 1690 894 luc.
1712 857 1747 892 2.

391 920 481 963 Reg.
507 918 644 952 Martia.
673 918 781 952 Paris.
813 918 848 951 b.
873 929 902 952 c.
925 930 959 953 x.
983 918 1067 955 Erl..
1097 929 1207 962 neque
1237 918 1389 952 dubitari
1420 921 1551 962 potest,
1582 917 1664 962 quin
1692 918 1747 950 vei

389 988 433 1011 ex
454 977 736 1020 interpolatione,
767 977 822 1010 vei
845 989 963 1011 errore
985 978 1176 1012 scribarum
1198 977 1392 1022 irrepserit,
1415 978 1450 1012 id
1473 977 1563 1021 quod
1585 975 1750 1010 coniicias

390 1041 464 1071 tum
487 1048 528 1070 ex
553 1037 660 1071 Paris.
681 1048 711 1072 z.
739 1037 925 1081 posteriorc
956 1050 991 1072 es
1023 1049 1079 1080 se,
1110 1041 1184 1072 tum
1215 1048 1256 1070 ex
1287 1037 1404 1070 Berol.
1429 1036 1461 1070 1.
1493 1047 1529 1070 se
1549 1035 1750 1080 posteriores

391 1109 479 1138 ease,
501 1097 583 1138 ubi,
610 1096 778 1130 infinitivo
808 1108 850 1130 ex
879 1101 1051 1142 postrema
1082 1097 1216 1141 syllaba
1246 1106 1466 1141 praegressae
1487 1095 1582 1129 vocis
1611 1105 1690 1128 cum
1713 1105 1750 1127 ae

389 1157 540 1191 conflata
562 1160 657 1198 orto,
681 1167 888 1200 pronomen,
911 1158 1001 1200 quod
1023 1156 1252 1191 necessarium
1274 1159 1343 1198 est,
1368 1155 1480 1190 alieno
1500 1156 1577 1189 loco
1599 1157 1651 1189 est
1669 1153 1750 1189 ina-

389 1219 475 1251 tum.
521 1217 705 1250 Praeterea
734 1217 900 1252 orationis
931 1228 1093 1251 numerus
1123 1227 1191 1250 nou
1226 1216 1338 1250 solum
1375 1216 1478 1249 valde
1507 1215 1651 1260 languet
1680 1224 1751 1248 ease

389 1275 527 1317 addito,
551 1276 609 1309 sed
634 1276 707 1320 ipse
729 1276 862 1310 dicendi
881 1288 973 1317 usus,
996 1287 1098 1320 quem
1120 1274 1366 1308 iliustravimus
1389 1274 1432 1308 ad
1455 1275 1533 1309 Cat.
1554 1275 1582 1316 1,
1603 1274 1638 1309 3.
1656 1285 1690 1318 p·
1714 1272 1751 1308 6.

389 1338 423 1369 et
454 1336 499 1369 ad
530 1336 616 1376 XX,
648 1335 682 1370 3,
712 1347 746 1379 p.
772 1335 843 1379 98„
875 1337 908 1370 ci
939 1347 1007 1369 non
1041 1335 1145 1368 favet.
1176 1334 1222 1367 cf.
1257 1334 1331 1368 cat.
1356 1334 1462 1374 XXI,
1485 1332 1518 1368 5.
1567 1333 1749 1377 Postquam

390 1395 539 1428 omnium
573 1395 706 1428 animos
737 1389 915 1429 alacris
943 1395 1084 1429 videt.
1114 1395 1189 1438 lug.
1213 1391 1311 1434 LXI,
1335 1392 1369 1427 1.
1417 1392 1600 1438 Postquam
1622 1392 1749 1426 videt

382 1455 570 1497 frustra
600 1453 780 1498 inceptum.
814 1455 910 1498 mv,
933 1455 967 1489 1.
997 1451 1160 1495 LXXVI,
1187 1450 1221 1486 6.
1243 1451 1365 1493 XCIII,
1388 1451 1421 1486 3.
1438 1471 1483 1478 —
1509 1453 1558 1486 012
1580 1462 1652 1486 rem
1667 1462 1749 1484 cor·

389 1517 528 1557 ruptam
551 1512 574 1546 i.
599 1524 628 1547 e.
653 1514 698 1548 ob
721 1517 900 1557 acceptum
922 1513 959 1547 in
981 1511 1214 1547 constituendo
1236 1511 1374 1555 negotio
1397 1512 1655 1553 detrimentum.
1678 1511 1751 1545 sive

389 1572 435 1605 ob
475 1571 639 1606 amissum
671 1574 762 1616 quod
802 1576 1025 1616 speraverant
1065 1571 1304 1612 commodum;
1347 1571 1393 1605 cf.
1429 1572 1472 1606 ad
1504 1583 1534 1606 c.
1566 1571 1694 1613 LXIV,
1715 1567 1748 1604 5.

389 1631 548 1673 XXXIII,
570 1631 602 1664 4.
650 1631 811 1665 Ceterum
835 1632 972 1666 Cottius
994 1634 1087 1665 recte
1105 1632 1221 1664 monet
1242 1640 1284 1663 ex
1307 1630 1492 1671 criminari,
1515 1630 1540 1666 i.
1564 1641 1596 1664 e.
1619 1629 1749 1664 crimen

388 1691 584 1735 imputare,
616 1701 683 1724 non
717 1691 864 1734 pendere
903 1690 1139 1725 accusativum
1171 1688 1298 1723 obiecti
1340 1689 1656 1735 Carthaginiensis,
1689 1688 1747 1722 sed

388 1761 500 1784 nocua.
531 1762 558 1784 c.
584 1748 707 1784 infinit.
744 1751 861 1785 Carth.
893 1750 1115 1796 digressos&
1129 1749 1276 1792 Tempus
1306 1752 1443 1791 autem,
1474 1752 1513 1784 ut
1537 1748 1747 1793 saepissime,

389 1807 591 1853 praegnanti
614 1819 713 1843 sensu
737 1813 789 1844 est
811 1811 1030 1844 constitutum
1051 1808 1125 1842 sive
1147 1808 1273 1842 iustum
1297 1810 1448 1852 tempus3
1471 1809 1517 1843 cf.
1539 1811 1571 1842 c.
1586 1808 1693 1849 LXX,
1710 1807 1745 1842 5.

388 1868 578 1909 LXXXIX,
600 1866 636 1902 3.
670 1869 756 1911 XCI,
778 1870 811 1904 3.
844 1870 964 1912 XCIV,
987 1869 1020 1903 1.
1051 1871 1085 1902 et
1115 1878 1150 1902 v,
1181 1867 1343 1911 interprr.
1368 1868 1409 1902 ad
1434 1867 1509 1902 mv.
1534 1868 1591 1910 VI,
1610 1867 1668 1911 18,
1690 1867 1746 1902 12.

389 1928 508 1962 Bremi
532 1928 576 1962 ad
599 1928 684 1972 Nep.
717 1929 830 1964 Aicib.
854 1930 905 1974 V,
928 1929 964 1964 2.
985 1947 1031 1954 —
1063 1926 1275 1962 Conturbare
1306 1937 1378 1960 rem
1407 1926 1466 1960 vix
1487 1930 1538 1962 est
1555 1928 1647 1971 quod
1667 1938 1745 1962 mo-

389 1992 511 2022 neatur
541 1998 616 2022 esse
649 1987 857 2024 infinitivum
888 1988 1090 2024 historicum
1114 1986 1157 2021 ad
1182 1986 1392 2030 Cyrenenses
1413 1987 1648 2029 referendorum
1677 1997 1746 2030 quo

388 2059 497 2092 quum
528 2048 635 2082 etiam
667 2050 771 2082 malle
795 2048 973 2093 pertineat,
1004 2045 1221 2082 incommode
1247 2045 1356 2090 vulgo
1384 2050 1460 2089 post
1487 2057 1561 2080 rem
1580 2045 1746 2081 'semicolo

388 2108 653 2153 interpungitur.
701 2107 828 2142 Sensus
849 2111 902 2142 est
924 2110 1058 2142 autem.-
1087 2106 1216 2139 laesam
1236 2104 1451 2148 sponsionem
1473 2117 1548 2140 esse
1568 2109 1745 2150 querentes

390 2177 472 2203 rem,
486 2171 524 2202 ut
546 2171 754 2201 convenerat
777 2167 967 2212 transigere
987 2166 1201 2204 recusabant,
1222 2173 1265 2197 ac
1287 2168 1425 2208 pactum
1447 2163 1651 2200 dissolutum
1672 2177 1745 2199 esse

389 2217 646 2262 con‘tendebant.
680 2245 722 2251 --
756 2226 824 2260 Pro
854 2227 1023 2272 digressos
1054 2223 1231 2269 Bipontini
1270 2223 1417 2267 pessimo
1443 2225 1652 2270 scripserunt
1681 2226 1743 2260 aa·

387 2298 534 2331 gressus.
557 2306 602 2312 —
627 2286 777 2330 Denique
803 2285 930 2329 pariter
952 2290 989 2321 ut
1004 2291 1173 2330 postremo
1198 2283 1271 2317 vim
1293 2283 1398 2318 habet
1418 2283 1474 2326 id,
1508 2284 1552 2319 de
1573 2295 1642 2328 quo
1664 2283 1743 2329 sgi-

390 2351 464 2386 tur,
487 2345 605 2389 paucis
628 2344 890 2389 complectendi,
922 2349 962 2380 ut
990 2344 1228 2391 germanicum
1252 2344 1358 2383 karam·
1387 2344 1432 2378 ct'.
1455 2343 1570 2378 uana.
1593 2343 1743 2379 Tur-seu.

389 2405 465 2438 Vol.
484 2405 528 2438 11.
551 2417 584 2449 p.
606 2404 688 2439 271.
718 2404 794 2448 lug.
820 2404 895 2445 XV,
917 2403 952 2438 2.
984 2404 1058 2447 CX,
1080 2403 1114 2437 4.
1144 2423 1188 2429 —
1216 2402 1304 2436 Victi
1334 2403 1463 2436 abire
1494 2402 1742 2448 significantius

388 2464 518 2498 dictum
547 2475 652 2508 quam
680 2463 783 2498 vinci.
827 2463 868 2497 V.
901 2467 1018 2499 notata
1048 2464 1092 2497 ad
1119 2462 1224 2497 Catil.
1259 2462 1388 2505 xux,
1417 2461 1453 2496 3.
1480 2473 1516 2507 p.
1547 2461 1627 2498 229.
1659 2463 1739 2498 coll.

390 2524 655 2569 Voigtlaendero
678 2523 714 2557 in
737 2523 924 2557 Forcellini
946 2524 1025 2558 [aex.
1048 2534 1080 2557 v.
1102 2523 1208 2557 abire.

479 2585 512 2626 ς.
536 2581 570 2616 8.
615 2583 864 2628 condicionem]
898 2584 974 2618 Non
1001 2581 1085 2616 satis
1116 2586 1209 2616 recte
1230 2579 1386 2615 Wanius
1414 2579 1655 2625 interpretatur
1678 2581 1740 2614 eh·-

388 2641 495 2686 gendi
531 2645 745 2686 potestatem.
803 2642 1029 2688 significatur
1069 2641 1183 2685 potius
1219 2640 1405 2685 negotii
1445 2639 1741 2683 conficiendi

388 2701 465 2733 via
494 2701 651 2743 pactione
682 2702 938 2742 constituenda,
972 2711 1081 2744 eaque
1113 2700 1194 2741 tali,
1227 2710 1295 2742 qua
1318 2699 1409 2732 ultro
1431 2698 1586 2742 citroque
1607 2697 1737 2742 aliquid
