1826 3276
485 185 845 231 IUGURTHA.
911 187 1042 232 CAP.
1073 187 1138 232 Cl.
1413 194 1501 236 539

110 305 314 352 hostibus
369 312 594 351 venturos.
688 305 868 351 Interim
915 305 1073 363 Sulla,
1118 319 1252 365 quem
1302 306 1536 368 primum-4

107 403 259 449 hostes
287 403 540 464 attigerant,
577 402 836 448 cohortatus
869 418 990 460 suos,
1022 404 1250 448 turmatim
1280 410 1326 450 et
1363 420 1502 464 quam

107 510 316 546 maxume
346 500 573 545 confertis
622 500 746 558 equis
793 499 891 560 ipse
936 500 1100 560 aliique
1138 500 1325 561 Mauros
1368 503 1501 549 inva-

109 598 236 658 dunt,
268 597 406 643 ceteri
437 598 482 642 in
510 599 616 654 loco
642 602 875 642 manentes
906 597 964 642 ab
995 598 1146 644 iaculis
1177 601 1347 645 eminus
1370 602 1504 647 emis-

108 695 166 740 sis
202 709 396 756 corpora
430 700 603 756 tegere,
635 700 681 740 et
715 695 752 739 si
787 695 865 753 qui
898 695 943 740 in
970 711 1128 741 manus
1164 705 1382 743 venerant
1415 700 1502 745 ob-

107 778 328 838 truncare.
399 791 522 837 Dum
559 808 614 837 eo
648 791 788 836 modo
825 793 997 851 equites
1028 795 1332 854 proeliantur,
1377 796 1539 842 Boc-5

108 876 220 935 chus
255 905 359 935 cum
393 889 646 951 peditibus,
668 873 813 950 'quoss
833 889 984 937 Volux
1018 891 1133 937 filius
1169 893 1262 937 eius
1299 892 1504 939 adduxe—

108 1026 211 1061 illata
226 1029 368 1076 gemet,
391 1037 534 1072 prorsus
558 1027 676 1072 inepte
699 1027 871 1062 invadunt
895 1026 945 1062 ita
968 1026 1236 1074 intelligendum
1267 1041 1343 1064 esse
1365 1031 1506 1075 praeci-

107 1086 225 1134 piene,
256 1087 356 1133 quasi
388 1088 633 1133 praecessisset
665 1090 766 1124 Sulla
798 1100 892 1123 eum
922 1089 1034 1124 suis.
1094 1089 1173 1125 Alio
1206 1091 1312 1126 modo
1345 1094 1506 1137 peccavit

106 1147 287 1194 langius,
309 1148 370 1193 qui
394 1149 502 1184 verba
534 1150 608 1195 ipsc
632 1151 814 1195 aliique
846 1149 1095 1194 interpretatur
1127 1152 1201 1197 ipse
1233 1164 1329 1187 eum
1363 1159 1506 1198 parte

107 1210 285 1255 equitatus
298 1209 362 1252 sui,
387 1214 426 1246 ut
449 1212 557 1247 ceteri
579 1211 648 1247 sint
672 1217 809 1247 ceterae
832 1214 1011 1247 turmae
1038 1212 1267 1258 equitum
1291 1215 1394 1258 quasi
1418 1227 1505 1251 vero

107 1270 144 1306 iu
175 1271 246 1306 hoe
279 1272 432 1316 equestri
462 1273 597 1318 proelio
622 1284 762 1308 summa
801 1273 838 1307 vi
878 1273 1067 1308 commisso
1099 1273 1201 1308 Sulla
1229 1280 1334 1319 porte
1367 1279 1506 1311 tuntum

106 1343 250 1368 snorum
275 1344 358 1367 usus
381 1333 447 1377 sit,
477 1338 610 1369 ceteros
635 1335 767 1370 otiosos
791 1334 983 1379 reliquerit.
1030 1334 1108 1369 Non
1132 1334 1248 1370 minus
1271 1337 1366 1371 malo
1387 1338 1506 1373 Muel-

106 1395 201 1430 lerus
223 1394 354 1440 aliique
376 1393 531 1441 intelligi
554 1396 630 1430 vult
653 1407 730 1438 eos,
763 1396 823 1441 qui
844 1395 1055 1440 proxima·
1087 1401 1190 1431 erant
1224 1398 1399 1442 equitatui
1424 1400 1506 1435 Sul-

108 1457 185 1499 lae,
202 1467 268 1490 ἶοι·
305 1455 493 1502 agmine
525 1456 641 1501 ἰρεος
675 1456 776 1492 cuius
806 1456 860 1491 rei
891 1467 936 1490 ne
959 1454 1147 1490 minimum
1170 1456 1312 1501 quidem
1335 1459 1507 1496 indicium

107 1517 144 1552 in
167 1515 328 1552 Sallustii
350 1516 468 1550 verbis
492 1521 650 1562 apparet.
697 1518 792 1563 Quid
815 1515 984 1562 quaeris?
1008 1517 1140 1562 aliique
1161 1521 1242 1552 sunt
1263 1529 1378 1563 prae
1380 1524 1409 1564 f
1417 1523 1507 1556 ecti

109 1578 284 1624 equitum,
316 1587 396 1612 cum
428 1578 502 1622 ipso
532 1578 620 1612 duce
651 1578 797 1612 Mauros
814 1573 1042 1612 'mvn-ndentes.
1094 1578 1211 1613 Ceteri
1233 1584 1351 1615 autem
1375 1581 1506 1618 intelli-

107 1643 240 1686 guntur
261 1642 332 1674 tres
361 1641 501 1672 ceterae
529 1642 647 1683 partes
668 1638 832 1683 quadrati
864 1637 1042 1684 agminis,
1065 1639 1193 1683 quibus
1218 1640 1374 1677 Manlius
1396 1643 1432 1678 in
1456 1644 1505 1679 si-

108 1701 219 1736 nistra
249 1704 368 1746 parte,
400 1699 437 1734 in
458 1698 574 1743 primo
596 1703 630 1733 et
653 1704 811 1734 extremo
837 1698 981 1744 agmine
1012 1699 1145 1734 tribuni
1170 1703 1378 1745 praeerant3
1402 1701 1448 1735 cf.
1474 1713 1505 1736 c.

108 1763 149 1807 G,
172 1762 207 1797 2.
256 1761 359 1797 Solos
381 1764 500 1795 autem
526 1760 679 1805 equites,
712 1763 747 1794 et
782 1759 924 1804 quidem
947 1771 1063 1795 omnes
1085 1760 1188 1796 Sulla
1210 1761 1298 1795 «luce
1320 1772 1506 1806 pugnasse,

108 1835 178 1859 non
209 1826 346 1858 tantum
375 1821 572 1856 clarissime
598 1822 781 1857 ostendunt
810 1820 992 1866 sequentia
1015 1822 1098 1856 dum
1129 1834 1168 1856 eo
1193 1822 1293 1856 modo
1318 1824 1506 1867 equites

107 1885 389 1933 proeliante
397 1896 416 1919 r
439 1887 518 1926 etc„
541 1884 602 1918 sed
625 1895 668 1918 ex
692 1894 733 1917 eo
758 1893 897 1928 quoque
920 1883 1142 1928 perspicitur,
1168 1883 1262 1928 quod
1286 1884 1393 1918 ceteri
1415 1897 1506 1920 cor-

108 1957 223 1992 pora
253 1946 427 1981 texisse
460 1945 634 1981 dicuntur.
682 1944 788 1989 Quod
820 1955 931 1989 quum
961 1947 1142 1979 scutorum
1175 1955 1242 1989 ope
1275 1945 1403 1985 fiebat,
1427 1946 1508 1991 qui-

110 2010 176 2044 bu·
209 2006 340 2052 pedites
374 2007 592 2049 utebantur,
623 2007 730 2042 ceteri
762 2017 831 2040 non
864 2009 1052 2050 potuerunt
1084 2006 1214 2050 equites
1238 2017 1325 2042 csse.
1355 2008 1399 2043 cr.
1428 2009 1508 2044 Liv.

110 2070 218 2112 xnn,
240 2067 298 2110 65,
321 2068 357 2104 ⁷.
410 2069 451 2102 In
477 2069 594 2103 orbem
626 2068 753 2102 milites
787 2068 923 2113 coegit,
958 2072 999 2101 ut
1026 2067 1183 2102 densatis
1213 2069 1318 2102 scutis
1342 2069 1386 2103 ab
1411 2069 1508 2104 iactu

109 2132 322 2178 sagittarum
364 2134 400 2165 et
439 2131 631 2165 iaculorum
671 2141 745 2163 sese
791 2134 973 2164 tuerentur
991 2154 1003 2171 ‚
1053 2129 1115 2163 ubi
1157 2130 1317 2164 Dukerus
1362 2131 1510 2166 contulit

113 2192 271 2234 xxvm,
293 2191 329 2234 2,
351 2190 389 2226 6.
410 2192 566 2234 xxxu,
590 2190 659 2236 17,
683 2190 743 2226 13.
767 2209 812 2216 --
846 2190 887 2223 In
911 2191 984 2223 loco
1015 2201 1062 2224 sc.
1087 2201 1192 2233 quem
1223 2192 1403 2234 tenebant,
1427 2192 1450 2226 i.
1476 2204 1508 2228 e.

111 2263 185 2288 suo.
220 2263 257 2286 v.
281 2252 325 2286 ad
351 2253 429 2287 Cat.
460 2265 490 2287 c.
515 2254 588 2295 lx,
613 2252 646 2287 4.
675 2263 709 2296 p.
733 2250 792 2286 49.
825 2255 860 2286 et
892 2251 937 2285 ad
969 2251 1046 2296 lug.
1072 2251 1144 2292 LII,
1169 2251 1203 2285 4.
1228 2272 1268 2277 ——
1300 2254 1359 2286 Ab
1384 2254 1509 2287 iaculis

112 2320 233 2360 tegere
256 2324 324 2348 non
346 2313 439 2348 idem
463 2325 538 2348 esse
561 2309 669 2358 atilae
688 2318 857 2348 eontra
889 2313 955 2347 iac.
981 2318 1067 2360 teg„
1091 2314 1152 2348 sed
1176 2313 1386 2348 defensi-»nis
1409 2318 1506 2358 pote-

56 2396 59 2399 *
109 2378 257 2419 statua,
281 2385 371 2419 quae
395 2376 439 2410 ab
463 2375 638 2420 particula
662 2375 870 2418 adiuvatur,
903 2386 926 2409 a
947 2374 1118 2419 primaria
1148 2375 1345 2409 remotionis
1367 2374 1509 2410 notione

112 2449 187 2472 esse
209 2432 459 2483 repetendum,
491 2439 586 2471 recte
617 2437 752 2472 monuit
775 2435 936 2471 Handius
961 2436 1004 2470 de
1029 2435 1181 2470 Particc.
1215 2436 1293 2471 nat.
1317 2436 1395 2470 Vol.
1421 2436 1446 2470 l.
1471 2448 1506 2483 p.

111 2498 169 2534 4⁰.
193 2501 228 2543 S.
257 2498 292 2533 4.
326 2498 372 2533 ct.
406 2499 545 2543 Zumpt.
580 2497 739 2533 Grumm.
768 2498 846 2533 Lat.
881 2500 915 2541 §-
947 2497 1015 2540 74,
1052 2497 1086 2532 9.
1114 2500 1186 2532 not.
1211 2497 1244 2531 1.
1275 2509 1310 2541 p.
1334 2495 1416 2531 361.
1453 2497 1506 2531 ed.

110 2560 168 2595 IV.
198 2582 244 2588 -
268 2560 309 2594 ln
332 2563 456 2595 manus
479 2564 647 2594 venerant
669 2552 776 2604 supra
798 2557 1057 2605 explicavimus
1080 2558 1126 2592 ad
1148 2569 1179 2592 c.
1203 2558 1398 2599 Lxxxlx,
1422 2557 1457 2592 3.

206 2622 240 2664 §-
267 2619 302 2656 5.
348 2632 460 2667 neque
493 2621 530 2655 in
561 2621 678 2666 priore
714 2632 865 2667 pugna,
898 2621 934 2654 in
967 2621 1092 2655 itinere
1122 2619 1276 2662 morati,
1307 2620 1508 2665 affuerant]

114 2683 215 2717 Haec
242 2683 350 2718 verba
382 2694 403 2717 a
434 2681 549 2727 mpp„
581 2682 759 2717 Mueller-o
797 2686 832 2717 et
865 2680 1058 2716 Gerlachio
1090 2682 1184 2716 male
1217 2681 1254 2715 in
1286 2680 1508 2726 parenthesin

115 2747 238 2779 coacta
268 2747 366 2786 sunt,
399 2743 621 2790 ignoratione
643 2754 727 2777 usus
747 2734 932 2787 loquendi?
968 2742 1061 2778 Nam
1093 2742 1155 2777 ubi
1181 2743 1272 2777 dune
1295 2742 1510 2776 enunciatio-

115 2814 177 2838 πω
213 2803 441 2839 secundariae
479 2816 542 2849 per
573 2804 764 2839 relativum
800 2792 992 2849 primariee
1014 2803 1249 2839 enuxwiationi
1277 2803 1510 2839 annectendue
