1826 3276
434 159 796 206 IUGURTHA.
854 159 980 204 CAP.
1010 159 1210 206 XLVIII.
1435 167 1519 210 278

118 280 322 328 hosfibus
360 279 582 342 cognitus,
617 277 755 324 animi
788 278 1083 340 popularium
1116 279 1296 335 tentati3
1333 256 1516 329 coactus

117 394 269 439 rerum
301 377 630 423 necessitudine
657 377 807 422 statuit
842 376 977 422 armis
1014 381 1199 423 certare.
1268 377 1412 440 Igitur
1431 392 1551 432 ex-2

48 491 64 499 “
115 478 313 540 plorato.
341 475 541 520 hostium
577 475 735 519 itinere
774 475 818 520 in
862 477 991 535 spem
1034 474 1248 520 victoriae
1288 477 1518 525 ‘adductus

117 591 175 622 ex
212 573 551 636 opportunitate
583 573 673 617 loci
723 588 861 632 quam
899 580 1142 631 maxumas
1175 579 1327 634 potest
1362 552 1518 638 copias

116 673 317 718 omnium
357 685 580 732 generum
621 676 787 730 parat,
851 685 906 714 ac
947 648 1033 730 per
1067 672 1268 717 tramites
1311 674 1517 722 occultos

117 747 361 816 exercitum
403 767 581 813 Metelli
623 767 862 812 antevenit.
932 767 1047 812 Erat
1080 769 1127 812 in
1162 785 1215 814 ea
1246 777 1379 830 parte
1414 773 1552 820 Nu—3

113 867 302 920 midiae,
340 880 476 925 quam
511 863 750 909 Adherbal
768 864 827 908 in
863 864 1079 910 divisione
1113 867 1392 928 possederat,
1427 870 1514 917 flu-

113 1000 173 1044 itl,
195 1003 236 1036 ut
256 998 412 1045 plurima
434 998 566 1041 Cottii,
591 999 636 1039 ad
660 998 799 1034 somnia
820 999 988 1045 pertinet,
1012 1011 1104 1046 quae
1128 1012 1171 1036 ne
1195 1002 1351 1048 speeiem
1375 1003 1518 1048 quidem

113 1061 190 1098 veri
209 1061 354 1096 habent„
612 1043 628 1066 ³

204 1125 238 1166 §.
260 1121 298 1158 3.
343 1121 382 1156 in
404 1121 575 1157 divisione
603 1123 834 1167 possederat]
868 1122 893 1157 i.
920 1133 951 1157 e.
983 1134 1093 1168 quum
1127 1123 1255 1160 divisio
1278 1125 1380 1161 fleret
1402 1127 1518 1171 possi-

110 1183 263 1220 dendam
283 1186 469 1228 acceperat
486 1182 564 1217 sive
585 1188 843 1228 occupaverat3
876 1195 910 1217 v.
936 1183 981 1217 ad
1005 1195 1034 1219 c.
1062 1185 1155 1229 XVI,
1179 1184 1214 1220 5.
1237 1206 1284 1212 —-
1306 1188 1378 1223 Pro
1401 1189 1516 1224 millia

111 1245 244 1293 viginti
272 1245 383 1290 vulgo
411 1244 529 1279 editur
560 1245 674 1279 millia
706 1257 936 1291 passuum
959 1245 1113 1291 viginti,
1147 1252 1187 1281 ut
1211 1252 1262 1283 est
1278 1248 1315 1283 in
1337 1249 1516 1295 plerisque
1592 1277 1595 1281 .

40 1348 49 1351 n
111 1307 212 1342 codd.
257 1305 329 1342 sod
349 1317 519 1351 passuum
550 1302 738 1340 vocabulo‘
761 1308 886 1340 carent
910 1306 1023 1341 Paris.
1049 1318 1078 1341 z.
1115 1311 1151 1342 et
1174 1308 1318 1344 Fabric.
1344 1311 1390 1351 1.,
1416 1311 1517 1347 codi-

112 1380 171 1405 ces
195 1366 434 1413 antiquissimi
465 1370 501 1402 et
533 1377 578 1401 ex
600 1366 724 1401 eodem
755 1367 852 1401 fonte
883 1366 1053 1411 derivati,
1085 1380 1235 1413 quorum
1267 1371 1516 1407 auctoritatem

81 1431 84 1433 ’
112 1430 259 1478 egregie
281 1429 469 1464 confirmat
491 1428 597 1463 Arus.
621 1428 726 1462 Mese.
751 1427 788 1461 in
811 1427 916 1472 Col-p.
942 1429 1104 1467 Gramm.
1129 1431 1205 1466 Lat.
1233 1432 1308 1467 v01.
1325 1433 1354 1467 1.
1378 1445 1413 1479 p.
1430 1433 1514 1470 215.

111 1493 167 1530 etl.
185 1491 416 1528 maiomam.
436 1490 492 1525 Ab
514 1488 827 1534 interpolatoribus
849 1488 1007 1525 additum
1027 1503 1105 1527 esse
1123 1503 1291 1537 passuum
1313 1494 1384 1528 hoc
1406 1495 1516 1532 etiam

113 1554 323 1588 documento
348 1554 431 1598 est„
458 1551 552 1596 quod
575 1550 612 1585 in
636 1550 823 1585 Einsiedel.
847 1551 934 1586 Tur.
959 1552 993 1586 1.
1028 1553 1107 1590 Erl.
1133 1554 1226 1601 Teg.
1251 1558 1287 1589 ct
1316 1555 1422 1591 Misn.
1446 1557 1516 1593 ista

115 1625 184 1650 vox
204 1616 282 1658 poet
304 1613 438 1659 viginti
458 1613 615 1659 legitur,
637 1611 676 1646 in
698 1612 785 1649 Bau.
806 1612 842 1646 1.
865 1617 984 1648 autem
1009 1618 1045 1650 et
1068 1615 1181 1650 Paris.
1206 1627 1238 1650 c.
1262 1619 1378 1652 exstat
1400 1619 1515 1653 millia

115 1675 295 1718 habens
324 1684 543 1719 passuum
566 1673 718 1718 viginti,
742 1673 868 1708 scribis
890 1673 1136 1718 ignorantibus
1157 1676 1195 1711 in
1217 1678 1434 1723 designanda
1457 1679 1515 1715 iti-

115 1746 429 1777 nerumlmensura
442 1745 613 1780 passuum
645 1733 851 1778 saepissime
874 1734 1011 1778 omitti,
1045 1737 1088 1771 de
1111 1749 1272 1782 quonsu
1295 1739 1448 1775 diximus
1471 1741 1517 1776 ad

114 1811 147 1835 c.
170 1797 311 1840 LXXV,
333 1797 369 1834 2.
394 1817 438 1822 -
464 1796 519 1830 Ab
550 1794 764 1840 praepositio
795 1806 902 1846 quam
934 1795 1010 1830 vim
1031 1797 1165 1833 habeat
1195 1797 1232 1832 in
1255 1800 1373 1835 verbis
1397 1807 1518 1838 vastus

115 1862 161 1896 ab
183 1865 317 1896 natura
337 1857 475 1903 patebit
493 1868 537 1892 ex
559 1856 663 1891 dictis
684 1856 733 1891 ad
754 1868 783 1890 c.
802 1857 894 1898 XIV,
912 1857 947 1891 2.
971 1858 1016 1893 cf.
1040 1859 1158 1894 Hand.
1184 1859 1227 1895 de
1250 1846 1404 1897 Particc.
1422 1863 1518 1902 Latt.

113 1922 193 1959 vol.
215 1921 243 1956 1.
268 1932 304 1966 p.
326 1917 375 1954 57
389 1931 441 1964 sq.
490 1917 633 1954 Gor-tius
653 1920 838 1962 praeterea
859 1918 1018 1954 laudavit
1042 1920 1115 1958 cic.
1138 1921 1182 1956 de
1207 1922 1280 1958 off.
1302 1924 1331 1968 1,
1354 1923 1411 1967 44,
1433 1923 1515 1960 155.

116 1984 169 2020 Ab
202 1981 399 2018 doctoribus
433 1984 540 2026 atque
569 1979 733 2014 doctrina
755 1980 939 2023 iustmct35
970 1985 1007 2016 et
1037 1982 1160 2018 Plane.
1183 1983 1220 2018 in
1252 1984 1326 2019 eie.
1354 1985 1444 2030 Epp.
1469 1986 1524 2033 ad⁸

113 2047 256 2082 Famm.
279 2045 324 2086 X,
351 2041 411 2086 15,
434 2042 470 2078 3.
519 2042 571 2076 Ab
595 2042 755 2086 equitata
770 2043 910 2086 firmus.
958 2042 1124 2078 Ceterum
1149 2051 1268 2080 vastus
1292 2046 1337 2080 ab
1363 2046 1516 2082 humano

116 2108 212 2143 culta
233 2105 358 2151 paullo
380 2102 551 2140 audacius
580 2105 616 2137 et
640 2101 847 2138 insolentius
869 2103 1003 2146 dictum
1027 2105 1192 2147 videtui-3
1225 2118 1311 2141 nam
1335 2112 1518 2153 exspectes

115 2168 236 2214 potins
257 2171 377 2202 vastus
409 2165 455 2199 ab
479 2164 515 2198 h.
547 2164 761 2206 incultu,
796 2176 866 2208 quo
899 2165 1073 2201 vocabulo
1097 2171 1223 2202 auctor
1247 2179 1329 2203 usus
1363 2174 1415 2204 est
1439 2170 1516 2204 Cat.

60 2234 62 2241 ²
115 2229 187 2271 LV,
210 2228 246 2263 4.
290 2226 360 2262 Sed
381 2237 489 2272 quum
510 2229 631 2269 vastus
654 2225 869 2260 vocabulum
891 2227 1080 2273 negativae
1102 2227 1254 2262 notionis
1277 2229 1342 2272 sit,
1365 2229 1433 2264 ista
1456 2241 1519 2264 ne-

115 2289 228 2338 gandi
249 2287 303 2324 vis
326 2280 429 2333 quasi
453 2287 606 2332 quadam
633 2282 858 2331 cogitationis
879 2282 1090 2324 attractione
1113 2290 1324 2324 transfertur
1349 2290 1456 2325 etiam
1480 2291 1518 2326 in

115 2361 265 2394 nomen,
295 2349 349 2384 ita
371 2351 411 2384 ut
433 2359 531 2382 mons
554 2347 599 2381 ab
623 2347 774 2382 humano
798 2349 893 2384 cultu
916 2355 1085 2385 vastus
1108 2351 1303 2397 cogitetur,
1338 2349 1422 2395 quia
1444 2353 1517 2386 cnl-

116 2417 174 2448 m
195 2411 369 2446 hamanus
403 2409 459 2443 ab
493 2420 541 2443 eo
572 2407 625 2442 ab
638 2412 714 2443 est.
767 2410 890 2444 Cultus
923 2411 1099 2445 vocabulo
1132 2410 1168 2445 in
1191 2411 1301 2446 simili
1325 2413 1518 2457 sententia,

115 2472 178 2508 aad
203 2472 278 2508 alia
300 2475 475 2508 structura
497 2481 580 2504 usus
601 2473 654 2504 est
677 2469 794 2505 Tacit.
819 2472 908 2505 Anu.
931 2473 976 2514 11,
1000 2471 1058 2514 24,
1083 2473 1118 2508 1.
1165 2473 1285 2514 Miles,
1309 2475 1440 2508 nullo
1474 2475 1519 2508 il-

118 2534 164 2569 1⁸⁶⁶
185 2533 362 2569 hominum
386 2534 535 2575 cultu,
560 2534 661 2576 fame
684 2531 900 2576 absumptus.
923 2533 986 2578 111,
1012 2533 1070 2577 69,
1094 2533 1128 2568 4.
1179 2534 1335 2568 Insulam
1362 2534 1519 2579 Gyarum

117 2595 289 2631 immitem
316 2600 352 2630 et
382 2595 483 2629 sine
515 2595 644 2628 cultu
677 2592 856 2628 hominum
891 2606 974 2628 esse.
998 2614 1045 2620 --
1073 2596 1183 2640 Quasi
1207 2595 1345 2630 Cortius
1369 2596 1520 2630 mirifice

119 2656 166 2692 ad
186 2656 282 2702 collis
303 2668 428 2691 vocem
451 2657 581 2699 refert,
611 2654 785 2690 declivem
806 2655 1029 2690 latitudinem
1053 2668 1096 2690 ex
1119 2657 1236 2691 medio
1260 2662 1380 2691 monte
1403 2657 1520 2692 orien-

117 2722 189 2752 tem
211 2727 282 2752 nou
306 2728 389 2752 vere
410 2718 535 2752 collem
560 2718 619 2751 sed
651 2717 754 2762 quasi
773 2718 901 2751 collem
935 2718 1066 2752 dictam
1099 2722 1248 2761 putans,
1285 2718 1377 2762 quod
1409 2730 1520 2763 paene

71 2810 73 2812 .
117 2778 309 2814 absurdum
331 2782 394 2816 est.
441 2778 587 2815 Rectius
620 2778 712 2814 vidit
736 2778 949 2814 Gerlachius
973 2779 1075 2826 quusi
1096 2779 1134 2814 h.
1158 2780 1184 2817 Ι,
1220 2779 1265 2814 ad
1289 2780 1403 2814 medio
1425 2780 1519 2815 refe-

187 2850 243 2896 11.
1172 2851 1239 2897 18
