1826 3276
386 189 468 230 1⁰8
745 185 790 228 C.
820 185 1143 229 SALLUSTI
1172 187 1390 232 CRISPI

342 306 515 358 2atque
546 298 668 343 humi
697 300 933 359 pabulum,
969 301 1030 343 uti
1056 303 1301 360 pecoribus.
1369 303 1432 348 Hi
1465 319 1610 364 neque
1643 319 1743 350 mo—

380 395 500 439 ribus
534 409 679 452 neque
708 395 810 453 lege
841 399 915 437 aut
942 393 1131 454 imperio
1161 397 1418 454 cuiusquam
1451 400 1744 460 regebantur3

382 490 506 549 vagi,
549 489 748 548 palantes
799 503 887 546 qua
938 505 1024 534 nox
1081 498 1292 552 coegerat
1337 492 1463 538 sedes
1506 493 1742 540 habebant.

380 634 532 677 Wassil,
556 635 648 669 Med.
671 635 707 669 9,
729 634 805 669 vat.
830 634 865 670 5.
888 638 922 670 et
941 634 1047 679 Neep.
1071 635 1105 669 4.
1130 636 1260 681 legitur
1282 649 1383 683 quo,
1415 638 1451 673 ln
1474 638 1606 674 Wassii
1629 642 1745 674 autem

378 696 484 730 Mart.
508 698 542 730 et
564 695 608 730 B.
631 695 718 729 Pub.
743 707 883 739 quam.
927 695 1061 739 Quibus
1083 695 1320 741 discrepantiis
1342 698 1431 733 inter
1452 710 1489 734 se
1512 699 1652 734 collatis
1673 698 1745 734 iam

378 757 474 799 patet
514 766 557 790 ex
584 754 762 799 primitiva
802 755 973 799 scriptura
1011 767 1081 800 qua
1116 759 1248 792 ceteras
1280 758 1495 794 diversitates
1530 771 1605 794 esse
1633 762 1744 800 ustas,

378 826 486 859 quum
518 815 652 850 scribae
683 827 752 860 qua
782 826 851 849 non
879 816 1110 860 intelligentes
1140 817 1278 851 diversa
1301 818 1360 852 via
1383 830 1447 863 quo
1469 821 1505 852 et
1527 830 1613 863 quos
1635 822 1745 853 tenta-

377 878 474 916 rent,
504 878 567 909 aut
596 875 724 909 calami
757 875 858 919 lapsu
889 875 924 908 in
948 887 1050 919 quam
1074 876 1287 912 aberrarent.
1331 878 1471 923 Exigua
1490 881 1547 912 est
1564 877 1674 923 igitur
1700 878 1745 912 nd

381 946 469 979 quas
491 934 740 968 defendendum
764 934 913 978 Sulpicii
935 933 1055 968 Severi
1079 936 1288 979 auctoritas,
1311 948 1353 971 ex
1375 938 1475 972 cuius
1497 938 1606 972 mall.
1625 938 1665 980 1,
1686 936 1743 972 15.

376 994 519 1029 laudant
541 994 630 1028 haec
651 1005 694 1028 ex
715 994 881 1028 Sallustio
904 994 1103 1038 desumpta:
1128 1007 1172 1029 nc
1189 997 1232 1030 ab
1259 996 1448 1032 hominibus
1467 999 1743 1042 frequententur,

376 1063 490 1098 quas
511 1064 594 1086 nox·
626 1054 844 1098 coegerit
877 1054 1012 1088 sedes
1035 1055 1185 1096 hobent3
1215 1056 1371 1090 nam'ibi
1395 1067 1532 1100 quoque
1553 1057 1621 1091 dno
1642 1057 1742 1091 codd.

372 1123 446 1156 qua
473 1111 645 1146 exhibent.
690 1113 787 1147 Idem
810 1113 957 1149 fortasse
978 1114 1071 1148 valet
1093 1115 1135 1148 de
1157 1115 1395 1160 Hieronymo,
1427 1116 1488 1160 qui
1520 1115 1558 1151 in
1586 1116 1653 1160 Ep.
1683 1116 1741 1160 lv,

374 1170 410 1205 8.
434 1171 524 1206 haec
545 1171 670 1206 habet:
693 1174 752 1217 qm·
771 1173 976 1207 habitabunt
993 1174 1030 1206 in
1049 1175 1220 1218 tentoriis,
1246 1180 1281 1209 et
1309 1187 1420 1220 quos
1450 1185 1530 1210 nos
1564 1185 1742 1220 conpu-

375 1232 500 1265 lerat
522 1232 649 1265 sedes
672 1233 925 1274 habebant,
951 1232 1017 1266 nisi
1039 1233 1095 1268 his
1119 1234 1322 1269 testimoniis
1346 1236 1545 1279 probatur:
1566 1233 1642 1269 iam
1658 1244 1743 1268 1ἰωι-

373 1293 451 1325 ture
481 1290 516 1325 in
549 1291 707 1326 Sallustii
739 1292 837 1328 codd.
869 1292 994 1335 quibus
1026 1293 1080 1327 illi
1102 1294 1156 1328 usi
1187 1298 1285 1337 sunt,
1309 1306 1428 1329 veram
1451 1294 1660 1338 scripturam
1683 1294 1742 1328 de-

372 1354 556 1395 pravatam
578 1351 694 1386 fuisse.
740 1353 853 1396 Saepe
876 1355 992 1386 autem
1017 1365 1087 1397 quo
1111 1354 1268 1389 adverbii
1290 1358 1456 1399 potestate
1477 1354 1630 1398 positum
1649 1354 1742 1388 male

370 1409 538 1445 habuisse
564 1410 748 1454 librarios,
780 1412 996 1448 notissimum
1031 1416 1104 1454 est3
1139 1424 1174 1447 v.
1199 1415 1416 1459 Oudendorp.
1442 1415 1486 1449 ad
1511 1415 1609 1450 Caes.
1632 1415 1675 1448 B.
1696 1414 1740 1448 G.

370 1469 413 1512 1,
436 1469 480 1513 6,
504 1471 537 1506 1.
560 1472 605 1506 ad
626 1471 678 1513 ΙΙ,
701 1471 742 1515 8,
766 1471 801 1506 5.
848 1473 1108 1509 Drakenborch.
1143 1474 1197 1508 ad.
1230 1474 1308 1508 Liv.
1339 1473 1390 1517 V,
1418 1474 1488 1516 43,
1510 1474 1544 1508 2.
1571 1478 1605 1509 et
1627 1475 1671 1508 nd
1694 1475 1739 1519 X,

371 1529 436 1572 14,
460 1531 494 1565 4.
526 1531 736 1576 Heusinger.
763 1532 807 1566 ad
831 1531 903 1566 Cic.
926 1533 969 1566 de
991 1532 1063 1567 Off.
1090 1533 1160 1574 111,
1182 1533 1249 1576 25,
1272 1534 1307 1569 2.
1330 1535 1410 1568 coll.
1437 1533 1502 1579 iis,
1524 1544 1614 1578 quae
1635 1537 1740 1568 nota-

370 1590 486 1624 vimus
509 1591 554 1625 ad
577 1591 652 1628 Cat.
679 1592 789 1634 nvn,
811 1592 846 1626 3.
869 1588 945 1626 'Sed
968 1592 1075 1627 etiam
1098 1593 1204 1627 totius
1226 1594 1294 1627 loci
1317 1604 1454 1637 sensus,
1478 1595 1638 1628 accurate
1659 1603 1741 1626 con-

370 1649 543 1685 sideratus
557 1674 568 1692 ,
601 1651 700 1687 docet
728 1664 835 1697 quos,
868 1662 974 1696 qnam
1005 1652 1210 1696 scripturam
1234 1652 1462 1696 Gerlachius,
1485 1654 1625 1699 elegans
1645 1653 1740 1688 criti-

370 1721 452 1752 cus,
477 1709 774 1755 elegantissimam
797 1715 912 1746 censet
925 1737 935 1753 ,
958 1724 1099 1756 prorsus
1123 1712 1275 1746 alienam
1297 1723 1379 1747 esse.
1425 1712 1612 1748 Sallustius
1634 1714 1740 1757 enim,

370 1774 412 1806 ut
443 1781 573 1815 vagam
605 1773 640 1805 et
671 1782 738 1806 non
769 1772 873 1806 certis
900 1772 1038 1806 sedibus
1068 1772 1174 1806 fixam
1205 1772 1357 1818 Libyum
1389 1772 1496 1808 vitam
1519 1760 1739 1814 desei-ibent,

370 1841 484 1875 neque
506 1830 618 1866 voluit
639 1842 701 1865 nec
727 1831 843 1876 potuit
868 1837 1030 1867 naturam
1052 1837 1085 1866 et
1112 1832 1496 1874 condicionemharum
1527 1833 1660 1866 sedium
1691 1832 1740 1867 si-

370 1892 560 1937 gnificare,
583 1891 644 1926 sed
667 1893 734 1926 hoc
756 1892 864 1934 dixit,
890 1893 999 1926 locum
1021 1903 1143 1927 carum
1167 1891 1290 1937 quavis
1311 1895 1411 1927 noete
1433 1892 1542 1927 olium
1563 1903 1656 1935 esse,
1680 1892 1738 1927 cni

370 1952 559 1988 sententiae
581 1963 651 1997 qua
674 1952 775 1986 unice
796 1952 965 1986 convenit.

462 2015 495 2056 §-
517 2012 551 2046 3.
598 2012 663 2046 sibi
693 2012 847 2057 quisque]
881 2013 985 2046 Deest
1020 2011 1158 2056 quisque
1187 2010 1224 2044 in
1255 2014 1417 2054 quattuor
1457 2010 1587 2047 Wassii
1626 2012 1737 2054 codd„

369 2077 445 2109 mm
477 2072 513 2108 in
547 2071 668 2106 Struv.
690 2071 815 2105 Franc.
842 2071 964 2106 Guelf.
992 2071 1025 2105 4.
1048 2070 1082 2105 9.
1108 2070 1164 2105 11.
1188 2070 1244 2104 12.
1267 2071 1385 2106 Leidd.
1412 2072 1456 2107 G.
1478 2073 1526 2107 H.
1552 2075 1588 2109 et
1608 2072 1736 2108 Medic.

368 2134 425 2176 7.,
449 2131 602 2167 librariis
630 2135 838 2167 structuram
870 2142 937 2165 non
977 2129 1263 2175 intelligentibus,
1325 2131 1459 2166 Eadem
1496 2143 1634 2173 mussa,
1656 2132 1736 2178 fuit,

370 2204 435 2228 cur
449 2192 589 2228 Cortius
611 2192 655 2226 ad
680 2191 944 2226 concinnitatem
958 2189 1218 2224 constructionis
1238 2191 1456 2226 efficiendam
1478 2204 1521 2227 ex
1543 2193 1739 2228 coniectura

371 2254 516 2300 quique,
548 2252 572 2288 i.
594 2264 624 2287 e.
662 2264 813 2298 quoque,
846 2251 1032 2292 scriberet,
1063 2249 1192 2284 scilicet
1223 2250 1258 2284 id
1285 2251 1424 2286 demum
1446 2252 1610 2288 Latinum
1630 2256 1737 2296 ratus,

370 2316 465 2359 quod
487 2315 590 2359 plane
610 2312 805 2347 inauditum
827 2315 862 2346 et
884 2311 980 2345 nullo
1002 2310 1158 2353 exemplo
1182 2309 1375 2344 stabilitum
1398 2314 1459 2346 est.
1515 2313 1613 2348 Idem
1641 2314 1737 2348 valet

372 2377 417 2410 de
440 2374 585 2420 hengst,
614 2371 776 2407 Muelleri
798 2374 834 2406 et
857 2370 1037 2406 Gerlachii
1060 2370 1243 2411 sententia,
1269 2371 1328 2414 qui
1351 2372 1491 2417 quisque
1513 2383 1576 2416 pro
1599 2374 1736 2418 quibun-

370 2446 435 2480 qne
457 2434 589 2469 dictum
612 2435 768 2475 censent,
790 2431 982 2467 inconsulto
1004 2442 1110 2475 quam
1133 2430 1276 2465 ablativi
1299 2432 1450 2466 formam
1471 2432 1530 2477 qui
1551 2431 1735 2467 relativum

369 2494 478 2530 habet
513 2493 558 2528 ad
591 2494 730 2538 quisque
753 2493 1015 2534 transferentes,
1047 2501 1157 2534 neque
1179 2491 1376 2534 reputantes
1398 2501 1571 2535 nunquam
1594 2491 1736 2534 pluralis

372 2553 507 2590 numeri
535 2553 748 2588 substantivo
783 2554 954 2597 pluralem
986 2551 1125 2596 quisque
1157 2551 1367 2594 pronominis
1396 2562 1459 2595 per
1488 2550 1736 2594 appositionem

373 2614 464 2656 addi.
509 2612 654 2648 Rectius
676 2614 718 2647 de
741 2614 780 2647 h.
802 2614 827 2648 1.
849 2611 1018 2647 iudicavit
1039 2612 1254 2652 Lechaei-us,
1277 2610 1338 2654 qui
1359 2610 1394 2644 in
1421 2609 1606 2654 scriptione
1635 2611 1735 2644 scho-

375 2674 495 2710 lastica
516 2673 632 2708 Hofae
654 2683 686 2709 a.
711 2672 801 2707 1828
826 2673 944 2716 edita,
966 2684 1002 2716 p.
1019 2671 1062 2705 14
1086 2683 1158 2716 sqq.
1181 2668 1385 2705 nominativi
1407 2669 1595 2714 singularis
1617 2672 1734 2713 patro—

376 2733 506 2768 cinium
528 2732 696 2776 suscepit,
718 2732 808 2766 unde
832 2743 920 2775 quae
943 2732 985 2765 ad
1004 2742 1091 2767 ,rem
1125 2730 1255 2765 faciunt
1284 2729 1475 2773 petivimus.
1520 2729 1636 2772 Quum
1659 2729 1736 2763 vul-
