1826 3276
412 183 470 223 80
770 178 815 219 C.
844 177 1158 219 SALLUSTI
1186 178 1406 222 CRISPI

417 299 562 336 autem
616 306 669 335 ex
709 291 946 350 improviso
1000 290 1216 349 Iugurtha
1257 294 1531 338 intoleranda
1576 294 1774 352 audacia,

417 388 582 431 scelere
617 392 750 443 atque
785 385 990 443 superbia
1025 399 1122 429 sese
1153 387 1375 444 ecferens,
1406 389 1547 433 fratre
1578 405 1680 434 meo
1705 395 1773 433 at-

417 497 504 539 que
535 479 694 523 eodem
716 479 968 538 propinquo
994 493 1075 523 suo
1101 480 1345 537 interfecto,
1373 482 1563 542 primum
1591 499 1778 544 regnum

419 577 510 618 eius
547 574 721 618 sceleris
757 574 821 617 sui
854 573 1068 633 praedam
1105 575 1233 630 fecit3
1269 582 1394 636 post,
1429 578 1503 622 ubi
1535 592 1608 622 me
1636 578 1777 622 isdem

418 754 475 796 17,
495 753 528 788 5.
552 754 649 789 Gerl.
672 753 743 787 Cic.
767 753 892 788 Tusce.
916 753 980 797 111,
1003 754 1060 798 14,
1082 755 1139 791 31.
1190 757 1296 791 Iure
1323 762 1399 792 erat
1423 757 1574 793 Socratis
1595 759 1686 793 idem
1708 759 1779 792 vol-

417 820 493 858 tus,
518 825 620 859 quum
643 814 766 847 mentis
791 815 889 847 nulla
901 815 1009 857 fieret
1033 817 1189 853 mutatio.
1237 818 1336 860 Quae
1365 822 1554 860 sequuntur
1574 816 1781 858 οἷσυνδέτως

417 874 492 907 eius
526 874 577 907 rei
609 884 768 907 caussam
798 874 968 915 afferunt,
1001 875 1044 907 (le
1078 886 1146 918 qua
1178 879 1350 911 structura
1371 889 1405 911 v.
1429 879 1473 912 ad
1497 879 1596 912 Catil.
1618 879 1779 917 xxxix,

415 933 448 967 4.
462 953 506 958 —
535 935 620 967 Erat
646 933 784 967 Cottius
807 934 957 967 deletum
980 934 1094 977 cupit,
1124 935 1207 978 quia
1230 937 1348 971 Guelf.
1371 937 1406 971 2.
1441 937 1516 971 eius
1538 938 1616 971 loeo
1635 939 1706 972 sito
1730 941 1779 971 est

414 993 566 1027 exbibet.
605 994 735 1027 Probat
757 993 978 1034 Gerlachius,
1000 1004 1106 1035 quum
1128 994 1164 1027 in
1184 995 1292 1029 Vatic.
1318 996 1352 1031 5.
1375 997 1487 1031 inerat
1511 997 1547 1030 in
1570 996 1676 1030 armis
1696 995 1780 1032 scri—

415 1058 514 1097 ptum
537 1053 756 1093 offendisset,
787 1053 890 1086 simul
915 1063 1095 1086 numerum
1118 1055 1228 1088 multo
1254 1057 1507 1090 concinniorem
1527 1055 1607 1088 fleri
1630 1066 1778 1088 censens.

414 1113 486 1146 Sed
510 1116 655 1155 utraque
685 1122 808 1145 caussa
827 1111 941 1146 levior
971 1115 1040 1153 est,
1073 1122 1178 1154 quam
1201 1125 1291 1156 qnae
1313 1117 1524 1151 relicum-um
1546 1115 1716 1149 librorum
1737 1115 1779 1148 Ii-

416 1173 494 1205 dem
519 1173 630 1206 tollat.
677 1171 796 1214 Neque
826 1171 894 1205 sibi
917 1171 1067 1205 constitit
1091 1172 1130 1205 V.
1155 1174 1197 1206 D.
1222 1173 1257 1208 in
1282 1176 1414 1210 minore
1436 1177 1488 1210 ed.
1507 1193 1550 1200 —
1583 1175 1639 1208 Ea·
1659 1176 1780 1218 Africa

413 1233 551 1265 eortius
573 1235 703 1265 temere
725 1231 871 1272 delevit,
904 1231 1003 1264 unius
1026 1232 1143 1266 Guelt.
1168 1233 1223 1266 11.
1248 1236 1473 1276 auctoritate,
1505 1244 1610 1278 quum
1633 1244 1700 1268 non
1722 1245 1780 1268 su-

413 1296 538 1326 stentat
564 1293 679 1326 Guelt.
705 1291 738 1325 5.
761 1291 819 1334 qui
851 1292 987 1325 inverso
1011 1292 1131 1325 ordine
1154 1294 1259 1328 habet
1281 1296 1389 1330 eiecta
1412 1301 1463 1330 est
1485 1307 1525 1329 ea·
1549 1294 1681 1337 Africo.
1711 1294 1780 1328 Ne—

412 1364 480 1395 que
502 1352 537 1384 id
560 1363 632 1385 rem
659 1352 861 1392 confirmat,
894 1351 984 1394 quod
1017 1352 1111 1387 cort.
1143 1353 1263 1387 eiicere
1291 1355 1454 1388 absolute
1476 1354 1628 1398 positum
1657 1354 1683 1388 i.
1706 1364 1781 1387 esse

413 1410 496 1445 dicit
511 1422 544 1454 q.
571 1412 791 1456 extinguere,
814 1413 943 1454 tollere,
971 1411 1096 1445 delere.
1122 1412 1222 1455 Quae
1238 1417 1386 1456 potestas
1409 1425 1490 1448 sane
1509 1413 1649 1455 obtinet,
1673 1412 1779 1447 etiam

413 1470 445 1504 si
477 1482 518 1504 ex
543 1471 618 1512 Afr.
652 1472 832 1505 retinetur.
866 1471 912 1504 cf.
946 1471 1068 1504 Bremi
1102 1472 1147 1504 ad
1179 1471 1264 1515 Nep.
1299 1472 1445 1517 Lysand.
1469 1474 1507 1514 1,
1533 1473 1565 1508 5.
1588 1485 1622 1517 p.
1645 1473 1702 1506 93.
1725 1473 1777 1506 ed.

411 1530 470 1565 lv.
490 1548 533 1555 -
551 1530 720 1574 Deinceps
743 1531 836 1564 Cort.
861 1535 930 1564 est
951 1533 1028 1573 post
1047 1531 1167 1572 eiecto,
1193 1536 1227 1566 et
1249 1539 1350 1567 erat
1371 1537 1448 1576 post
1469 1533 1584 1567 nullus
1604 1533 1779 1576 expunxit,

412 1591 448 1625 in
472 1590 585 1634 priore
606 1591 683 1624 loco
705 1591 801 1624 nullo
823 1590 915 1624 libro
931 1617 941 1634 ‚
975 1590 1011 1623 in
1034 1591 1224 1634 posteriore
1246 1593 1378 1626 duobus
1405 1595 1540 1626 tautum
1569 1592 1781 1626 eonsentien-

411 1650 530 1691 tibus3
554 1661 665 1693 neque
687 1661 828 1684 manum
852 1650 1084 1693 importunam
1107 1651 1274 1685 abstinuit
1296 1662 1355 1685 vos
1376 1651 1601 1694 pronomine,
1630 1651 1721 1694 quod
1743 1651 1779 1685 in

412 1711 514 1745 Rem.
538 1710 571 1744 1.
596 1710 712 1743 Guelf.
735 1708 768 1742 6.
805 1714 840 1742 et
863 1709 954 1742 Med.
979 1709 1034 1743 11.
1068 1710 1182 1752 deest,
1219 1711 1278 1744 sed
1309 1711 1344 1744 in
1367 1709 1525 1745 officiosa
1545 1711 1582 1744 in
1605 1707 1780 1746 Romanos

410 1769 564 1803 oratione
587 1769 701 1802 omitti
723 1768 851 1811 nequit.
870 1786 916 1793 —
938 1769 990 1803 Ne
1013 1769 1090 1812 quis
1112 1781 1192 1804 cum
1215 1771 1331 1804 Fabro
1348 1774 1441 1814 putet
1462 1769 1640 1803 iussissetis
1659 1774 1781 1803 contra

410 1840 512 1863 usum
535 1828 669 1862 dicendi
690 1839 770 1861 cum
792 1829 860 1862 nisi
874 1831 971 1871 sorte
994 1830 1214 1863 coniunctum
1244 1841 1338 1871 esse,
1375 1841 1464 1873 quae
1495 1839 1598 1862 voces
1618 1828 1778 1863 indicati-

411 1900 493 1922 vum
518 1888 708 1929 asciscunt,
732 1888 845 1921 obiter
867 1899 1044 1924 monemus
1068 1891 1135 1924 hoc
1167 1890 1311 1924 verbum
1333 1901 1401 1924 non
1423 1900 1465 1923 ex
1486 1889 1562 1924 istis
1585 1889 1776 1933 particulis,

409 1949 470 1983 sed
493 1960 534 1982 ex
557 1948 704 1981 relativo
727 1951 847 1991 aptum
869 1959 953 1983 esse.

502 2009 534 2049 §.
559 2008 614 2040 11.
662 2018 703 2040 ωι-
730 2007 940 2051 improviso]
974 2008 1014 2041 V.
1039 2010 1159 2042 notata
1181 2009 1224 2042 ad
1249 2008 1349 2043 Catil.
1375 2008 1464 2050 vm,
1488 2010 1520 2044 1.
1555 2019 1590 2052 p.
1611 2007 1668 2044 43.
1692 2009 1775 2042 coll.

411 2067 586 2102 Drakenb.
611 2066 655 2100 ad
678 2066 754 2099 Liv.
778 2067 835 2107 VI,
857 2066 916 2108 33,
935 2067 968 2101 7.
993 2068 1135 2101 Walch.
1161 2069 1206 2102 ad
1233 2068 1347 2102 Tacit.
1374 2067 1492 2113 Agric.
1516 2080 1545 2102 c.
1562 2068 1618 2104 15.
1640 2080 1677 2112 p.
1697 2067 1777 2103 219.

409 2127 498 2162 san.
529 2128 606 2171 lug.
639 2127 725 2167 XX,
748 2125 783 2160 3.
815 2127 905 2167 Lm,
938 2127 966 2160 1.
998 2128 1126 2171 LVIII,
1155 2127 1189 2162 1.
1234 2128 1396 2162 Nonnulli
1425 2128 1523 2162 codd.
1545 2128 1588 2162 de
1620 2129 1776 2173 improv„

411 2187 504 2232 quod
526 2187 656 2230 pariter
677 2186 814 2220 dicitur.
834 2206 880 2213 -
903 2187 1068 2230 cher-ens
1089 2191 1226 2231 praeter
1260 2189 1334 2223 Vat.
1357 2188 1398 2222 A.
1429 2187 1584 2221 nonnulli
1604 2191 1778 2231 praestant

411 2246 554 2281 Gruteri
579 2246 690 2288 codd„
713 2245 797 2280 item
821 2246 953 2289 aliquot
975 2247 1104 2281 Wassii
1119 2273 1128 2289 ,
1151 2251 1205 2291 et,
1229 2246 1258 2281 si
1279 2247 1363 2281 fides
1386 2246 1494 2280 textui
1515 2247 1776 2292 Havereampii,

411 2314 530 2340 omnes
553 2305 678 2341 Leidd.
718 2307 796 2340 Hac
826 2307 942 2340 forma
971 2307 1233 2351 praepositionis
1256 2307 1464 2350 antiquiores
1488 2307 1525 2340 in
1545 2302 1661 2341 verbis
1683 2318 1777 2341 eom-

411 2365 533 2409 positis
563 2365 736 2400 interdum
759 2378 841 2401 usos
863 2378 937 2401 esse
969 2367 1070 2400 certis
1091 2367 1256 2410 exemplis
1287 2367 1401 2401 docuit
1436 2367 1606 2401 Wassius·
1626 2367 1670 2400 ad
1690 2368 1727 2400 h.
1749 2367 1776 2400 1.

412 2425 580 2468 probante
603 2425 744 2466 Corti03
773 2436 882 2469 neque
905 2425 1060 2460 dissentit
1091 2427 1239 2461 Bentlei.
1273 2427 1316 2459 ad
1349 2427 1487 2460 Terent.
1511 2427 1638 2460 Heaut.
1661 2427 1718 2467 IV,
1741 2425 1776 2469 4,

411 2483 469 2518 23.
493 2494 534 2518 ac
565 2485 667 2518 Conr.
693 2485 799 2528 Leop.
824 2483 1023 2520 Schneider.
1049 2487 1206 2520 Granum.
1231 2487 1308 2520 Lat.
1335 2487 1371 2527 I,
1395 2486 1426 2519 2.
1457 2497 1490 2529 p.
1515 2485 1595 2520 561.
1641 2485 1776 2519 Tamen

412 2544 618 2578 Sallustium
651 2556 718 2578 non
749 2543 876 2587 ubique
897 2544 946 2579 ita
974 2546 1149 2591 scripsisse
1176 2547 1387 2591 putaverim;
1423 2546 1480 2579 sed
1512 2545 1550 2578 h.
1581 2545 1605 2578 l.
1636 2548 1776 2588 propter

413 2604 652 2638 exacerbatam
674 2605 878 2638 sententiam
907 2608 942 2638 et
974 2607 1130 2651 graviter
1151 2610 1361 2640 commotum
1392 2604 1600 2638 Adherbalis
1621 2603 1774 2638 animum

414 2664 623 2709 asperiorem
646 2665 797 2698 formam
832 2666 986 2699 consulto
1017 2665 1062 2698 ab
1094 2669 1234 2699 auctore
1259 2665 1404 2708 positam
1427 2674 1500 2697 esse
1521 2663 1700 2707 probabile
1723 2662 1773 2697 vi-

412 2724 523 2761 detur.
556 2724 602 2758 cf.
628 2724 701 2757 Cic.
725 2724 882 2758 Tuscnll.
906 2725 970 2765 IV,
993 2724 1062 2767 29,
1092 2724 1149 2758 63.
1174 2723 1234 2757 ubi
1257 2724 1292 2756 in
1316 2723 1585 2766 interpretandis*
1599 2722 1775 2766 Euripidis
