1826 3276
435 167 795 212 IUGURTHA.
855 164 989 209 CAP.
1019 164 1135 208 vm.
1422 169 1481 210 45

32 284 37 285 ⁷
81 288 182 334 diae
217 287 470 349 potiretur3
515 286 690 346 inipso
731 299 987 346 maxumam
1021 283 1253 339 virtutem,
1298 282 1476 328 Romae

80 386 231 430 omnia
258 384 431 430 venalia
462 399 573 429 esse.
645 381 743 428 Sed
768 388 1011 443 postquam
1040 379 1283 426 Numantia
1323 379 1510 427 deleta2

79 483 130 527 P.
165 482 323 544 Scipio
353 482 577 527 dimittere
607 480 767 526 auxilia
786 485 831 525 et
858 480 956 541 ipse
984 479 1149 524 revorti
1182 477 1369 523 domum
1395 476 1478 523 de-

81 581 247 639 crevit,
285 579 499 624 donatum
532 584 666 637 atque
702 576 934 622 laudatum
963 576 1205 637 magnifice
1235 591 1323 636 pro
1368 591 1479 620 con-

81 678 211 722 cione
242 675 509 737 Iugurtham
539 676 584 719 in
604 662 881 735 praetorium
909 673 1096 717 abduxit
1122 672 1276 732 ibique
1305 680 1481 718 secreto

79 773 274 832 monuit,
320 773 382 819 uti
416 773 568 834 potius
602 771 787 834 publice
829 785 966 832 quam
1003 769 1214 831 privatim
1244 769 1483 815 amicitiam

169 939 203 980 5.
228 935 264 971 2.
313 940 348 971 et
368 935 443 981 ipse
464 926 612 979 recor-ti]
638 933 688 969 Et
712 933 853 970 Cottius
876 932 1116 978 imprudenter
1146 931 1250 967 unius
1275 932 1396 967 Guelf.
1421 932 1479 967 11.

77 1008 144 1044 opo
166 995 318 1042 expulit,
350 996 506 1041 Bipontt.
531 1000 567 1030 et
587 995 762 1030 Muellero
786 999 918 1030 temere
948 993 1232 1039 obsequentibus.
1256 1012 1302 1018 --
1328 993 1483 1028 Abdum't

77 1061 131 1093 est
154 1058 191 1093 in
214 1057 357 1096 Fabric.
382 1057 418 1092 1.
450 1057 558 1092 Acad.
591 1056 707 1091 Paris.
733 1057 771 1102 C.
805 1057 926 1091 Berol.
948 1056 1002 1098 2.;
1038 1055 1165 1089 relicui
1199 1064 1319 1090 omnes
1350 1055 1482 1090 habent

27 1143 30 1148 f
77 1119 248 1165 adduxit,
281 1119 375 1164 quod
405 1118 488 1152 huic
519 1119 598 1152 loco
629 1120 745 1152 minus
778 1117 961 1159 convenit,
997 1128 1106 1161 quum
1129 1121 1263 1151 secreta
1287 1115 1482 1150 admonitio

0 1187 2 1209 ἰ
76 1180 257 1226 publicam
276 1191 342 1226 pro
365 1180 525 1215 concione
549 1180 788 1215 laudationem
810 1179 970 1214 continuo
995 1183 1116 1213 secuta
1141 1177 1254 1212 multo
1276 1177 1482 1223 significan-

76 1241 146 1277 tius
179 1241 249 1276 isto
279 1241 455 1276 vocabulo
486 1242 695 1276 declaretur.
748 1242 789 1276 In
821 1240 987 1275 concione
1024 1240 1118 1275 enim
1155 1250 1224 1273 non
1265 1238 1362 1280 satis*
1385 1249 1483 1272 com-

0 1327 2 1329 >
76 1302 181 1338 mode
203 1301 334 1346 omnia,
358 1313 448 1348 quae
470 1314 526 1338 res
548 1302 726 1348 poscebat,
745 1301 815 1336 dici
837 1304 1020 1347 poterant3
1053 1303 1239 1346 propterea
1262 1300 1344 1334 inde
1368 1301 1482 1334 abdu-

0 1359 13 1372 ”
76 1369 151 1417 ptus
175 1367 229 1398 est
249 1363 444 1410 Iugurtha,
468 1375 580 1409 eaque
603 1364 798 1400 abducendi
821 1375 944 1399 caussa
967 1363 1080 1398 multo
1103 1361 1249 1408 gravior
1271 1365 1343 1405 est,
1375 1373 1483 1406 quam

0 1424 3 1426 ’
76 1425 175 1460 locus
197 1435 268 1469 quo
298 1425 551 1460 adducebatur.
599 1426 717 1470 Quam
750 1438 854 1471 saepe
876 1428 995 1461 autem
1026 1424 1063 1458 in
1085 1423 1188 1458 libris
1210 1434 1318 1459 manu
1342 1423 1483 1468 scriptis

0 1484 11 1518 ’ἵ
77 1485 243 1520 confundi
276 1486 410 1522 soleant
436 1487 546 1521 verba
575 1499 656 1522 cum
690 1489 739 1523 ad
770 1492 805 1523 et
831 1489 880 1529 ab
916 1485 1238 1532 praepositionibus
1275 1485 1480 1530 coniuncta,

78 1547 229 1583 ostendit
251 1547 392 1583 eortius
423 1548 470 1582 ad
493 1548 599 1583 Catil.
624 1549 676 1593 h,
701 1549 735 1585 4.
762 1550 807 1585 cf.
839 1553 962 1586 notata
986 1548 1030 1583 ad
1055 1548 1133 1582 Cat.
1158 1548 1263 1590 nvn,
1286 1548 1320 1583 1.
1343 1560 1378 1592 p.
1402 1546 1484 1582 298.

77 1609 256 1644 Drakenb.
280 1609 327 1643 ad
352 1608 428 1643 Liv-
445 1609 590 1652 XXVII,
605 1610 664 1653 29,
683 1611 715 1645 l.
741 1614 775 1646 et
800 1612 844 1646 ad
867 1611 897 1654 Ι,
919 1609 978 1653 574
1003 1609 1038 1644 8.
1085 1609 1212 1644 Nostro
1237 1609 1317 1643 loco
1342 1609 1416 1644 fere
1439 1608 1485 1643 ad

79 1670 246 1705 amussim
268 1669 452 1714 respondet
473 1670 642 1705 Livianus
665 1672 788 1713 XXX,
813 1672 869 1715 14,
889 1672 925 1708 3.
973 1671 1126 1716 Scipioni
1151 1670 1292 1705 Laelius
1316 1675 1351 1706 et
1376 1671 1485 1705 Masi-

79 1732 176 1766 nissa
192 1736 485 1776 sapei-venerim&
509 1743 593 1777 quos
609 1745 713 1777 quum
732 1733 889 1779 egregiis
907 1733 1068 1767 laudibus
1084 1735 1191 1777 freq
1203 1744 1226 1766 u
1238 1732 1332 1766 enti
1352 1742 1485 1776 prac-

80 1793 204 1827 torio
227 1793 454 1835 celebrasset,
489 1793 742 1829 abductum
772 1795 818 1828 in
853 1799 1081 1829 secretum
1108 1793 1331 1827 Masinissam
1355 1793 1405 1827 sic
1430 1793 1487 1827 al-

79 1854 249 1899 loquitur,
283 1853 329 1888 ad
348 1865 382 1899 q.
406 1855 430 1890 1.
455 1865 490 1888 v·
516 1854 645 1888 iterum
668 1853 934 1888 Drakenborch.
956 1873 1004 1880 —
1037 1854 1176 1889 Publice
1210 1853 1235 1887 i.
1269 1865 1300 1888 e.
1334 1852 1487 1898 publicis

78 1926 166 1963 erga
200 1915 404 1951 universum
437 1915 608 1960 populum
640 1916 844 1950 Romanum
877 1914 1027 1956 officiis3
1057 1915 1246 1960 privatim,
1281 1914 1488 1950 muneribus

0 1980 25 2013 'e‘
77 1978 297 2024 singulorum
321 1976 476 2024 grafium
508 1980 672 2022 captans,
704 1979 744 2011 ut
777 1976 973 2011 Muellerus
996 1980 1091 2011 recte
1118 1974 1322 2021 explicavit.
1369 1975 1487 2009 Poste·

0 2027 4 2035 ³
77 2038 208 2074 rior-em
231 2038 406 2083 Scipionis
426 2038 634 2073 sententiam
651 2027 833 2082 sequentia
850 2037 1005 2082 apertius
1024 2038 1223 2080 declarant;
1247 2036 1377 2083 largiri
1392 2036 1487 2071 enim

10 2100 27 2138 ³„
79 2099 252 2135 invidioso
281 2111 384 2134 sensu
417 2103 469 2135 est
497 2100 647 2145 pcmenia
675 2110 913 2144 corrumpere,
945 2099 1123 2144 quomodo
1145 2099 1254 2134 ctiam
1287 2098 1490 2145 largitionis

79 2161 292 2196 vocabulum
324 2164 534 2206 usurpatur,
566 2161 613 2196 cf.
636 2159 730 2194 infra
759 2171 791 2193 c.
818 2159 895 2203 XV,
920 2159 955 2194 1.
991 2164 1027 2195 et
1050 2161 1085 2206 §-
1105 2159 1139 2195 5.
1174 2161 1270 2203 cm,
1294 2159 1329 2196 6.
1348 2177 1392 2186 —
1416 2160 1488 2194 Pro

10 2270 13 2275 y
79 2234 165 2257 neu
197 2222 319 2268 quibus
341 2221 524 2268 Bipontini
547 2223 672 2258 vitiose
701 2208 914 2266 scripserunt
944 2233 1024 2258 nec
1058 2223 1204 2269 quibus,
1236 2221 1332 2267 quod
1364 2224 1418 2256 est
1449 2221 1487 2255 iu

10 2307 16 2323 v,
81 2283 199 2318 Guelf.
222 2282 258 2318 5.
282 2284 389 2319 Fabr.
409 2284 444 2319 2.
467 2285 573 2319 Rem.
595 2284 630 2319 2.
658 2283 766 2318 Bern.
784 2283 838 2326 l.;
863 2283 1066 2319 continuata
1087 2284 1181 2319 enim
1216 2282 1350 2318 consilii
1373 2281 1487 2327 signi-

78 2344 265 2387 ficatione,
298 2344 350 2380 ita
372 2348 410 2381 ut
432 2345 470 2380 in
503 2345 708 2392 negativam
739 2344 949 2380 sententiam
980 2349 1135 2382 transeat
1158 2344 1298 2386 oratio,
1329 2347 1487 2379 tantum-

71 2404 186 2442 'modo
199 2418 268 2442 neu
290 2406 349 2440 vel
369 2401 456 2441 neve
480 2406 563 2451 poni
585 2417 687 2451 posse
709 2405 795 2440 satis
819 2406 1035 2442 ostendimus
1058 2407 1104 2442 ad
1128 2406 1234 2441 Catil.
1265 2406 1423 2447 XXXIV,
1450 2405 1484 2440 2.

13 2472 27 2509 ς’
78 2478 115 2512 p.
137 2467 221 2503 158.
267 2467 367 2502 Adde
389 2467 432 2502 F.
455 2467 499 2503 A.
519 2467 632 2502 Wolf.
658 2468 704 2503 ad
723 2468 810 2502 Tac.
826 2468 916 2502 Anu.
934 2468 964 2510 1,
988 2468 1048 2513 35,
1073 2468 1166 2503 med.
1186 2486 1233 2493 ——
1258 2468 1373 2503 Verba
1394 2467 1487 2513 quod

12 2547 17 2574 2
81 2529 268 2564 multorum
300 2534 390 2564 esset
420 2539 529 2573 quum
561 2532 651 2564 tecte
681 2532 836 2574 spectent
870 2530 915 2564 ad
939 2529 1161 2565 maiestatem
1184 2532 1220 2565 et
1242 2528 1487 2565 auctoritatem

10 2585 18 2618 ἶ·
70 2593 221 2642 ⁴penetus
254 2589 446 2634 populique
478 2589 656 2635 Romani,
689 2591 784 2625 hunc
815 2602 956 2626 sensum
988 2591 1139 2626 habent:
1175 2590 1231 2634 id,
1266 2590 1365 2625 cuius
1391 2591 1487 2634 defe-

9 2652 29 2675 ·'-
82 2651 183 2685 rendi
206 2662 248 2686 ac
272 2651 449 2686 tribuendi
476 2656 633 2696 potestas
666 2662 772 2696 penes
803 2651 1006 2687 universum
1038 2653 1205 2698 populum
1237 2656 1338 2687 esset.
1358 2670 1404 2678 -—-
1428 2652 1488 2689 111⁸·

0 2707 17 2776 ἱ
81 2716 279 2747 venturum.
334 2712 459 2747 Venire
483 2712 591 2747 alicui
613 2724 680 2747 eae
703 2725 758 2748 res
777 2713 950 2757 dicuntur,
974 2725 1063 2759 quae
1086 2725 1155 2749 non
1177 2716 1396 2758 exspectatae
1419 2723 1486 2746 ne-

0 2774 20 2833 [4
82 2775 153 2815 que
174 2771 353 2815 quaesitae
383 2772 489 2807 alicui
522 2773 713 2809 obveniunt
745 2777 781 2809 et
814 2774 1031 2821 contingunt.
1078 2774 1218 2810 Cottius
1251 2785 1357 2820 supra
1380 2773 1425 2809 ad
1449 2785 1479 2808 c.
