1826 3276
505 173 870 217 IUGURTHA.
934 172 1071 217 CAP.
1102 173 1257 219 XCIII.
1344 141 1352 146 <
1476 182 1562 222 495

157 290 286 335 forte
330 290 516 350 quidam
550 291 694 352 Ligus
713 326 728 350 ‚
774 307 829 336 ex
865 290 1128 337 cohortibus
1163 293 1397 339 auxiliariis
1433 295 1558 339 miles

162 388 430 449 gregarius,
475 389 638 434 castris.
674 395 888 448 aquatum
937 404 1145 450 egressus
1165 422 1179 446 ,
1224 390 1351 437 haud
1392 394 1557 454 procul

163 485 222 530 ab
257 486 398 530 latere
433 485 633 544 castelli‘,
679 486 804 545 quod
845 500 1053 531 avorsum
1086 488 1407 548 proeliantibus
1448 499 1559 547 erat,

162 582 360 627 animum
403 583 597 628 advortit
639 584 752 628 inter
786 599 892 627 saxa
926 585 1122 644 repentis
1165 586 1401 642 cochleas;
1448 604 1557 648 qua-

159 694 259 725 rum
300 695 440 740 quum
485 682 620 725 uuam
665 687 802 740 atque
838 681 1050 737 alteram,
1098 682 1203 727 dein
1236 685 1393 744 plures
1421 693 1557 746 pete-

157 781 254 832 ret,
309 776 457 821 studio
503 777 691 839 legundi
745 779 979 839 paullatim
1023 795 1171 841 prope
1214 780 1275 825 ad
1331 798 1555 828 summum

157 874 319 919 montis
355 890 563 936 egressus
609 882 690 922 est.
760 875 856 922 Ubi
889 882 1131 937 postquam
1165 864 1449 925 solitudinem
1483 882 1591 934 iii-3

157 971 342 1029 tellexit,
374 987 502 1017 more
538 973 692 1034 ingeni
725 972 910 1017 humani
947 974 1114 1037 cupido
1150 975 1349 1022 difficilia
1383 978 1554 1023 faciun-

153 1128 250 1163 deest
280 1127 317 1163 iu
345 1128 420 1164 Inc.
445 1130 493 1172 1.,
524 1128 665 1164 eortius
699 1133 832 1165 temere
864 1130 995 1166 omisit.
1040 1130 1136 1165 Idem
1161 1133 1307 1176 suerat,
1340 1133 1441 1169 cuius
1471 1135 1552 1172 loco

152 1189 320 1234 perpauci
345 1189 480 1225 hahent
512 1195 610 1234 erat,
643 1202 733 1226 uuus
766 1193 901 1227 alterve
925 1197 998 1237 est,
1032 1196 1219 1236 propterea
1242 1193 1381 1230 delevit.
1430 1195 1553 1241 Neque

152 1250 290 1286 minore
332 1249 604 1296 importunitate
641 1253 804 1297 copulam
842 1254 952 1288 noctis
984 1252 1063 1287 voci
1102 1253 1282 1297 additam,
1323 1255 1385 1290 scd
1417 1255 1455 1290 in
1480 1268 1551 1291 uno

152 1311 294 1348 Vratisl.
320 1311 354 1347 2.
378 1324 447 1347 uon
470 1318 674 1356 exaratam,
698 1314 875 1358 expunxit.
902 1333 945 1340 -
973 1315 1147 1349 Aestuans
1171 1315 1197 1350 i.
1220 1326 1251 1351 e.
1275 1316 1400 1351 anxius
1423 1320 1459 1352 et
1481 1318 1551 1352 du-

151 1371 285 1415 hitans,
315 1372 434 1408 auimo
457 1373 552 1408 curis
574 1374 646 1408 huc
676 1374 761 1408 illuc
795 1374 933 1420 agitato
966 1379 1002 1410 et
1031 1380 1170 1411 vexato.
1217 1377 1438 1413 Vocabulum
1462 1379 1550 1414 bene

150 1433 319 1478 explicuit
349 1434 380 1469 F
382 1434 588 1479 orcellinue,
622 1446 727 1479 quem
751 1447 786 1470 v.
811 1437 855 1470 T.
881 1437 907 1471 1.
941 1447 975 1480 p.
1003 1435 1084 1472 102.
1109 1436 1163 1471 ed.
1189 1437 1310 1473 Germ.
1336 1458 1381 1465 —-
1405 1440 1460 1475 De
1484 1451 1549 1474 usu

149 1494 416 1540 praepositionis
451 1495 488 1530 in
522 1496 639 1533 verbis
674 1509 724 1532 ex
763 1497 960 1533 cohortibus
990 1509 1072 1533 aux.
1106 1498 1206 1532 miles
1241 1510 1274 1532 v.
1308 1500 1352 1533 ad
1389 1511 1420 1537 c.
1453 1501 1547 1545 Lxl,

149 1555 185 1592 4.
209 1575 257 1585 ·—
280 1558 450 1592 Aversum
474 1560 586 1592 exstat
608 1557 644 1594 iu
668 1557 751 1594 Seu.
774 1559 810 1594 l.
834 1561 870 1594 et
894 1558 1008 1594 tribus
1030 1559 1112 1594 aliis
1136 1559 1247 1595 Coi-tii
1270 1560 1393 1604 libris,
1418 1562 1547 1598 Palatt.

149 1617 186 1653 1.
208 1616 246 1653 ὃ.
267 1616 304 1653 9.
328 1617 387 1653 10.
411 1617 471 1653 11.
491 1617 552 1654 12.
588 1619 704 1655 Mark.
728 1622 772 1657 A.
803 1630 853 1657 m.
876 1620 959 1654 sec.'
983 1620 1096 1656 Paris.
1131 1632 1162 1656 c.
1187 1624 1222 1657 et
1248 1621 1353 1676 Miso.
1402 1623 1550 1659 Relicui

149 1682 268 1715 tenent
289 1679 497 1722 advorsum,
531 1681 624 1724 quod
650 1681 823 1716 Gruterus
845 1685 880 1716 et
903 1681 951 1715 W
952 1680 1066 1716 assius
1086 1681 1321 1727 nequicquam
1344 1683 1546 1729 defenduut,

148 1738 266 1776 verbis
298 1739 397 1775 haud
426 1742 548 1786 procul
579 1742 827 1779 diffimltatem
858 1754 1000 1779 omnem
1034 1743 1212 1778 sublatam
1237 1749 1429 1780 censentes.
1475 1746 1546 1781 Sed

146 1811 203 1837 res
222 1799 300 1844 ipsa
323 1801 472 1836 ostendit
495 1801 631 1837 nonnisi
653 1802 733 1839 loco
758 1816 781 1840 a
803 1815 924 1850 pugna
946 1804 1035 1839 satis
1054 1809 1184 1839 remoto
1208 1804 1286 1839 fieri
1309 1805 1477 1849 potuisse,
1502 1811 1542 1842 ut

146 1861 257 1908 Ligus
279 1861 372 1899 nihil
401 1861 632 1900 sentientibus
653 1863 816 1901 Numidis
846 1864 883 1901 in
905 1875 1084 1901 summum
1105 1869 1261 1902 montem
1284 1866 1467 1909 evaderet3
1492 1870 1546 1902 ta-

147 1923 193 1960 lis
215 1927 335 1973 antem
356 1923 457 1964 locus
480 1929 555 1961 erat
578 1925 673 1962 latus
697 1927 834 1963 castelli
856 1926 1109 1971 proeliantibus
1134 1937 1293 1962 avorsum
1316 1927 1374 1962 vel
1394 1937 1545 1972 paens

145 1995 329 2026 avorsum,
359 1987 401 2020 nt
435 1985 626 2023 Sallustius
660 1985 832 2026 indicavit
863 1988 982 2023 verbis
1014 1988 1136 2024 haud
1165 1987 1334 2034 procul
1357 1987 1401 2022 ab
1433 1988 1544 2022 latere

145 2049 210 2085 eet.
259 2047 353 2085 Rem
385 2050 506 2083 autem
533 2046 674 2087 confici,t
704 2049 798 2092 hoc,
829 2051 921 2094 qnod
952 2049 1102 2094 milites,
1138 2061 1227 2094 quos
1264 2047 1374 2094 Ligus
1405 2049 1542 2093 cadem,

145 2118 219 2152 qna
239 2107 317 2153 ipse
338 2107 495 2153 primum
518 2107 732 2150 escenderat,
755 2109 793 2147 iu
815 2111 998 2146 castellum
1021 2111 1182 2158 ducebat,
1205 2109 1380 2151 Numidis,
1402 2121 1543 2155 pugnae

145 2169 392 2206 &munorum
415 2167 568 2211 intentis,
592 2173 735 2214 repente
757 2182 781 2206 a
804 2159 907 2217 terg'o
930 2171 1098 2208 institisse
1121 2175 1327 2214 narrantum
1351 2182 1387 2208 v.
1413 2172 1538 2216 XCIV,

103 2240 111 2280 j
145 2227 181 2266 5.
219 2228 458 2267 Nihilominus
481 2229 713 2274 Gen-lachim,
743 2231 780 2267 iu
805 2232 1075 2269 commentariis
1097 2245 1243 2278 prorsus
1265 2236 1402 2277 tacens,
1424 2231 1462 2268 in
1484 2231 1541 2266 ed.

143 2290 337 2329 novissima
372 2291 561 2332 advorsum
591 2291 749 2338 scripsit,
781 2294 880 2331 hand
906 2294 1014 2330 dubie
1047 2305 1118 2330 non
1140 2294 1336 2331 rationibus
1359 2306 1379 2329 e
1401 2305 1440 2329 re
1462 2293 1539 2341 ipsa

142 2349 262 2394 petitis
282 2354 480 2395 permotus,
513 2352 571 2388 sod
595 2363 703 2389 coeca
724 2356 996 2400 superstitione,
1028 2367 1100 2400 qua
1123 2368 1166 2391 ex
1187 2356 1286 2392 codd.
1309 2356 1430 2400 paneis
1454 2367 1555 2401 peu-⁷

142 2410 221 2453 det,
244 2411 382 2448 ductus.
404 2432 450 2438 —
474 2414 638 2449 Animum
662 2416 817 2453 advortit
837 2416 894 2454 ita·
921 2416 1052 2464 legitur
1083 2416 1119 2453 iu
1143 2417 1286 2453 Fabric.
1316 2417 1437 2459 Rivii,
1466 2417 1538 2453 Na-

141 2481 215 2507 zar-
239 2472 414 2510 eommel.
437 2474 557 2512 Mark.
580 2477 624 2511 Γ.
647 2475 732 2511 Bas.
756 2478 791 2513 1.
812 2478 916 2513 Rem.
945 2479 977 2513 1.
1000 2478 1116 2515 Paris.
1140 2490 1173 2514 cs
1197 2489 1232 2514 x.
1254 2489 1284 2514 z.
1309 2482 1345 2513 et
1363 2477 1536 2519 Goon-lita

141 2533 266 2569 »stimi
288 2545 410 2571 omnes
431 2535 565 2571 habent
597 2537 870 2581 animadvertit5
902 2550 938 2572 v.
973 2539 1019 2574 ad
1045 2551 1077 2575 c.
1100 2539 1228 2583 LXIX,
1256 2539 1290 2575 l.
1308 2557 1354 2566 --
1376 2539 1536 2574 Structu—

140 2604 219 2632 rssm
249 2595 298 2630 ad
329 2606 500 2632 summum
530 2599 702 2634 montis
737 2597 994 2637 illustravimus
1026 2601 1072 2636 ad
1102 2612 1134 2636 c.
1158 2601 1332 2641 xxxvn.
1355 2601 1391 2636 4.
1416 2620 1459 2626 -
1485 2601 1536 2635 De

140 2665 244 2691 sensu
266 2657 366 2692 verbi
390 2668 551 2704 egressus
572 2669 606 2693 v.
633 2659 677 2694 ad
703 2671 732 2693 c.
760 2660 836 2703 Lx,
858 2661 893 2696 6.

196 2764 201 2770 Ι
227 2718 264 2759 §-
291 2715 327 2753 3.
373 2728 468 2754 more
500 2720 626 2766 ingeni
662 2721 808 2756 humani
838 2723 963 2767 cupido
997 2716 1158 2768 difficilia
1182 2723 1348 2769 faciundi
1380 2722 1535 2757 animum

140 2777 270 2823 vortit]
293 2778 556 2815 Revocavimus
589 2791 672 2816 cum
697 2781 889 2818 Gerlachio
912 2782 1094 2828 antiquam
1125 2784 1336 2830 scripturam
1353 2811 1361 2826 ‚
1384 2783 1535 2827 mirifico
