1826 3276
401 183 485 224 114
757 175 1146 220 G.SALLUST1
1174 166 1396 237 cR1'sr1

401 284 587 338 incurris
632 291 840 335 lateribus
889 295 1024 344 tecta,
1071 291 1194 348 quasi
1235 292 1411 336 navium
1443 292 1615 336 carinae
1650 297 1760 337 sunt.

367 386 531 431 9Medi
564 390 710 430 autem
753 391 798 429 et
839 385 1038 430 Armenii
1078 399 1303 429 accessere
1343 386 1535 444 Libyes;
1577 400 1680 432 nam
1714 384 1764 430 hi

399 481 583 540 propius
625 495 746 525 mare
789 464 991 524 Africum
1038 479 1287 538 agitabant,
1335 479 1512 525 Gaetuli
1554 480 1636 529 sub
1668 480 1763 526 sole

400 575 564 635 magis,
600 574 722 618 haud
750 575 910 634 procul
936 575 993 618 ab
1029 574 1279 628 ardoribus3
1313 574 1450 633 hique
1485 580 1652 618 mature
1678 589 1764 634 op-

401 670 509 730 pida
537 669 762 723 habuere3
806 685 908 714 nam
938 669 1054 715 freto
1089 669 1215 714 divisi
1253 669 1310 713 ab
1344 669 1581 730 Hispania*
1595 674 1766 717 mutare

402 812 627 856 contendens,
650 813 744 846 recte
765 811 933 846 refutatus
956 822 978 846 a
1001 812 1116 848 Gortio
1129 837 1140 854 ‚
1164 823 1267 855 quem
1291 811 1396 846 etiam
1419 811 1618 846 Schellerus
1635 811 1671 846 in
1683 810 1784 846 Lex-⁶

402 872 507 916 ampl.
530 883 565 916 p.
589 871 691 906 6⁰46.
717 872 882 915 sequitur.

492 934 526 974 §.
547 931 581 965 9.
629 932 726 966 Medi
745 937 861 966 autem
877 937 912 966 et
928 932 1082 965 Armenii
1100 942 1270 966 accessere
1290 932 1421 976 Libyes]
1445 933 1499 966 Ita
1521 931 1687 975 scriptum
1709 941 1770 964 ex-

402 994 470 1026 etat
491 991 528 1026 in
549 991 723 1027 nonnullis
745 992 844 1025 codd.
870 991 1054 1032 Glureani,
1079 1002 1147 1025 uno
1170 991 1352 1034 Ciaccon„
1384 991 1514 1026 Wassii
1536 993 1626 1035 Reg.
1659 990 1769 1025 Laud.

402 1051 437 1085 1.
467 1050 502 1087 2.
532 1051 693 1085 Arondel.
727 1051 771 1084 Β.
800 1050 904 1085 Publ.
936 1050 1078 1086 Balliol.
1096 1051 1252 1094 Reduci„
1274 1053 1442 1087 Commel.
1466 1051 1570 1086 Febr.
1593 1049 1628 1086 2.
1651 1050 1770 1085 δίων.

401 1120 449 1143 m.
483 1120 537 1153 pr.
570 1110 673 1144 Rem.
706 1109 739 1142 1.
771 1109 842 1144 Inc.
864 1109 899 1143 1.
923 1110 957 1143 2.
983 1110 1109 1144 Franc.
1133 1109 1227 1145 Vrat.
1252 1111 1285 1146 1.
1307 1111 1342 1145 3.
1365 1111 1511 1145 Eccard.
1537 1109 1654 1144 Gueff.
1677 1109 1711 1142 4.
1734 1108 1771 1144 7.

402 1168 458 1202 10.
489 1167 545 1202 11.
568 1168 625 1202 12.
648 1169 731 1204 Bas.
766 1167 799 1202 4.
822 1170 926 1203 Bern.
951 1170 985 1203 1.
1001 1194 1012 1211 ,
1034 1170 1154 1204 multis
1177 1171 1316 1214 Laida„
1339 1171 1442 1206 Misn.
1467 1175 1501 1205 et
1523 1169 1639 1202 Berol.
1664 1167 1697 1201 1.
1722 1179 1770 1203 ιιι.

401 1238 470 1262 sec.
501 1227 639 1262 Relicui
667 1229 799 1263 habent
829 1230 872 1263 M
881 1230 981 1263 edis
1015 1241 1050 1264 a.
1075 1234 1111 1264 et
1134 1231 1368 1265 Armeniis
1393 1242 1464 1266 acc.
1491 1229 1634 1272 Libyes,
1667 1228 1770 1272 qnod,

402 1298 510 1331 quum
540 1287 612 1322 iam
643 1288 835 1323 Glareanus
866 1300 988 1324 verum
1017 1289 1179 1332 vidisset,
1210 1293 1340 1325 temere
1363 1291 1409 1324 ab
1441 1289 1602 1324 omnibus
1631 1289 1770 1323 editori-

402 1349 468 1382 bus
498 1358 567 1383 nno
597 1348 717 1382 Fabro
749 1353 915 1392 excepto,
947 1349 984 1382 in
1016 1353 1110 1384 textu
1141 1359 1337 1394 expressum
1365 1349 1443 1383 fuit.
1488 1348 1579 1383 Num
1597 1348 1689 1392 quod
1711 1359 1771 1382 ac-

402 1419 531 1442 cessere
560 1407 829 1452 interpretantur
860 1410 1077 1450 coaluemmt,
1110 1409 1422 1453 consanguinitatis
1449 1409 1596 1451 foedere
1620 1420 1696 1442 cum
1728 1408 1771 1442 iis

403 1479 440 1502 se
469 1469 652 1502 iunxerunt
674 1467 727 1510 (v.
763 1468 930 1503 Gerlach.
964 1469 1169 1503 Commentt.
1192 1480 1227 1512 p.
1251 1468 1372 1512 2450,
1395 1467 1430 1502 id
1454 1469 1552 1502 nullo
1576 1469 1680 1502 niodo
1703 1468 1773 1502 hoc

402 1525 511 1559 verbo
532 1529 646 1569 potest
667 1526 884 1573 significari,
913 1532 948 1563 et
961 1553 972 1569 ,
995 1532 1036 1562 ut
1057 1531 1193 1572 posset,
1217 1539 1356 1572 prorsus
1377 1527 1528 1562 alienum
1555 1532 1628 1569 est,
1663 1538 1772 1571 quum

403 1588 524 1620 auctor
547 1585 588 1618 de
610 1588 754 1622 mutatis
771 1589 988 1622 advenarum
1004 1589 1140 1622 sedibus
1160 1589 1332 1631 loquatur.
1387 1586 1499 1631 Igitur
1521 1589 1554 1628 §.
1578 1587 1612 1620 4.
1635 1586 1672 1620 in
1695 1585 1773 1620 uni-

403 1657 541 1680 versum
564 1646 748 1681 nominatis
770 1648 952 1692 gentibus,
985 1659 1075 1692 quae
1103 1649 1140 1682 in
1163 1648 1318 1682 Africum
1339 1646 1564 1688 transierant,
1586 1645 1710 1680 deindo
1731 1646 1774 1680 de

404 1705 551 1750 singulis
574 1706 678 1748 dicit,
702 1717 744 1740 ac
766 1707 920 1750 primum
945 1708 1070 1742 Persas
1091 1712 1214 1742 narrat*
1235 1718 1278 1741 ex
1299 1706 1498 1751 regionibus
1521 1705 1697 1739 Oceanum
1719 1707 1773 1740 at-

406 1765 618 1810 tingentibus
649 1766 697 1800 ad
723 1767 787 1801 Ga
802 1769 952 1802 etulos
973 1779 1172 1814 progressos
1197 1778 1268 1802 esse
1286 1771 1320 1800 et
1343 1776 1424 1800 cum
1447 1764 1492 1798 iis
1513 1775 1551 1799 se
1572 1764 1772 1806 miscuisw3

406 1832 482 1861 tum
504 1827 547 1861 de
578 1828 693 1861 Medis
717 1829 751 1861 et
775 1828 946 1862 Armeniis
968 1839 1095 1873 agens,
1127 1829 1351 1872 hosquoque
1374 1825 1474 1859 (locet
1496 1835 1565 1859 non
1590 1825 1627 1859 in
1652 1825 1774 1868 primis

406 1887 544 1922 sedibus
577 1887 822 1931 permansisse,
853 1887 913 1921 sed
942 1887 987 1922 iis
1016 1888 1147 1922 relictis
1176 1889 1224 1922 ad
1263 1886 1429 1929 Libyes
1458 1885 1649 1918 accessisse.
1703 1884 1774 1928 Qui

406 1958 524 1983 sensus
553 1951 593 1981 ut
623 1946 768 1980 consilio
799 1946 953 1980 auctoris
985 1950 1018 1980 et
1050 1947 1153 1982 totius
1183 1946 1252 1980 loci
1286 1946 1425 1990 ingenio
1447 1944 1579 1988 optime
1600 1945 1773 1988 congruit,

406 2006 459 2041 ita
488 2006 595 2040 etiam
617 2010 790 2041 structura
819 2007 917 2040 verbi
947 2007 1110 2052 legitima
1142 2007 1412 2041 commendatur.
1466 2003 1652 2038 Sallustius
1681 2004 1774 2038 enim

408 2067 588 2107 accedere,
611 2066 673 2099 ubi
694 2067 787 2100 valet
809 2077 845 2100 se
865 2069 1017 2109 conferre
1040 2069 1088 2102 ad
1106 2069 1187 2112 aliq.
1208 2077 1342 2109 semper
1357 2074 1436 2098 cum
1457 2067 1604 2098 accusat.
1630 2063 1773 2097 coniun-

407 2126 480 2172 git3
504 2127 550 2160 cf.
573 2126 666 2159 infru
687 2126 776 2167 XX,
799 2125 835 2161 3.
859 2126 974 2171 LXII,
997 2128 1031 2162 1.
1055 2129 1187 2170 LXXI,
1210 2126 1244 2162 5.
1268 2124 1410 2165 XCVII,
1432 2122 1468 2159 3.
1491 2124 1642 2168 Vulgata
1656 2122 1774 2168 ‘igitur

407 2186 580 2230 scriptura.
594 2185 689 2219 vides
701 2196 817 2219 rerum
832 2185 999 2220 rationem
1014 2197 1153 2229 prorsus
1169 2186 1328 2228 perverti,
1346 2182 1444 2227 quasi
1465 2183 1560 2217 Meda·
1572 2187 1607 2218 et
1621 2183 1774 2218 Armenii

408 2233 545 2280 stabiles
563 2246 659 2280 sedes
672 2246 876 2288 habuerint,
900 2246 1028 2292 Libyes
1042 2252 1214 2292 vagantes
1228 2246 1273 2280 ab
1287 2244 1344 2278 his
1357 2243 1487 2287 recepti
1499 2242 1645 2285 fuerint,
1684 2243 1775 2286 quod

409 2307 512 2350 plane
527 2310 646 2340 contra
660 2306 737 2342 fuit.
753 2325 797 2331 —
809 2308 1000 2352 Agitabant
1014 2307 1262 2350 explicavimus
1278 2305 1322 2338 ad
1338 2304 1413 2338 Cat.
1429 2303 1562 2345 xxm,
1578 2302 1613 2339 3.
1627 2303 1720 2336 Cort.
1736 2303 1773 2336 h.

409 2367 435 2401 l.
454 2366 568 2400 adhuc
583 2369 807 2410 comparate.
822 2367 917 2409 XIX,
932 2366 966 2401 5.
982 2367 1174 2409 LXXXIX,
1189 2367 1222 2403 7.
1238 2365 1352 2400 Tacit.
1370 2364 1502 2398 Annall.
1519 2364 1547 2406 1,
1562 2363 1667 2404 5o,.1.
1680 2362 1776 2396 Addo

410 2427 495 2461 ibid.
527 2429 563 2469 1,
595 2427 661 2469 68,
691 2427 726 2460 1.
760 2427 826 2467 III,
862 2426 926 2468 19,
943 2428 977 2461 2.
999 2427 1068 2470 lv,
1090 2426 1156 2468 46,
1179 2427 1212 2461 1.
1236 2446 1281 2451 —
1303 2425 1411 2458 Falso
1432 2421 1657 2457 Kunhardtus
1680 2425 1715 2454 et
1737 2421 1774 2454 hi

411 2490 446 2522 et
470 2487 571 2531 hique
593 2488 637 2521 ad
662 2487 781 2520 Medos
802 2487 1023 2520 referendum
1044 2490 1153 2530 putet.
1178 2486 1301 2520 Priore
1323 2485 1414 2519 enim
1437 2483 1560 2526 Libyes
1583 2479 1774 2525 significari
1807 2504 1824 2518 ,

411 2558 454 2582 eo
477 2550 590 2591 patet,
609 2547 701 2590 quod
719 2549 840 2580 auctor
866 2547 1032 2580 Gaetulos
1053 2546 1097 2580 iis
1120 2546 1280 2591 opponit;
1305 2546 1364 2579 sed
1386 2541 1557 2589 posterius
1580 2541 1625 2575 ud
1649 2541 1773 2575 Medos

411 2611 447 2641 et
463 2607 640 2640 Armenios
653 2609 809 2650 spectare
833 2607 1011 2640 ostendunt
1033 2606 1208 2650 sequentia
1231 2605 1379 2640 divisi
1398 2623 1444 2628 —
1473 2613 1610 2636 nomeu·
1625 2612 1699 2635 eor
1709 2612 1774 2634 um

413 2665 535 2710 Libyes
565 2677 751 2710 corrupere.
806 2665 954 2701 Omnino
987 2667 1078 2701 enim
1100 2667 1282 2701 tenendum
1305 2668 1355 2699 est
1377 2667 1452 2698 tum
1473 2661 1678 2702 relativum,
1699 2663 1773 2694 tum

413 2725 683 2761 demonstrativa
710 2727 913 2769 pronomina
943 2739 1011 2762 non
1047 2727 1146 2761 unice
1175 2726 1220 2761 ad
1250 2724 1405 2769 proxime
1426 2731 1667 2767 praegressum
1691 2721 1773 2756 sub-
