1826 3276
403 202 487 242 288
771 196 816 239 e.
847 177 1410 253 SALLUSTI'cfflsm,

540 311 636 356 LII.
706 310 776 353 Eo
805 309 941 353 modo
952 309 1078 354 *inter
1101 325 1151 353 se
1187 309 1276 354 duo
1309 311 1610 371 imperatores,
1643 326 1763 358 sum-
1821 311 1826 316 ”

406 410 467 452 mi
504 407 595 461 viri,
632 405 871 459 certabant,
906 404 988 463 ipsi
1021 419 1166 463 pareS‚
1197 410 1392 449 ceterum
1425 383 1582 465 opibus
1616 407 1764 466 dispa.

373 499 550 548 21·ibus;
579 510 680 538 nam
700 494 903 557 ¹Metello
938 499 1070 543 virtus
1100 482 1286 543 militum
1315 505 1422 555 erat,
1450 500 1573 544 locus
1603 501 1765 563 advor—

409 607 494 647 sus,
528 589 768 650 Iugurthae
798 590 883 634 alia
917 593 1062 637 omnia
1094 601 1275 654 praeter
1306 595 1463 638 milites
1497 601 1765 654 opportuna.

372 686 612 743 3Denique
645 686 861 742 Romani,
907 689 982 732 ubi
1010 689 1276 749 intellegunt
1304 697 1450 748 neque
1494 689 1576 734 sibi
1612 688 1770 748 perfu-

406 782 532 841 gium
567 796 686 836 esse,
732 797 878 839 neque
919 783 976 826 ab
1017 784 1146 828 hoste
1186 785 1361 844 copiam
1398 783 1631 844 pugnandi
1673 783 1770 827 fieri

409 878 472 936 (et
499 877 587 920 iam
619 875 691 919 die
721 891 882 936 vesper
917 879 1048 938 erat),
1083 879 1273 924 advorso
1309 880 1435 936 colle,
1467 878 1594 923 sicuti
1630 893 1765 936 prae-

373 975 590 1031 4ceptum
622 971 781 1029 fuerat,
818 973 1019 1017 evadunt.
1088 974 1265 1018 Amisso
1299 975 1400 1018 loco
1428 973 1651 1019 Numidae
1685 972 1770 1016 fusi

406 1068 661 1128 fugatique3
700 1067 833 1126 pauci
861 1068 1080 1124 interiere,
1114 1070 1354 1139 plerosque
1383 1069 1591 1113 velocitas
1627 1073 1670 1111 et
1696 1080 1776 1111 re-'

373 1164 398 1205 5
411 1165 487 1224 gio
529 1162 730 1207 hostibus
773 1163 928 1222 ignara
963 1168 1101 1208 tutata
1138 1170 1259 1216 sunt.
1328 1163 1502 1207 Interea
1533 1161 1772 1218 Bomilcar,

495 1351 570 1385 LII.
595 1353 627 1393 §.
650 1350 733 1400 1,-
755 1348 788 1382 3.
837 1349 924 1392 ipsi]
956 1350 1035 1383 Vim
1070 1350 1174 1385 huius
1204 1349 1419 1395 pronominis
1448 1347 1647 1393 germanice
1677 1357 1771 1383 com-

406 1411 508 1446 mode
538 1410 634 1444 reddi
664 1419 763 1453 posse
790 1408 1003 1452 persentit-h,
1036 1410 1183 1444 diximus
1213 1411 1257 1444 ad
1281 1410 1384 1443 Catil.
1406 1409 1498 1449 LIX,
1520 1408 1555 1442 6.
1601 1408 1634 1441 Is
1655 1409 1772 1441 autem
1820 1409 1822 1412 ”

406 1482 525 1507 sensus
546 1468 749 1513 repetendus
772 1470 822 1501 est
845 1478 885 1500 ex
908 1478 949 1502 eo
972 1469 1184 1512 pronominis
1208 1481 1292 1512 usu,
1311 1479 1394 1512 ·quo
1416 1478 1472 1502 res
1497 1467 1618 1510 aliqua
1645 1466 1691 1501 ab
1713 1466 1770 1508 iis,

406 1542 496 1576 quae
528 1518 736 1564 extrinsecus
766 1526 800 1560 ei
822 1527 1007 1569 accedunt,
1039 1527 1193 1562 seiuncta
1208 1554 1219 1571 ,
1241 1530 1353 1575 qualis
1371 1540 1435 1574 per
1457 1540 1494 1563 se
1516 1531 1568 1561 est
1588 1529 1773 1570 spectatur.

407 1591 494 1624 Vide
517 1590 664 1634 Grysar.
687 1588 762 1621 Art.
786 1586 893 1621 latine
916 1587 1089 1621 scribendi
1111 1600 1146 1632 p.
1170 1587 1226 1624 54.
1255 1589 1335 1623 coll.
1359 1590 1511 1622 annotat.
1537 1587 1655 1620 nostra
1675 1575 1772 1619 anile.

407 1649 529 1691 LXVI,
552 1649 586 1682 4.
615 1666 657 1674 -
689 1647 846 1680 Ceterum
878 1646 1004 1689 explic.
1034 1648 1079 1681 ad
1110 1660 1140 1682 c.
1161 1649 1216 1689 11,
1242 1647 1276 1681 4.
1307 1667 1350 1672 —
1376 1647 1586 1691 Intellegunt
1606 1648 1716 1680 exstat
1736 1644 1774 1678 ἰιι

407 1710 489 1745 Seu.
514 1708 547 1742 1.
574 1704 691 1742 Guelf.
714 1707 748 1742 1.
770 1707 805 1740 2.
829 1706 970 1740 Eccard.
996 1727 1041 1732 —
1071 1708 1142 1743 Pro
1171 1707 1371 1753 perfugium
1393 1717 1520 1740 novem
1543 1705 1652 1740 Cottii
1673 1704 1772 1739 codd.

406 1767 631 1811 nonnullique
664 1765 726 1800 alii
754 1761 884 1800 habent
914 1768 1138 1813 profugium,
1163 1768 1253 1812 quod
1277 1766 1508 1801 damnandum
1530 1775 1604 1799 esse
1625 1763 1774 1798 diximus

407 1830 452 1864 ad
473 1828 574 1863 Catil.
597 1826 685 1868 LIV,
708 1825 743 1862 3.
765 1845 811 1851 —
844 1827 892 1860 Et
922 1830 1002 1860 ante
1026 1828 1097 1862 iam
1119 1840 1187 1862 non
1208 1827 1373 1872 simplicis
1395 1826 1540 1870 copulae
1566 1823 1603 1858 vi
1624 1823 1775 1868 positum

409 1888 476 1933 est,
500 1889 559 1923 sed
581 1887 685 1922 simul
708 1886 752 1920 ad
775 1885 831 1927 id,
854 1886 947 1929 quod
968 1887 1136 1930 sequitur,
1157 1889 1397 1932 explicandum
1419 1886 1532 1928 valet,
1556 1883 1600 1917 de
1618 1894 1687 1927 quo
1708 1895 1774 1917 usu

408 1960 443 1984 v.
467 1949 512 1983 ad
533 1948 608 2005 Cat<
631 1946 727 1987 xlx,
750 1945 784 1979 2.
800 1964 843 1971 --
868 1945 932 1980 Die
954 1949 1069 1980 tenent
1090 1946 1169 1983 Sen.
1187 1947 1222 1981 1.
1247 1948 1363 1982 Guelf.
1388 1948 1423 1982 1.
1445 1947 1514 1980 duo
1536 1943 1647 1986 Rivii,
1669 1943 1773 1977 Gom-
1825 1977 1826 1980 ,

408 2009 491 2043 mel.
515 2018 596 2042 cum
619 2007 729 2041 trihus
750 2007 895 2049 Palatt„
920 2017 1067 2050 quorum
1090 2007 1297 2042 auctoritate
1325 2007 1394 2042 ista
1414 2007 1531 2040 forma
1550 2003 1634 2038 satis
1655 2003 1774 2038 defen—

410 2068 523 2109 ditm-3
545 2067 591 2100 cf.
614 2067 658 2100 ad
682 2078 712 2100 c.
735 2067 838 2108 XXI,
862 2066 896 2101 2.
920 2066 1019 2102 SerV.
1043 2065 1089 2100 ad
1111 2066 1206 2111 Vir-g.
1232 2066 1361 2111 Georg.
1384 2066 1412 2108 Ι,
1425 2065 1505 2101 208.
1528 2065 1646 2099 Plaut.
1667 2054 1775 2098 Pseu-

411 2129 481 2162 dol.
500 2127 558 2169 IV,
580 2126 615 2168 ⁷,
636 2125 694 2161 59.
717 2145 761 2150 —
785 2120 939 2160 Adverso
961 2128 1044 2161 colle
1068 2114 1218 2162 evadunt
1241 2137 1451 2170 quamquam
1474 2115 1611 2160 Cottius
1633 2124 1679 2158 ad
1699 2134 1776 2158 seu-
1823 2140 1825 2144 ·

411 2191 603 2231 sumi-ecte
624 2186 870 2230 interpretatur
889 2187 931 2220 in
959 2188 1143 2222 advorsum
1174 2188 1291 2221 collem
1314 2187 1466 2221 evadunt
1489 2186 1513 2221 i.
1536 2197 1568 2219 e.
1590 2185 1774 2228 enituntur,
1824 2188 1826 2191 '

410 2253 528 2295 tamen
549 2247 677 2281 falsum
700 2249 751 2280 est
781 2246 873 2289 quod
905 2246 1072 2290 praecipit
1104 2249 1140 2281 et
1172 2246 1359 2281 Gerlachio
1388 2234 1492 2281 facile
1521 2244 1690 2290 pensuasit
1712 2245 1775 2278 ad-

412 2319 510 2342 vorso
533 2307 617 2341 colle
641 2305 810 2341 ablativos
832 2317 906 2341 esse
931 2307 1125 2348 absolutos,
1159 2307 1216 2341 cui
1236 2306 1420 2341 sententiae
1442 2306 1559 2341 omnia
1581 2309 1776 2350 repugnant

413 2367 572 2411 exempla
594 2366 639 2400 ab
660 2369 807 2411 utroque
829 2367 949 2402 allate.
995 2365 1118 2410 Quivis
1140 2365 1231 2400 enim
1260 2366 1401 2411 linguae
1433 2365 1562 2409 penitus
1583 2365 1678 2404 videt
1698 2364 1774 2399 vul-

412 2438 536 2473 garem
557 2426 706 2476 ablativi
729 2430 953 2471 potestatem,
976 2437 1045 2470 qua
1067 2427 1158 2460 locus
1181 2425 1399 2470 designatur,
1421 2424 1483 2459 hic
1502 2423 1646 2468 haberi,
1666 2435 1778 2468 neque

415 2488 589 2521 diversam
611 2498 686 2521 esse
707 2487 797 2522 hanc
818 2490 1029 2522 structuram
1053 2497 1074 2520 a
1093 2484 1324 2520 locutionibus
1355 2485 1473 2520 trita
1502 2485 1577 2518 eia
1608 2485 1776 2525 incedere,

415 2548 474 2582 vel
495 2552 638 2581 monte
672 2554 836 2591 aspero
859 2547 1059 2588 decurrere,
1089 2545 1125 2579 in
1147 2545 1272 2590 quibus
1302 2555 1422 2585 nemo,
1455 2542 1523 2580 nisi
1544 2544 1634 2579 forte
1657 2544 1778 2578 Gerla-

416 2606 515 2641 ehius
524 2632 547 2658 ‚p
557 2605 727 2641 ablativos
751 2607 930 2642 absolutos
950 2609 1123 2651 agnoscet.

510 2695 544 2736 §-
565 2693 588 2727 4
604 2715 648 2721 —-
669 2693 704 2728 6.
753 2695 876 2729 amisso
907 2693 1003 2738 loco]
1036 2694 1089 2727 De
1113 2692 1171 2727 his
1203 2691 1318 2727 verbis
1346 2702 1381 2726 V.
1410 2691 1455 2725 ad
1477 2690 1581 2727 Catil.
1600 2690 1664 2732 lx,
1684 2687 1719 2722 4.
1743 2701 1778 2732 p.

398 2752 476 2788 ww.
500 2754 577 2799 lug.
600 2753 720 2797 (11.4.
746 2754 862 2792 Tacit.
885 2754 971 2788 Anu.
993 2754 1031 2794 1,
1053 2753 1110 2789 63.
1132 2753 1200 2796 lv,
1224 2751 1282 2786 4⁷.
1305 2771 1349 2776 —
1372 2752 1507 2796 lgnara
1531 2751 1553 2785 i.
1577 2761 1614 2784 e.>
1630 2750 1779 2794 ignotam
