1826 3276
394 193 478 234 468
756 186 799 229 c.
830 170 1155 227 SALLUSTi
1184 182 1397 227 emsm

396 304 468 348 cul
497 305 660 354 essent,
694 303 842 342 tamen
870 297 1009 341 omnis
1048 297 1188 341 bonos
1220 298 1488 358 reipublicae
1523 299 1751 345 subvenire

332 401 385 443 49
397 398 595 443 decebat.
672 392 848 437 Etenim
897 392 1072 461 igne-via
1124 407 1256 436 nemo
1302 393 1556 438 immortalis
1599 395 1754 450 factus,

396 505 540 549 neque
585 487 817 546 quisquam
868 501 1030 546 parens
1080 487 1228 531 liberis
1281 488 1369 531 uti'
1397 488 1563 532 aeterni
1611 488 1755 532 forent

399 584 591 646 optavit3
626 582 783 643 magis,
817 581 890 625 uti·
911 581 1018 625 boni
1050 581 1314 640 honestique
1347 583 1479 626 vitam
1517 583 1758 643 exigerent.

335 684 390 726 50
402 680 537 724 Plura
578 677 798 736 dicerem,
843 676 1061 732 Quirites,
1107 677 1140 721 si
1180 676 1340 722 timidis
1380 672 1583 723 virtutem
1625 679 1761 722 verba

401 773 641 826 adderent3
675 787 779 816 nam
814 771 998 815 strenuis
1033 771 1210 816 abunde
1240 769 1415 817 dictum>
1438 778 1562 833 puto.

536 867 783 913 LXXXVI.
852 866 1171 913 Huiuscemodi
1218 868 1415 934 oratione
1463 867 1613 912 habita
1658 866 1763 910 Ma-

402 966 490 1009 rius
505 960 521 1021 ,‘
560 969 798 1025 postquam
842 961 986 1022 plebis
1031 963 1197 1008 animos
1241 942 1435 1026 arrectos
1474 948 1619 1021 videt,
1653 976 1763 1022 pro-

404 1137 434 1160 c.
458 1124 527 1167 25,
548 1123 606 1160 78.
655 1124 799 1158 Roscius
832 1124 876 1157 si
906 1123 995 1158 nihil
1025 1124 1175 1166 diceret,
1204 1123 1313 1159 tacito
1346 1122 1420 1166 ipso
1453 1123 1563 1166 officio
1592 1126 1628 1158 et
1655 1122 1767 1157 studio

404 1186 557 1230 quemvis
581 1187 812 1218 commoveret.
839 1182 979 1217 Terent.
1002 1183 1090 1220 Eun.
1112 1184 1140 1226 1,
1163 1183 1198 1226 1,
1220 1183 1255 1217 4.
1300 1181 1479 1217 Redeam?
1510 1182 1615 1224 Non,
1645 1183 1684 1216 εἰ
1714 1193 1769 1217 me

349 1255 356 1261 ·
405 1244 582 1278 obsescret.
605 1243 652 1276 cf.
674 1242 858 1276 Ruhnken.
879 1242 923 1276 ed
946 1243 1117 1278 Heauton.
1141 1243 1183 1284 V,
1205 1242 1239 1285 4,
1263 1241 1320 1276 13.
1342 1241 1600 1276 Drakenborch.
1628 1241 1673 1276 ad
1694 1241 1769 1276 Liv.

404 1303 569 1344 XXXIII,
592 1302 652 1343 49,
673 1302 708 1336 3.
735 1301 954 1346 Oudendorp.
989 1303 1033 1338 ad
1064 1303 1162 1337 Auct.
1187 1303 1230 1336 B.
1263 1302 1448 1350 Alexandr.
1471 1312 1502 1338 c.
1523 1301 1593 1344 ΙΝ,
1615 1299 1650 1338 5.
1666 1300 1771 1345 ‘Gry-

405 1374 475 1402 sar.
498 1364 574 1396 Art.
598 1361 720 1396 Latine
743 1360 914 1395 scribendi
936 1373 971 1404 p.
993 1361 1290 1396 589.—Decebat
1312 1362 1442 1405 legitur
1465 1360 1500 1394 in
1523 1361 1598 1395 Vnt.
1621 1361 1663 1395 A.
1686 1361 1772 1394 duo-

409 1422 474 1456 bus
493 1421 620 1462 Rivii,
644 1421 758 1456 Max-k.
783 1424 838 1463 A„
871 1421 1001 1455 Palatt.
1025 1420 1059 1454 3.
1082 1420 1116 1454 4.
1141 1420 1175 1454 7.
1207 1421 1289 1455 Bas.
1315 1420 1350 1455 1.
1373 1419 1470 1454 Leid.
1494 1420 1535 1454 L.
1558 1420 1602 1454 1).
1626 1420 1671 1454 G.
1695 1420 1770 1454 Vin.

411 1482 447 1516 1.
471 1480 583 1517 Paris.
605 1480 641 1516 b.
663 1492 694 1516 c.
717 1491 752 1516 x.
775 1492 806 1516 z.
831 1484 866 1516 et
893 1481 1010 1516 Berol.
1032 1479 1066 1513 2.
1114 1480 1168 1515 Ex
1191 1479 1316 1514 ceteris
1338 1479 1493 1523 plerique
1514 1480 1644 1514 habent
1665 1480 1772 1520 decet,

407 1541 512 1586 pauci
542 1541 678 1576 deceret
691 1566 702 1582 ,
734 1543 920 1584 utrumque
950 1550 993 1573 ex
1023 1538 1299 1582 interpolatione.
1354 1538 1445 1573 Nam
1467 1538 1603 1573 scribae
1632 1538 1774 1584 ignora-

407 1602 491 1635 bant
513 1600 549 1634 in
571 1599 808 1634 enunciatione
839 1597 1066 1633 condicionali
1090 1598 1255 1641 epodosin
1284 1597 1481 1642 imperfecti
1510 1597 1696 1633 indicativo
1721 1599 1773 1632 ef-

407 1661 514 1702 ferri,
533 1660 564 1694 si
587 1659 642 1700 id,
666 1659 756 1702 qnod
779 1670 822 1692 ex
853 1657 1031 1702 proposita
1053 1657 1253 1693 condicione
1275 1658 1419 1702 pendet.
1449 1668 1519 1691 non
1540 1657 1681 1700 incerti,
1714 1658 1772 1692 sed

407 1718 590 1755 certissimi
613 1730 655 1753 nc
676 1718 860 1752 necessarii
881 1720 1022 1751 eventus
1035 1727 1110 1751 esse
1129 1717 1302 1752 asseritur.
1326 1718 1372 1751 cf.
1394 1718 1602 1753 Ramshorn.
1617 1718 1773 1755 Grumm.

409 1782 485 1817 Lat.
519 1783 553 1823 ἓ.
579 1779 659 1813 190.
683 1780 711 1822 1,
735 1778 769 1821 3,
794 1790 826 1814 c.
859 1790 894 1822 p.
917 1775 998 1812 585.
1030 1776 1086 1812 ed.
1108 1777 1148 1819 1.‚
1172 1788 1213 1811 ex
1246 1778 1344 1813 cuius
1366 1777 1531 1822 exemplis
1553 1777 1641 1812 haec
1663 1781 1774 1812 trans-

409 1840 619 1875 scribemus:
650 1837 723 1872 cic.
751 1848 785 1880 p.
808 1837 832 1873 1.
866 1836 988 1871 Manu.
1021 1847 1052 1870 υ.
1075 1836 1131 1878 17,
1156 1836 1213 1872 50.
1263 1839 1392 1881 Quodsi
1424 1828 1557 1872 Romae
1586 1837 1646 1871 cf..
1671 1837 1773 1871 Pom-

407 1895 515 1946 peius
538 1901 697 1945 privatus
727 1902 857 1931 esset
887 1897 949 1932 hoc
980 1901 1155 1941 tempore,
1197 1902 1315 1933 tamen
1346 1899 1393 1933 ad
1424 1902 1560 1933 tantum
1588 1897 1712 1932 bellum
1744 1897 1775 1931 is

411 1965 512 1996 erat
547 1958 751 2005 deligendus
775 1962 880 2002 atque
903 1957 1110 1999 mittendus,
1136 1958 1179 1992 ad
1202 1969 1235 2000 q.
1259 1958 1284 1992 Ι.
1308 1958 1408 2002 plura
1429 1957 1545 1992 attulit
1566 1957 1659 2002 Aug.
1681 1959 1774 1992 Mat-

411 2021 513 2055 thias.
538 2019 654 2055 Tacit.
678 2017 771 2052 Hist.
795 2018 823 2060 Ι,
845 2016 903 2059 16,
925 2017 959 2051 1.
992 2018 1142 2052 Etiamsi
1163 2017 1362 2051 immensum
1385 2017 1520 2061 imperii
1539 2027 1660 2061 eorpus
1682 2022 1775 2051 stare
1795 2054 1798 2062 ¹

412 2092 454 2115 nc
477 2080 597 2114 librari
619 2080 692 2113 sine
714 2082 844 2112 rectore
862 2089 919 2122 po
933 2082 1046 2119 sset,
1075 2077 1203 2123 dignus
1237 2087 1354 2110 eram
1387 2076 1521 2120 (Galla
1547 2077 1728 2121 loquitur)
1751 2088 1774 2110 a

412 2152 478 2184 quo
498 2139 643 2184 respubl.
666 2139 840 2182 inciperet.
865 2148 901 2171 v.
929 2136 1143 2172 Boetticheri
1170 2137 1252 2171 Lex.
1277 2135 1392 2169 Tacit.
1415 2145 1450 2169 v.
1474 2136 1616 2172 indicat.
1637 2149 1672 2185 p.
1695 2135 1774 2172 255.

412 2198 447 2241 3,
471 2209 503 2235 a.
525 2220 570 2226 —
594 2199 693 2242 Quae
723 2201 911 2242 sequuntur
936 2197 1046 2233 verba
1071 2196 1102 2230 si
1129 2207 1266 2230 sensum
1297 2198 1429 2239 spectes
1460 2207 1502 2230 ex
1523 2196 1679 2231 Platonis
1700 2197 1774 2230 Me-

412 2269 542 2293 nexeno
576 2266 734 2302 expressa
765 2256 876 2290 videri
906 2256 977 2291 iam
1007 2246 1204 2290 observavit
1226 2256 1267 2289 A.
1290 2254 1489 2297 Manutins3
1512 2266 1594 2291 nam
1615 2254 1665 2290 ibi
1688 2256 1776 2290 haee

412 2319 575 2363 leguntur
605 2329 636 2352 e.
658 2317 721 2351 20:
757 2313 805 2351 ου’
835 2315 904 2361 γὰρ
934 2313 1151 2356 ἀθανάτους
1184 2315 1289 2360 σφίσι
1319 2316 1458 2358 παῖδας
1486 2314 1653 2360 εὔχονται
1680 2314 1778 2359 γενέ-

415 2378 527 2419 σθαι,
551 2374 624 2412 ἀλλ’
650 2374 820 2421 ἆγαθοῦς
851 2375 914 2412 καὶ
937 2373 1109 2416 εὐκλεεῖς,
1140 2386 1229 2418 quae
1250 2387 1332 2411 sane
1353 2381 1433 2411 sunt
1463 2376 1588 2410 nostris
1608 2375 1710 2410 valde
1732 2375 1778 2409 si-

414 2436 526 2470 milia.
550 2453 595 2462 -
619 2437 821 2481 Exigere
851 2436 961 2470 vitam
991 2434 1241 2479 explicavimus
1267 2437 1313 2471 ad
1344 2448 1374 2472 e.
1398 2436 1492 2478 xlv,
1516 2433 1572 2469 15.
1598 2453 1641 2460 -
1663 2434 1778 2468 Verba

415 2496 446 2529 si
467 2497 600 2531 timidis
621 2497 782 2530 virtutem
805 2497 911 2530 verba
934 2496 1100 2531 adderent
1123 2507 1192 2530 non
1218 2497 1369 2532 multum
1393 2495 1558 2530 differunt
1578 2494 1624 2529 ab
1646 2494 1776 2529 oratio-

416 2566 460 2590 ne
483 2555 651 2589 Catilinae
673 2566 703 2589 c.
726 2556 847 2598 LVIII,
867 2555 900 2592 1.
967 2563 969 2567 ’

506 2615 691 2650 LXXXVI.
713 2616 744 2656 §-
775 2615 808 2651 1.
855 2618 1026 2661 arrectos]
1059 2616 1135 2651 Non
1167 2617 1259 2652 male
1290 2616 1427 2651 Cortius
1456 2614 1561 2650 huius
1582 2614 1676 2648 vocis
1705 2612 1776 2647 vim

414 2674 522 2707 refert
544 2674 588 2708 ad
609 2674 754 2709 tacitam
782 2676 1029 2719 cogitationem
1059 2677 1137 2711 belli
1144 2689 1158 2718 ‚-
1191 2689 1224 2710 v.
1255 2688 1342 2721 quae
1365 2674 1606 2710 annotavimus
1634 2673 1679 2708 nd
1701 2673 1775 2706 Cet.

418 2733 578 2775 XXXIX,
602 2734 635 2768 3.
663 2737 698 2768 et
717 2734 761 2770 ad
783 2735 862 2780 Ing.
881 2736 1009 2778 XXIII,
1033 2737 1066 2772 1.
1091 2748 1126 2780 p.
1147 2736 1226 2771 141.
1253 2756 1291 2762 -
1319 2737 1389 2771 Pro
1411 2735 1590 2779 aliisque,
1614 2737 1652 2768 ut
1674 2742 1774 2767 omne
