1826 3276
462 187 828 232 IUGURTHA.
889 186 1124 230 GAP-111.
1446 190 1500 229 Ῐῒ

93 324 234 371 quum
277 307 544 369 praesertim
588 322 745 351 omnes
790 320 943 349 rerum
986 304 1255 350 mutationes
1292 302 1499 362 caedem,

92 408 254 469 fugam
289 407 466 466 aliaque
496 405 679 450 hostilia
703 403 1002 465 portendant3
1038 401 1203 448 frustra
1231 406 1382 445 autem
1406 401 1535 459 niti‚3

91 541 126 576 p.
151 529 233 565 238.
257 529 302 564 ad
326 528 428 564 Finn.
452 528 515 570 111,
539 527 598 570 15,
621 525 678 561 48.
703 539 737 572 p.
762 525 845 562 375.
880 528 916 561 et
939 524 975 560 in
999 525 1116 559 Iahnii
1144 525 1284 559 Annali.
1308 524 1443 560 Philol.
1466 530 1503 560 et

90 592 247 637 Paedag.
276 601 310 626 a.
333 589 438 625 1826.
465 590 495 631 1,
518 589 552 623 2²...
577 601 610 634 p.
636 588 718 623 322.
767 586 942 621 Matthiae
975 586 1020 620 ad
1056 597 1107 620 or.
1142 598 1177 631 p.
1201 586 1298 621 Mur.
1322 599 1353 621 c.
1380 588 1416 632 9,
1442 588 1502 624 20.

90 653 230 689 Bremii
252 653 299 687 ad
323 652 411 695 Nep.
435 649 540 684 Attio.
562 660 593 682 c.
618 648 714 691 XIII,
739 647 774 682 6.
822 647 1027 682 Frotscheri
1059 649 1103 681 ad
1137 648 1288 692 Quintil.
1312 651 1358 689 X,
1382 649 1418 691 2,
1441 649 1500 684 21.

92 727 126 761 p.
149 715 230 750 129.
275 714 374 748 Bene
408 714 527 745 tamen
561 709 700 743 monuit
722 708 918 743 Ellendtius
940 709 965 744 1.
990 709 1016 743 I.
1042 720 1125 742 cum
1149 709 1206 743 his
1229 716 1347 745 rectae
1371 711 1502 746 oratio-

92 777 146 812 nis
169 773 337 819 exemplis
359 782 430 806 non
453 770 698 805 confundenda
721 781 818 811 esse,
852 769 890 803 in
921 764 1050 813 quibus
1081 769 1325 805 coniunctivus
1357 783 1378 806 a
1401 774 1502 818 cogi·
1540 791 1541 794 κ

93 837 224 874 tatione
255 834 400 871 alterius
435 833 594 877 pendeat.
643 832 688 865 οἱ.
713 830 823 865 etiam
848 829 932 865 Otto
957 831 1002 865 ad
1028 830 1100 867 Cic.
1123 830 1166 865 de
1189 831 1295 866 Finn.
1319 834 1380 875 III,
1405 833 1441 875 2,
1467 834 1500 868 5.

91 902 128 934 et
147 897 324 944 imprimis
346 895 391 931 ad
414 895 474 937 111,
499 894 558 937 21,
582 893 641 929 7⁰.
666 904 700 937 p.
720 892 802 926 2⁴2.
828 891 888 926 ubi
914 891 1008 926 hunc
1033 903 1136 926 usum
1155 904 1326 937 perquam
1349 895 1502 940 diligen-

91 964 145 995 ter
166 957 376 999 illustravit,
400 960 435 990 et
459 966 585 1001 parum
609 958 793 990 accuratas
816 952 1136 999 grammaticorum
1160 955 1347 991 sententias
1369 957 1502 991 exami-

90 1019 189 1068 navit
208 1022 245 1054 et
268 1017 470 1065 castigavit.

115 1071 118 1074 Δ
181 1081 312 1116 delicta
336 1079 520 1126 corrigas]
549 1078 687 1113 Delicta
712 1075 871 1121 plerique
891 1075 1166 1121 interpretantur
1179 1083 1326 1123 peccata
1342 1080 1503 1124 propria,

90 1141 166 1178 sive
189 1143 235 1177 ab
259 1141 303 1178 iis
324 1141 410 1187 ipsis
434 1139 647 1182 commissa,
681 1139 741 1184 qui
774 1149 817 1172 ea
849 1150 970 1173 rursus
994 1138 1173 1183 corrigere
1200 1139 1382 1183 dicuntur,
1414 1141 1503 1176 Cae-

91 1214 278 1247 saremque
301 1203 455 1238 maxime
483 1200 678 1248 significari
701 1199 771 1234 sibi
795 1199 1014 1244 persuadent.
1063 1198 1134 1233 Sed
1160 1212 1201 1234 ex
1225 1200 1289 1244 iis,
1322 1213 1412 1247 quae
1444 1215 1504 1238 su-

91 1276 157 1310 pra
180 1265 223 1299 de
246 1265 354 1300 totius
376 1264 446 1299 Ioci
471 1262 642 1298 sententia
673 1261 813 1306 monui,
848 1264 946 1306 patet
978 1261 1109 1296 delicta
1132 1261 1169 1295 in
1192 1263 1395 1299 universum
1430 1276 1506 1299 esse

64 1322 67 1325 ’
92 1338 126 1360 m
137 1338 160 1359 a
171 1326 183 1359 l
193 1337 216 1360 a
227 1351 238 1368 ‚
273 1326 320 1360 in
354 1338 373 1360 r
383 1337 432 1371 ep
445 1338 468 1359 u
478 1325 496 1359 b
508 1326 519 1359 1
529 1325 542 1359 i
552 1337 569 1358 c
580 1336 603 1358 a
637 1336 678 1359 ex
703 1323 813 1359 turbis
824 1348 835 1365 ‚
870 1323 1098 1357 seditionibus
1132 1329 1167 1358 et
1194 1326 1504 1370 proscriptionibus

94 1394 211 1424 orta.
259 1388 397 1423 Pariter
419 1387 547 1422 Noster
569 1386 745 1421 vocabulo
770 1384 932 1419 absolute
954 1395 1039 1418 usus
1063 1387 1115 1419 est
1139 1385 1243 1421 Catil.
1266 1387 1327 1430 111,
1347 1387 1382 1422 2.
1412 1389 1504 1434 quae

93 1451 241 1487 delict
255 1462 278 1484 a
299 1449 577 1496 reprehenderis.
606 1468 652 1474 —
686 1448 925 1492 Importunum
950 1445 1148 1480 Muellerus
1171 1447 1324 1492 explicat
1347 1460 1504 1495 saevum,

94 1512 250 1556 crudele,
289 1511 383 1556 quod
416 1512 548 1546 falsum
581 1521 658 1545 esse
689 1507 888 1553 sequentia,
921 1507 982 1542 ubi
1014 1509 1158 1551 caedes,
1197 1512 1315 1556 suga,
1361 1513 1505 1558 aliaque

95 1574 237 1608 hostilia
268 1577 528 1615 memorantur,
574 1571 778 1613 ostendunt3
821 1581 906 1604 nam
939 1581 1048 1614 quum
1084 1571 1267 1615 particulis
1295 1576 1506 1618 praesertim

96 1647 200 1681 quum
223 1635 332 1680 priori
358 1646 504 1670 caussae
527 1645 621 1669 nova
643 1633 820 1678 quaedam
844 1632 1016 1675 addatur,
1047 1632 1108 1678 (v.
1133 1637 1252 1668 notata
1275 1635 1321 1669 ad
1345 1636 1449 1671 Catil.
1474 1648 1505 1671 c.

97 1697 157 1740 LI,
179 1697 238 1731 19.
263 1708 297 1741 p.
320 1695 430 1741 248.)
444 1695 613 1740 ‚sequitur
636 1695 674 1729 in
697 1693 908 1740 antegressis
932 1693 976 1727 de
1000 1692 1074 1728 alia
1096 1705 1159 1737 re,
1183 1706 1290 1739 quarn
1315 1697 1359 1731 dc
1381 1698 1507 1732 crude-

99 1757 198 1792 litate
222 1757 356 1797 dictum
381 1769 456 1792 esse
479 1758 617 1791 debere.
665 1756 854 1800 Aliquanto
878 1753 1017 1797 melius,
1038 1766 1151 1799 neque
1174 1760 1294 1792 tamen
1317 1770 1402 1793 vere
1420 1760 1509 1794 Cor·

99 1817 168 1853 tius
192 1818 440 1863 interpretatur
464 1819 620 1853 alienum
646 1822 681 1852 et
705 1829 775 1850 non
793 1815 996 1850 conveniens
1017 1828 1094 1850 cum
1115 1829 1197 1851 vero
1215 1821 1364 1864 regendi
1382 1821 1508 1862 modo,-

98 1891 166 1915 non
188 1880 282 1914 enim
307 1881 351 1915 ad
374 1881 642 1927 rempublicam,
679 1878 741 1914 sed
778 1878 824 1912 ad
844 1888 1030 1922 personam
1061 1878 1134 1912 eius
1162 1878 1222 1923 qui
1254 1880 1290 1914 vi
1314 1885 1417 1927 regat
1441 1894 1506 1927 pa-

98 1941 204 1979 triam
228 1941 405 1987 pertinere
427 1942 664 1987 importunum
687 1939 788 1974 docet
812 1939 985 1983 appositio
1017 1952 1050 1985 q.
1082 1941 1219 1985 possis
1254 1946 1289 1976 et
1312 1944 1506 1989 corrigas.

98 2001 285 2048 Significat
308 2007 428 2037 autem
448 2004 642 2048 periculum
661 2007 696 2037 et
716 2001 911 2035 molestiam
934 2001 1059 2044 habet,
1091 2014 1200 2046 quum
1224 2003 1367 2047 proprie
1387 2004 1433 2039 sit
1456 2005 1505 2049 id,

98 2064 190 2109 quod
216 2064 275 2098 vel
298 2065 436 2099 nullum
458 2065 517 2099 vel
540 2065 678 2100 malum
700 2066 840 2109 portum
865 2062 1016 2105 habeat,
1048 2073 1161 2108 eoque
1192 2063 1416 2100 incommodo
1439 2067 1507 2101 ali-

99 2137 168 2170 quo
192 2125 342 2161 laboret.
390 2127 507 2172 Prope
530 2126 642 2173 igitur
664 2124 803 2160 accedit
826 2114 955 2170 Langii
978 2124 1188 2169 explicatio,
1214 2127 1313 2161 nobis
1332 2129 1506 2173 periculo-

99 2199 175 2222 sum
198 2187 346 2233 aliisque
363 2188 567 2229 molestum
590 2188 650 2223 sed
675 2188 755 2222 aliis
778 2197 962 2231 perperam
985 2185 1126 2228 intulit,
1149 2198 1258 2231 quum
1283 2200 1325 2223 ea
1352 2190 1507 2231 demum,

99 2259 191 2293 quae
214 2252 426 2294 sequuntur,
451 2249 498 2284 ad
519 2249 610 2284 alios
632 2249 842 2294 pertineant.
876 2268 919 2274 -—
955 2248 1165 2283 Portendere
1187 2249 1226 2286 h.
1250 2250 1275 2285 1.
1298 2253 1508 2297 praegnanti

99 2320 204 2345 sensu
233 2313 286 2344 est
317 2320 386 2344 nou
417 2311 532 2345 solum
556 2310 731 2354 indicare,
767 2311 828 2346 sed
853 2309 954 2355 quasi
977 2322 1097 2345 secum
1123 2311 1239 2354 ferre,
1270 2315 1332 2347 aut
1355 2313 1509 2348 certissi-

91 2366 198 2404 ‘mum
221 2373 387 2404 eventum
411 2370 633 2406 annunciare.

192 2433 225 2475 §-
249 2431 285 2466 3.
327 2434 469 2477 frustra
499 2437 616 2468 autem
647 2433 734 2478 uiti]
771 2432 921 2467 Sensum
953 2418 1083 2467 horum
1108 2434 1298 2467 verborum
1321 2445 1390 2468 non
1414 2446 1508 2470 asse-

101 2496 201 2528 cutus
223 2493 363 2528 videtur
387 2493 600 2537 Muellerus,
624 2494 685 2539 qui
708 2495 878 2539 explicat:
909 2505 1019 2539 quum
1043 2504 1170 2537 parum
1195 2494 1327 2530 habeas
1352 2498 1510 2532 auctori-

100 2554 182 2590 tatis
212 2557 247 2589 et
276 2548 449 2597 virium‘s
463 2559 584 2590 tamen
612 2561 733 2600 petere
763 2555 959 2600 imperium.
1007 2555 1119 2588 Recte
1150 2567 1235 2591 vero
1267 2558 1406 2593 Cortius
1438 2561 1508 2596 niti

100 2616 263 2652 absolute
285 2615 439 2660 positum
463 2617 508 2651 ad
532 2621 738 2662 antegressa
767 2629 892 2663 regere
916 2622 951 2651 et
974 2616 1150 2661 corrigere
1179 2618 1402 2654 referendum
1426 2633 1507 2656 cen-

101 2682 172 2719 set,
205 2678 453 2723 interpretatus
475 2679 535 2713 ubi
558 2691 627 2713 non
650 2679 772 2712 valeas
796 2678 845 2712 ad
869 2690 981 2712 mores
1003 2678 1156 2723 publicos
1176 2691 1258 2724 per
1279 2682 1365 2716 vim
1401 2683 1450 2727 (i.
1475 2695 1505 2719 e.

101 2739 288 2775 obnitendo
317 2739 362 2774 iis
394 2739 455 2784 qui
483 2740 745 2785 rempublicam
776 2739 930 2784 vexant)
970 2740 1294 2777 emendandos.
1344 2744 1389 2778 cf.
1417 2756 1508 2788 quae

103 2801 255 2837 diximus
285 2801 330 2836 ad
361 2803 394 2845 §.
428 2801 461 2835 1.
508 2801 607 2837 Idem
637 2802 713 2837 fere
747 2801 850 2837 sentit
882 2800 1016 2837 Seneca
1047 2801 1091 2835 de
1123 2802 1197 2837 otio
1225 2803 1310 2848 Sap.
1337 2816 1366 2838 c.
1391 2806 1506 2839 XXX.

171 2875 227 2919 ΙΙ.
1193 2876 1224 2920 2
