1826 3276
421 150 787 202 IU'GURTHA.
812 131 814 134 ’
848 155 976 200 GAP.
1005 156 1257 209 Lxxxw.
1443 163 1529 206 437

133 277 267 339 gulos
302 275 470 334 modo,
508 274 647 320 modo
682 274 913 319 univorsos
947 273 1155 329 laedere;
1189 272 1392 320 dictitare
1427 291 1526 322 sese

132 373 414 420 consulatum
465 388 521 420 ex
554 372 679 418 victis
724 370 808 416 illis
849 371 994 432 spolia
1029 371 1224 433 cepisse3
1265 372 1352 418 alia
1385 388 1523 434 prae-

130 523 228 559 Plebs
262 523 326 559 Gn.
351 524 508 559 Cornelio
533 523 734 558 Lentulo
758 527 795 558 et
826 522 868 558 L.
894 522 1122 557 Stertinio
1144 533 1209 567 pro
1231 524 1422 560 consulibus
1445 525 1523 561 im-

122 585 302 630 perium
335 595 432 619 esee
463 584 617 618 iussit.
642 583 705 624 lx,
728 580 788 624 45,
806 581 841 616 8.
892 582 1046 627 Populus
1069 582 1172 617 Rom.
1203 584 1367 619 bellum
1399 587 1523 630 fieri

62 640 65 644 ’
99 634 103 639 ¹
125 645 294 691 Aequis
325 644 477 679 iussit.
525 643 597 677 Sed
629 643 708 686 quis
741 654 809 676 non
833 642 946 684 videt,
971 643 1008 677 in
1031 642 1088 676 his
1112 643 1280 687 exemplis
1303 645 1421 681 iubere
1444 647 1519 682 vim

70 740 75 745 ,
103 706 254 740 'habere
287 705 389 740 verbi
427 705 521 750 quod
561 703 684 739 dicunt
717 702 952 738 declarandi?
998 703 1103 748 Quod
1135 716 1243 748 quum
1273 706 1434 750 legitime
1464 704 1531 743 se?

120 769 248 810 quatur
270 765 493 801 accusativus
515 777 597 800 cum
621 763 795 799 infinitivo
809 789 818 806 ,
845 763 986 799 dativus
1007 765 1074 800 rite
1097 766 1224 809 pendet
1246 777 1288 799 ex
1308 766 1378 801 hoc
1401 767 1518 804 inlini-

121 827 216 869 tivo,
239 838 309 862 non
331 838 374 862 ex
404 828 535 863 iubere.
581 827 711 862 Contra
734 825 800 859 illa
823 824 1006 869 superiora
1028 824 1079 860 ita
1103 830 1182 862 sunt
1213 831 1440 871 comparata,
1478 834 1518 866 ut

121 889 240 924 iubere
262 891 432 933 potestate
454 888 634 924 transitivi
654 886 754 921 verbi
781 886 980 930 simplicem
1003 886 1242 922 accusativum
1266 888 1395 924 obiecti
1415 895 1517 936 regat

118 953 155 984 et
176 949 284 985 simul
308 961 380 995 qua
411 948 549 984 ratione
580 948 636 990 id,
669 946 1016 993 quodenunciatur,
1051 948 1096 982 ad
1120 959 1305 993 personam
1329 951 1515 995 pertineat,

115 1009 235 1046 addito
257 1011 398 1056 dativo,
422 1010 622 1046 remotioris
645 1009 774 1044 obiecti
797 1019 904 1051 casu,
928 1008 1100 1054 designet.
1147 1010 1266 1053 Quare
1288 1022 1396 1054 quum
1414 1016 1516 1048 utra-

114 1081 184 1116 que
213 1074 391 1107 structura
424 1083 504 1106 cum
533 1070 679 1106 Latinae
710 1071 853 1116 linguae
877 1069 1247 1116 legibus-conveniat,
1278 1070 1514 1108 inconsultum

113 1135 167 1167 ost
187 1132 336 1168 alteram
361 1133 408 1168 ad
431 1143 597 1177 normam·
616 1131 761 1167 alterius
784 1132 927 1177 exigere
950 1131 1049 1165 velle.

207 1224 282 1257 tum
310 1225 418 1265 vero]
457 1222 545 1256 Vero
579 1231 661 1256 cum
694 1220 732 1256 vi
771 1221 874 1255 effert
904 1211 978 1255 tum‘
1013 1230 1160 1264 vocem,
1196 1221 1295 1256 utin
1319 1226 1513 1261 vernacula

105 1283 203 1330 jetzt
233 1293 352 1328 ganz
384 1282 672 1324 bosonders3
703 1282 751 1317 ef.
783 1282 860 1316 Cat.
896 1292 926 1315 c.
951 1280 1055 1322 Lxl,
1087 1279 1123 1315 1.
1151 1285 1226 1316 tum
1248 1295 1329 1319 vero
1353 1297 1511 1322 cerneres

111 1347 179 1380 etc.
215 1344 325 1389 Plura
356 1343 508 1378 diximus
540 1343 584 1377 ad
621 1343 699 1378 Cat.
734 1342 810 1385 ml,
834 1340 892 1376 15.
920 1360 963 1366 —
999 1341 1179 1376 Multus
1206 1348 1311 1389 atque
1326 1348 1432 1390 ser-03¹
1454 1348 1509 1382 3„-

109 1410 203 1443 etare
225 1404 406 1452 hang-ius,
430 1404 623 1440 Muellerus
646 1406 683 1438 et
705 1404 920 1438 laumannus
942 1401 1121 1446 explicant
1145 1414 1288 1450 saepe
1320 1412 1354 1442 et
1375 1410 1509 1451 seq-002·-

108 1472 163 1502 ter
186 1466 268 1502 inst.
319 1466 392 1502 Sed
423 1466 587 1512 temporis
618 1463 716 1500 notio
747 1474 770 1498 a
801 1473 889 1496 voce
920 1461 1050 1497 multus
1078 1463 1197 1499 aliena
1218 1470 1280 1501 est.
1329 1468 1508 1512 Quocirca

107 1527 378 1573 interpretamur
407 1528 553 1563 modum
588 1525 755 1562 excedens
774 1549 785 1567 ‚
826 1522 1059 1566 immodicus,
1103 1524 1172 1559 sibi
1208 1525 1234 1561 i.
1266 1539 1297 1562 e.
1331 1529 1412 1565 odio
1444 1542 1508 1566 suo

107 1600 177 1623 non
209 1591 418 1632 temperem.
465 1589 519 1623 De
549 1588 687 1622 ratione
718 1583 884 1620 adiectivi
915 1594 978 1629 pro
1017 1585 1186 1620 adverbio
1218 1589 1323 1631 positi
1346 1601 1381 1625 v.
1405 1592 1450 1626 ad
1473 1605 1503 1628 ο,

107 1649 302 1692 xxxvm,
323 1649 359 1687 1.
384 1669 430 1675 —
453 1649 542 1685 Ante
565 1649 679 1694 spolia
701 1647 739 1681 in
762 1645 897 1689 aliquot
921 1644 1022 1680 codd.
1048 1647 1149 1690 quasa·
1180 1647 1338 1686 additum
1363 1653 1506 1698 legitur,

106 1721 199 1755 quae
228 1721 298 1744 vox
332 1709 543 1746 insolentiae
582 1721 624 1744 ac
655 1706 808 1743 ferociae
839 1704 948 1740 Marii
979 1705 1126 1741 minime
1159 1711 1341 1757 convenit,
1376 1713 1506 1758 quippe

104 1782 176 1817 qua
198 1769 331 1806 molliri
362 1772 473 1807 soleat
505 1771 535 1806 si
568 1771 651 1816 quid
683 1767 720 1802 in
749 1766 868 1810 aliquo
903 1767 1079 1802 vocabulo
1103 1768 1230 1803 durum
1254 1775 1316 1807 aut
1337 1775 1502 1810 acerbum

105 1832 217 1875 inest3
241 1843 276 1868 v.
301 1831 347 1867 ad
371 1844 401 1868 c.
426 1833 526 1878 XLI,
550 1831 610 1866 10.
656 1829 778 1875 Spolia
810 1827 1046 1873 ignominiose
1069 1828 1200 1864 dicitur
1220 1834 1371 1877 pretium
1395 1836 1502 1870 victo·

104 1893 200 1937 riae,
231 1891 326 1928 victo
350 1893 506 1938 potentia
537 1895 572 1927 et
595 1891 731 1927 viribus
754 1892 878 1930 exut03
908 1888 954 1923 cf.
978 1890 1126 1936 Fragm.
1152 1891 1306 1928 Historr.
1329 1895 1358 1938 Ι,
1384 1894 1440 1940 15,
1467 1896 1500 1932 7.

104 1955 293 2002 Agendum
326 1959 432 2000 atque
454 1955 590 1989 obviam
622 1953 771 1990 eundum
806 1955 879 1994 est,
919 1950 1091 2000 Quirites,
1123 1963 1166 1987 ne
1199 1955 1349 1999 spolia
1381 1961 1500 1991 vostra

102 2027 208 2062 penes
232 2017 311 2052 illos
344 2016 426 2052 sint.
466 2015 516 2050 ib.
540 2015 609 2059 111,
635 2014 693 2058 22,
716 2014 752 2049 6.
803 2012 1010 2055 Aerarium,
1037 2014 1224 2059 exercitus,
1255 2027 1394 2062 regna,
1415 2029 1498 2062 pro-

102 2078 236 2112 vincias
259 2087 483 2124 occupavere,
509 2080 544 2111 et
567 2087 683 2111 arcem
708 2075 838 2110 habent
863 2085 904 2108 ex
927 2074 1102 2118 spoliis
1126 2077 1262 2111 vostris.
1286 2077 1345 2122 lv,
1367 2079 1423 2122 12,
1440 2079 1499 2115 11.

107 2139 227 2174 Atiam
253 2135 462 2186 ‘spolium
493 2139 590 2184 regis
623 2137 786 2174 Antiochi
816 2135 942 2180 recepi.
974 2134 1049 2170 Cic.
1081 2146 1114 2179 p.
1147 2135 1267 2179 Quint.
1301 2150 1332 2173 c.
1354 2138 1414 2181 31,
1437 2139 1496 2176 99.

104 2201 181 2236 Hoc
213 2204 249 2236 te
279 2201 455 2244 obsecrat,
488 2211 532 2234 ne
565 2200 780 2235 ornamentis
811 2199 884 2233 eius
923 2196 1080 2230 omnibus
1115 2197 1195 2231 Sex.
1228 2198 1387 2233 Naevius
1408 2210 1495 2244 pro

104 2261 274 2316 spoliis
301 2261 480 2296 abutatur.
526 2260 691 2296 Ceterum
722 2262 816 2296 hunc
847 2257 1010 2294 Sallustii
1050 2257 1170 2293 locum
1209 2259 1376 2304 expressit
1408 2261 1494 2295 Plu-

103 2323 246 2360 tarchus
277 2322 316 2357 in
346 2321 466 2357 Mario
497 2333 529 2356 c.
561 2322 623 2356 lx.
657 2323 739 2367 (ed.
767 2321 854 2357 Rei.
842 2322 890 2355 k.
918 2319 997 2354 Vol.
1022 2319 1064 2354 11.
1092 2332 1127 2364 p.
1152 2318 1232 2355 816.
1244 2319 1263 2364 )
1315 2319 1363 2356 Οἱ
1391 2319 1491 2366 λόγοι

101 2384 198 2431 (τοῦ
229 2383 413 2430 Μαρίου)
445 2385 652 2428 θρασεῖς
683 2381 786 2426 ὄντες
822 2379 1068 2427 υπεροψίᾳ
1109 2380 1188 2416 καὶ
1230 2377 1371 2427 νβρει
1403 2382 1492 2424 τους

101 2445 327 2493 πρώτους
361 2442 605 2488 ἐλύπουν,
646 2446 821 2482 σκῦλον
853 2443 1019 2491 βοῶντος
1050 2440 1172 2478 αὐτοῦ
1202 2438 1271 2489 τήν
1308 2442 1491 2482 ὑπατείαν

101 2506 188 2565 ‹pe'0
201 2509 348 2544 εσθαι
368 2506 435 2553 τῆς
457 2507 535 2542 τῶν
558 2504 716 2552 εὐγενῶν
737 2505 800 2542 καὶ
821 2503 1010 2541 πλουσίων
1031 2503 1225 2548 μαλακίας.
1247 2524 1294 2531 -
1318 2505 1395 2541 Ιὶῑίς
1418 2507 1487 2542 do-

103 2569 277 2613 lentia,
299 2568 326 2606 i.
350 2581 380 2604 e.
408 2579 499 2613 qaae
522 2567 592 2602 illis
615 2569 794 2610 dolerent3
825 2577 908 2602 nam
931 2565 1025 2599 dolet
1048 2565 1135 2599 mihi
1152 2566 1291 2612 *aliquid
1311 2566 1489 2614 significat

99 2629 252 2666 delorem
281 2630 368 2665 mihi
398 2630 519 2675 affert,
554 2640 644 2673 quae
676 2628 813 2664 dicendi
836 2626 930 2662 ratio
961 2625 1089 2661 Plauto
1117 2626 1214 2662 haud
1234 2626 1403 2664 inusitata
1423 2631 1487 2674 est,

99 2690 263 2726 Ciceroni
295 2694 331 2727 et
362 2690 569 2736 aequalibus
599 2701 669 2725 non
702 2690 805 2732 item3
839 2689 884 2723 cf.
915 2687 1031 2722 Plaut.
1055 2687 1190 2732 Epidio.
1214 2689 1243 2732 Ι,
1266 2689 1301 2733 2,
1323 2688 1382 2724 44.
1407 2689 1486 2725 Μο-

98 2751 260 2789 ιωοιιω.
283 2752 340 2796 11,
360 2752 398 2798 a,
419 2752 477 2789 84.
501 2753 602 2798 σερε.
625 2753 654 2795 1,
675 2751 710 2794 2,
737 2749 794 2788 49.
818 2750 904 2787 oisc.
925 2748 970 2791 11,
990 2747 1026 2792 1,
1049 2747 1107 2785 zo.
