1826 3276
383 188 466 228 872
741 181 785 224 G.
815 181 1137 224 SALLUSTI
1166 181 1383 228 CRISPI

517 296 654 342 Lxx.
724 295 811 340 Per
853 294 971 339 idem
1005 299 1177 354 tempus
1209 297 1457 354 Bomilcar,
1495 269 1616 345 cuius
1648 301 1734 347 im-

385 393 515 453 pulsu
549 387 764 449 Iugurtha
798 388 1079 444 deditionem,
1114 404 1247 448 quam
1281 397 1401 437 metu
1431 383 1633 450 deseruit,
1666 396 1734 441 in-

386 490 590 545 ceperat,
621 488 848 544 suspectus
883 484 992 544 regi,
1028 489 1074 528 et
1107 486 1200 544 ipse
1231 502 1331 531 eum
1367 487 1619 548 suspiciens,
1652 502 1734 533 no-

389 595 463 624 vas
498 595 567 624 res
604 593 789 638 cupere,
833 578 891 622 ad
923 579 1163 638 perniciem
1198 581 1286 625 eius
1325 581 1476 626 dolum
1512 597 1736 641 quaerere,

348 676 456 724 2die
490 680 712 732 noctuque
746 674 934 734 fatigare
963 674 1168 720 animum.
1227 676 1430 735 Denique
1461 677 1606 721 omnia
1638 683 1735 722 ten--

384 819 489 852 quum
514 808 589 852 lege
612 807 738 842 Porcia
768 807 837 851 (de
861 817 930 851 qua
951 819 986 842 V.
1019 809 1063 843 ad
1089 807 1188 843 Catil.
1223 809 1287 850 m,
1313 808 1368 843 22.
1403 821 1436 852 p.
1460 809 1539 845 25⁰.
1562 813 1597 845 et
1616 810 1738 855 Sigon.

385 868 427 902 de
449 867 590 912 antiquo
614 868 691 901 iure
714 878 791 911 pop.
817 868 921 901 Rom.
945 867 975 909 1,
997 867 1031 902 6.
1056 880 1088 912 p.
1113 867 1170 902 87.
1194 868 1246 902 ed.
1271 869 1353 902 Hal.
1378 868 1498 914 1715.)
1521 873 1660 903 cautum
1683 880 1737 903 es-

385 931 455 968 set,
486 939 529 961 ne
565 927 641 970 quis
663 927 748 960 civis
780 927 958 961 Romanus
988 932 1048 963 aut
1079 928 1137 972 qui
1171 928 1223 962 ius
1255 927 1442 971 Quiritium
1464 929 1607 963 haberet
1629 929 1738 973 virgis

385 988 603 1029 caederetur,
625 987 729 1020 huius
751 986 908 1020 beneficii
931 987 1020 1021 nihil
1045 987 1090 1021 ad
1112 998 1190 1028 eos,
1214 987 1274 1031 qui
1299 987 1374 1021 iure
1397 988 1488 1022 Latii
1509 991 1641 1022 tantum
1660 993 1738 1022 ute-

384 1050 519 1088 rentur,
551 1047 760 1090 pertinebat,
792 1047 882 1089 quod
904 1045 994 1080 idem
1017 1046 1180 1091 Sigonius
1201 1046 1334 1080 monuit
1355 1046 1390 1080 in
1421 1046 1511 1081 libro
1532 1048 1575 1081 de
1597 1047 1738 1091 antiquo

383 1106 459 1141 iure
480 1106 604 1140 Italiae
627 1107 655 1148 1,
678 1105 710 1139 4.
734 1117 767 1150 p.
791 1105 870 1140 496.
903 1106 955 1142 ed.
978 1107 1059 1140 Hal.
1095 1107 1139 1139 οἳ.
1162 1105 1269 1140 ctiam
1291 1106 1471 1141 Heineccii
1492 1107 1629 1151 Antiqq‚
1651 1108 1740 1142 luris

384 1166 486 1200 Rom.
511 1165 589 1201 Lib.
612 1166 639 1200 l.
662 1165 813 1208 Append.
849 1177 878 1198 c.
903 1165 943 1198 ll.
973 1167 1004 1207 §-
1029 1164 1084 1198 85.
1109 1177 1141 1209 p.
1164 1165 1244 1200 3⁰1.
1267 1166 1321 1200 ed.
1345 1166 1528 1209 Haubold„
1551 1166 1612 1201 ubi
1633 1166 1740 1201 nostri

385 1237 518 1269 quoque
541 1225 606 1259 loci
629 1226 757 1260 mentio
788 1226 847 1267 fit,
878 1228 912 1259 et
944 1223 1036 1267 [nipe.
1068 1224 1110 1258 de
1132 1225 1236 1262 Milit.
1258 1227 1360 1260 Rom.
1385 1227 1434 1271 V,
1457 1226 1514 1263 18.
1558 1226 1740 1261 Meliorem

385 1285 516 1319 Latinis
538 1285 772 1318 condicionem
801 1283 934 1327 paravit
964 1282 1083 1317 Livius
1106 1283 1263 1319 tribunus
1285 1285 1413 1329 plebis,
1445 1287 1488 1320 de
1509 1296 1577 1330 quo
1599 1287 1740 1321 Plutar—

386 1345 470 1379 chus
495 1344 528 1378 in
553 1344 626 1378 vita
649 1344 687 1378 C.
712 1343 864 1377 Gracchi.
884 1354 913 1376 c.
938 1343 996 1383 lx,
1024 1354 1057 1386 p.
1081 1343 1169 1376 med.
1195 1343 1283 1378 haec
1304 1345 1427 1379 refert:
1455 1346 1589 1391 Λιβίου
1613 1342 1740 1387 ὅπως

385 1402 499 1448 μηδ’
535 1401 610 1438 ἐπὶ
652 1402 900 1446 στρατείας
933 1399 1016 1447 ἐξῇ
1052 1401 1157 1437 τινὰ
1187 1403 1402 1439 Λατίνων
1441 1399 1641 1450 ῥάβδοις
1670 1406 1739 1441 αἰ-

387 1465 617 1499 κίσασθαι
649 1460 883 1506 γράψαντος,
917 1459 1104 1508 ἐβοήθουν
1126 1462 1178 1508 τῷ
1199 1460 1314 1509 νόμῳ.
1362 1463 1522 1498 ceterum
1543 1465 1585 1498 de
1606 1465 1739 1509 Turpi-

386 1523 434 1558 lio
464 1535 538 1557 rem
570 1522 687 1567 paullo
712 1522 812 1555 aliter
843 1531 948 1564 quam
978 1520 1160 1555 Sallustius
1192 1526 1309 1556 narrat
1332 1522 1538 1558 Plutarchus
1566 1523 1603 1558 iu
1625 1524 1740 1559 Mario

386 1595 417 1616 c.
439 1582 529 1616 wll.
577 1581 641 1615 Cui
663 1581 692 1615 si
715 1581 798 1614 fides
820 1579 997 1622 habenda,
1019 1579 1123 1613 miser
1145 1581 1345 1622 praefectus,
1375 1582 1475 1625 culpa
1497 1593 1638 1626 vacuus,
1659 1583 1739 1619 Ma-

386 1642 440 1676 rio
470 1641 640 1685 imprimis
671 1639 842 1674 annitente
874 1638 996 1682 capitis
1022 1638 1201 1672 damnatus
1231 1644 1306 1683 est,
1338 1640 1428 1676 nihil
1455 1642 1616 1677 adversus
1637 1641 1741 1677 huius

387 1701 605 1736 severitatem
628 1710 670 1734 ac
691 1698 874 1732 saevitiam
897 1697 1030 1732 Metelli
1051 1697 1202 1741 hospitio
1223 1701 1368 1735 valente.

477 1760 581 1794 Lxx.
608 1762 641 1802 §-
664 1759 698 1792 1.
731 1769 833 1803 quam
849 1779 894 1784 —
910 1757 1070 1801 deseruit]
1096 1758 1167 1791 Res
1189 1762 1329 1793 narrata
1351 1762 1402 1794 est
1425 1771 1454 1794 c.
1477 1759 1583 1801 LXII,
1603 1758 1637 1794 8.
1667 1760 1739 1796 Pro

388 1820 537 1854 deseruit
568 1818 811 1862 exspectaveris
842 1818 987 1852 fortasse
1015 1817 1149 1860 omisit,
1182 1829 1288 1861 quum
1309 1819 1476 1863 lugurtlra
1505 1825 1622 1864 sponte
1643 1820 1738 1854 dedi-

387 1879 491 1915 tionis
521 1879 701 1913 consilium
735 1878 920 1919 ahiecerit3
959 1877 1020 1911 sed
1049 1876 1234 1911 Sallustius
1263 1879 1419 1912 consulto
1449 1879 1602 1914 ducrere
1631 1882 1738 1915 verbo

390 1950 469 1973 usus
489 1938 644 1982 videtur,
667 1941 705 1971 ut
727 1937 940 1982 significaret
960 1936 1164 1980 Iugurtham
1187 1941 1306 1971 contra
1328 1949 1429 1982 quum
1451 1938 1616 1975 debuerat
1637 1951 1660 1974 a
1680 1941 1739 1974 de-

389 1999 518 2033 ditione
543 1997 725 2044 abstitisse.
748 1997 791 2030 cf.
816 2007 903 2040 quae
925 1997 967 2030 de
989 1999 1158 2040 potestate
1180 1995 1276 2029 verbi
1300 1997 1452 2031 deserere
1473 1997 1619 2035 diximus
1641 2000 1685 2034 ad
1707 2012 1738 2035 e.

391 2056 519 2100 XXXI,
543 2055 598 2090 18.
625 2068 656 2100 p.
680 2055 758 2090 187.
782 2075 827 2082 -
852 2056 1044 2101 Suspiciens
1065 2055 1089 2092 i.
1112 2067 1142 2090 e.
1165 2058 1357 2099 suspectum
1378 2055 1616 2101 habens,·quo
1638 2069 1739 2094 sensu

390 2116 556 2161 suspicere
587 2116 675 2151 alias
705 2127 772 2150 nou
801 2115 934 2150 dicitur.
981 2114 1050 2150 Sed
1080 2121 1271 2160 suspectare
1293 2114 1341 2149 ita
1374 2116 1464 2159 apud
1486 2117 1647 2152 Tacitum
1669 2118 1738 2153 fre-

390 2186 520 2220 quens3
543 2186 578 2209 v.
600 2174 812 2209 Boetticheri
835 2176 915 2210 Lex.
939 2175 1025 2211 Tac.
1044 2176 1080 2212 h.
1102 2187 1136 2210 v.
1161 2188 1194 2220 p.
1217 2174 1295 2211 453.
1340 2176 1443 2209 Haud
1465 2176 1560 2210 male
1580 2177 1738 2212 laumen-

391 2246 455 2270 nus
485 2237 599 2269 censet
633 2233 838 2269 Sallustium
868 2236 1043 2279 oppositae
1072 2234 1255 2270 sententiae
1286 2235 1410 2268 nature
1439 2235 1484 2269 ad
1510 2246 1612 2271 usum
1642 2237 1740 2272 verbi

391 2294 510 2340 paullo
540 2293 794 2329 insolentior-em
828 2295 967 2329 ductum
999 2306 1092 2340 essq,
1137 2295 1217 2330 coll.
1249 2294 1324 2329 Cat.
1354 2294 1438 2335 XL,'
1464 2294 1499 2329 Β.
1556 2297 1739 2331 Umbrenus

393 2354 601 2399 principibus
639 2354 828 2388 ciuitatium
869 2359 1006 2390 notun
1042 2360 1146 2391 erut
1180 2359 1284 2400 atque
1321 2365 1380 2390 eus
1417 2359 1617 2390 noveram
1659 2355 1736 2390 Liv.

395 2413 566 2457 XXXIX,
598 2412 663 2455 40,
696 2413 732 2451 9.
776 2414 974 2449 Simultates
1012 2419 1317 2450 exercuerunt
1349 2425 1440 2449 eum
1470 2419 1504 2449 et
1523 2413 1596 2459 ipse
1616 2425 1738 2450 eser-

395 2472 489 2506 cuit
531 2483 615 2506 eas.
645 2472 759 2507 Verba
790 2473 847 2507 ad
877 2473 1058 2518 pem-‘ciem
1088 2474 1160 2508 eius
1189 2475 1344 2509 dolum
1373 2483 1535 2519 quaerere
1565 2473 1650 2509 Non.
1672 2475 1737 2516 lv,

394 2529 473 2566 438.
504 2529 555 2564 sic
582 2531 704 2566 refert:
736 2536 779 2567 et
806 2533 987 2577 perniciem
1020 2534 1092 2568 eius
1127 2534 1230 2568 «1010
1259 2545 1443 2579 quaerere,
1473 2543 1563 2577 quae
1591 2532 1739 2568 mutatio
1807 2534 1810 2537 ⁴

395 2589 539 2625 difficile
571 2590 663 2626 dictu
685 2594 736 2626 est
757 2592 846 2626 unde
867 2592 1024 2636 fluxerit,
1057 2604 1164 2637 quum
1194 2594 1288 2628 nulla
1317 2593 1352 2627 in
1374 2592 1470 2628 codd.
1491 2591 1651 2626 Sallustii
1669 2591 1737 2626 dis-

395 2648 572 2692 crepantia
601 2649 790 2693 scripturae
822 2652 888 2694 sit,
919 2655 952 2688 et
984 2652 1058 2696 ipse
1087 2652 1216 2687 Nonius
1245 2651 1282 2686 in
1302 2651 1424 2686 ceteris
1455 2650 1568 2686 verbis
1587 2651 1638 2686 ita
1657 2662 1737 2686 enm

395 2707 492 2742 codd.
520 2708 724 2752 consentiat,
754 2713 793 2744 ut
812 2711 918 2745 verba
949 2722 1017 2746 nou
1044 2711 1242 2746 memoriter
1260 2710 1427 2745 'laudasse
1457 2711 1624 2746 videatur.
1667 2710 1736 2745 Sed
