1826 3276
392 177 476 217 260
757 171 801 213 C.
833 172 1152 214 SALLUSTI
1181 174 1396 218 GRISPI
1720 194 1745 209 ³

392 287 550 331 certior
586 286 732 330 Roma
776 286 942 344 factus,
987 286 1192 332 diffidere
1233 289 1317 339 suis
1362 291 1524 346 rebus:
1559 306 1612 335 ac
1655 297 1750 335 tum

355 382 572 429 2demum
606 394 758 423 veram
793 379 1060 424 deditionem
1095 382 1243 427 facere
1286 390 1463 427 conatus
1510 391 1589 430 est.
1657 386 1750 445 lgi-

389 482 459 519 tur
494 476 666 534 legatos
698 474 761 518 ad
804 475 1027 520 consulem
1071 448 1171 521 cum
1215 479 1437 536 suppliciis
1479 479 1651 535 mittin.
1675 482 1749 537 qui

390 568 697 614 tantummodo
758 570 842 629 ipsi
901 571 1135 628 liberisque
1195 572 1327 615 vitam
1385 578 1610 632 peterent,
1670 575 1753 616 alia

358 666 540 716 3omnia
575 664 790 708 dederent
825 667 997 724 populo
1032 667 1250 714 Romano.
1322 667 1413 711 Sed
1448 667 1635 712 Metello
1665 668 1753 711 iam

389 811 506 848 Tacit.
530 810 648 856 Agric.
674 823 703 845 c.
722 811 765 845 X.
791 811 919 855 p.185.
944 815 979 845 et
999 823 1086 855 quae
1109 812 1152 846 de
1175 814 1294 847 eadem
1327 825 1365 847 re
1394 813 1540 848 diximus
1572 813 1608 848 in
1641 812 1753 893 E'plic-

389 883 493 905 merr.
518 871 652 905 Scholl.
677 881 708 904 a.
735 869 837 905 1830.
860 871 949 905 Sect.
973 871 1015 904 11.
1040 883 1073 905 ιι.
1097 871 1152 905 18.
1177 884 1208 916 p.
1225 873 1302 908 143.

479 933 511 974 §.
535 931 569 964 2.
615 940 690 964 mun
708 931 899 975 suppliciis]
927 931 1102 974 Supplicia
1126 932 1297 976 explicant
1318 933 1416 977 signa
1437 933 1641 977 supplicum,
1665 944 1756 976 qnae

388 990 448 1035 qui
470 991 638 1035 gerebant
660 990 828 1033 supplices
851 1001 888 1023 se
910 990 1169 1033 profiterentur,
1200 1002 1223 1025 a
1246 993 1389 1026 Graecis
1419 991 1611 1036 ἱκετηρίαι,
1636 991 1753 1035 inavi-

389 1064 462 1095 ριοι
484 1050 633 1090 κλάδοι,
659 1049 718 1082 vel
741 1047 923 1093 στέμματα
945 1053 1087 1091 vocata3
1119 1052 1319 1085 constabant
1351 1051 1441 1084 enim
1463 1051 1639 1086 frondibus
1667 1053 1755 1086 olia-

389 1111 481 1157 ginis
505 1111 561 1144 vel
584 1109 729 1150 laureis,
762 1119 846 1151 quas
870 1109 1027 1143 manibus
1050 1111 1247 1155 gestabant,
1270 1110 1330 1154 qui
1353 1121 1473 1154 pacem
1496 1114 1659 1154 peterent.
1698 1111 1756 1144 Si-

389 1170 466 1205 mili
488 1171 563 1204 fere
585 1168 687 1203 modo
711 1168 834 1202 Festus
856 1167 1051 1205 Grammat.
1075 1171 1149 1204 Lat.
1168 1170 1245 1205 Vol.
1259 1171 1302 1205 ll.
1314 1182 1350 1214 p.
1362 1170 1442 1205 247.
1465 1171 1517 1206 ed.
1533 1171 1754 1204 Lindemann.

389 1230 636 1276 supplicia,
658 1226 780 1270 inquit,
804 1232 901 1267 sunt,
928 1241 1016 1273 quae
1035 1230 1272 1265 caduceatores
1289 1235 1455 1275 portam,-
1479 1241 1521 1263 ca
1537 1230 1757 1264 sumebantur

391 1303 431 1325 ez·
452 1291 599 1324 verbena
609 1287 725 1331 felicis
741 1287 895 1327 arboriu-
929 1289 974 1322 ad
995 1301 1029 1332 q.
1051 1290 1074 1323 l.
1107 1290 1186 1323 vide
1209 1290 1365 1333 interprr.
1400 1301 1432 1333 p.
1457 1289 1538 1324 67⁷.
1573 1289 1644 1326 leta
1662 1289 1756 1323 ratio

389 1351 562 1385 victorum
586 1346 740 1393 gratiam
772 1347 959 1389 quaerendi
981 1359 1191 1392 quamquam
1215 1349 1402 1394 desperatis
1423 1349 1525 1383 rebus
1547 1348 1582 1382 et
1603 1349 1756 1382 maxima

390 1413 536 1454 urgente
560 1405 757 1442 calamitate
779 1405 815 1438 in
835 1417 900 1440 usn
923 1406 1008 1448 fuit,
1031 1410 1145 1442 tamen
1169 1409 1357 1454 Iugurthae
1380 1408 1582 1450 condicioni,
1605 1408 1666 1452 qni
1689 1408 1754 1441 sibi

389 1479 413 1503 a
441 1467 584 1502 Metello
615 1476 737 1499 cavere
767 1465 893 1509 vellet,
926 1477 993 1500 non
1024 1467 1210 1502 admodum
1241 1468 1421 1502 convenire
1448 1468 1592 1503 videtur.
1639 1468 1756 1511 Quare

389 1527 556 1572 supplicia
578 1528 738 1569 putamus
761 1536 783 1559 a
806 1524 974 1560 Sallustio
996 1537 1037 1560 eo
1061 1538 1160 1561 sensu
1183 1539 1257 1561 esse
1279 1527 1391 1570 dicta,
1423 1530 1461 1560 ut
1483 1527 1676 1571 significent
1698 1529 1754 1560 ἰη-

389 1592 503 1622 tentas
516 1596 642 1631 preces,
665 1595 732 1628 qua
745 1586 910 1628 potestate
925 1586 994 1620 hoc
1009 1588 1216 1622 vocabulum
1236 1591 1352 1631 aperte
1367 1586 1480 1631 posuit
1493 1586 1571 1630 lug.
1588 1586 1707 1627 LXVI.
1722 1586 1766 1621 2..

397 1647 570 1692 Vagenses
584 1643 788 1689 fatigati
814 1644 910 1690 regie
935 1648 1202 1691 suppliciis,
1225 1658 1333 1692 neque
1353 1652 1457 1682 antea
1472 1647 1648 1680 voluntate
1670 1646 1755 1679 alie-
1818 1645 1824 1648 “

390 1707 486 1748 nati,
510 1706 599 1740 inter
616 1716 652 1738 se
675 1704 864 1739 coniurant.
1510 1750 1512 1753 v

481 1768 514 1809 §.
538 1765 573 1799 3.
621 1762 692 1798 Sed
715 1763 855 1797 Metello
875 1763 957 1808 etc.]
987 1764 1148 1808 Metello,
1172 1766 1231 1810 qui
1253 1777 1351 1801 casus
1373 1765 1496 1810 pendet
1517 1777 1559 1800 ex
1581 1767 1756 1811 cognitum

391 1830 488 1868 erat,
523 1824 639 1859 Faber
663 1833 726 1866 pro
751 1822 906 1856 ablativo
929 1834 1008 1857 cum
1031 1826 1075 1859 ab
1099 1825 1350 1870 praepositione
1364 1824 1502 1859 “dictum
1537 1829 1668 1865 censet,
1701 1836 1755 1857 re-

391 1884 528 1920 mittens
560 1883 605 1918 ad
637 1883 777 1925 Zumpt.
813 1881 969 1917 Gramm.
1003 1885 1079 1920 Lat.
1114 1887 1147 1928 §.
1170 1886 1236 1927 72,
1260 1885 1292 1920 6.
1325 1897 1359 1929 p.
1382 1884 1461 1920 334.
1491 1883 1545 1918 ed.
1567 1883 1624 1917 1v.
1655 1891 1689 1916 et
1711 1884 1754 1916 ad

390 1943 601 1978 Ramshorn.
628 1941 783 1975 Gramm.
806 1942 883 1976 Lat.
909 1943 942 1983 §.
967 1943 1047 1985 124,
1069 1945 1102 1978 1.
1137 1957 1171 1988 p.
1193 1945 1272 1980 219.
1309 1945 1361 1979 ed.
1380 1946 1407 1978 1.
1421 1971 1432 1987 ,
1465 1942 1532 1988 qni'
1549 1942 1669 1976 eadem
1691 1943 1753 1976 do—

390 2006 476 2037 cent.
521 2001 591 2037 Sed
621 2001 747 2035 falsam
780 2012 854 2035 esse
892 2001 996 2036 istam
1027 2003 1070 2036 de
1102 2003 1219 2037 dativo
1251 2003 1442 2037 doctrinam
1470 2007 1565 2037 recte
1595 2002 1754 2036 viderunt

390 2061 621 2096 Hoffmannus
649 2060 684 2094 in
704 2060 817 2094 Iohnii
838 2061 974 2094 Annali.
1001 2061 1094 2095 Phil.
1109 2065 1143 2096 et
1161 2063 1267 2098 Paed.
1285 2075 1318 2097 a.
1334 2062 1435 2097 1828.
1452 2063 1527 2096 Vol.
1545 2062 1589 2095 11.
1610 2062 1708 2095 Fasc.
1728 2063 1753 2096 l.

390 2126 426 2167 p.
448 2121 505 2158 15.
535 2121 624 2165 Aug,
647 2120 846 2154 Grotefend.
867 2115 1022 2154 Granium.
1049 2121 1122 2156 Lat.
1144 2123 1252 2167 ampl.
1278 2123 1354 2156 Vol.
1374 2123 1417 2155 11.
1448 2122 1482 2166 §.
1502 2120 1556 2154 13.
1582 2131 1617 2164 p.
1635 2120 1692 2155 11.
1721 2124 1755 2153 et

390 2185 423 2226 §.
443 2181 524 2216 391.
547 2192 578 2224 p.
591 2179 670 2214 299.
696 2184 731 2214 et
753 2180 835 2214 Otto
854 2180 899 2213 ad
916 2179 987 2214 cic.
1008 2180 1051 2214 de
1066 2181 1163 2216 Finn.
1180 2182 1210 2224 1,
1232 2182 1267 2225 4,
1290 2183 1346 2216 11.
1373 2182 1516 2215 Excute.
1535 2181 1579 2215 ll.
1602 2191 1635 2224 p.
1649 2180 1753 2218 3744

391 2241 519 2285 ubique
541 2239 634 2273 enim
654 2240 796 2283 propria
818 2239 926 2274 dativi
949 2242 1118 2284 potestas,
1141 2251 1247 2284 quam
1271 2242 1439 2276 commodi-
1453 2244 1596 2290 vocant,
1621 2239 1670 2274 ita
1693 2250 1752 2274 va-

392 2301 461 2342 let,
483 2303 521 2335 ut
537 2299 567 2334 is
583 2310 680 2334 casus
694 2299 792 2333 nullo
809 2299 949 2344 negotio
966 2309 988 2333 a
1008 2300 1113 2334 verbo
1134 2302 1242 2345 repeti
1261 2301 1381 2346 possit,
1409 2301 1510 2335 modo
1530 2302 1645 2334 teneas
1665 2300 1754 2332 nm!—

391 2362 506 2394 torum
528 2359 714 2392 verborum
737 2357 910 2402 passivam
932 2359 1083 2394 formam
1106 2361 1360 2396 intransitivum
1382 2365 1443 2395 aut
1463 2359 1663 2394 reflexivum
1678 2370 1754 2391 sen·

391 2429 467 2453 sum
490 2418 680 2454 admittere.
727 2418 902 2462 Quoniam
913 2417 1031 2469 ‚igitur
1053 2421 1228 2465 cognitum
1251 2433 1322 2456 esse
1343 2422 1436 2455 idem
1456 2419 1628 2464 significat
1651 2422 1754 2461 atque

392 2483 510 2512 notum
533 2489 616 2521 esse,
638 2477 774 2512 dativus
796 2478 902 2522 priori
925 2479 1032 2514 verbo
1056 2480 1191 2515 additus
1213 2492 1280 2515 non
1303 2481 1409 2515 aliam
1433 2478 1506 2513 vim
1527 2478 1635 2512 habet
1649 2488 1752 2520 quam

393 2538 500 2579 alter,
529 2549 571 2572 ex
599 2542 716 2572 notum
748 2548 820 2572 esse
850 2538 1016 2582 pendens,
1046 2551 1148 2584 quem
1170 2552 1271 2576 nemo
1293 2541 1386 2575 dicet
1407 2550 1471 2584 pm
1493 2537 1650 2572 ablativo
1673 2540 1708 2570 et
1729 2549 1752 2569 ιι

392 2596 644 2640 praepositione
665 2596 816 2640 positum
839 2608 931 2640 οπεος
962 2599 1007 2633 cf.
1037 2611 1067 2636 c.
1091 2601 1252 2642 XLVIII,
1275 2600 1308 2634 1.
1339 2599 1453 2640 cxn,
1474 2597 1507 2632 l.
1530 2598 1584 2632 lta
1606 2607 1752 2641 comper-

390 2660 465 2690 tum
487 2661 539 2692 est
559 2657 666 2692 mihi
688 2656 814 2690 dicitur
835 2667 901 2692 non
923 2659 1031 2694 aliam
1054 2660 1098 2694 ob
1122 2670 1288 2701 caussam,
1310 2670 1414 2703 qnam
1438 2657 1520 2702 quia
1535 2658 1662 2692 horum
1676 2666 1754 2689 ver-

392 2714 516 2749 borum
539 2727 654 2751 sensus
677 2719 728 2752 est
751 2722 842 2752 certo
861 2729 1064 2762 persuasum
1089 2725 1138 2755 est
1160 2719 1284 2759 ηιίΙιίς
1306 2718 1411 2753 Catil.
1425 2718 1518 2759 XIV,
1531 2717 1566 2751 ⁶1.
1590 2716 1701 2757 xxn,
1717 2716 1753 2749 4.
