1826 3276
516 157 878 202 IUGURTHA.
935 157 1073 202 cAP.
1103 158 1150 202 C.
1444 164 1528 205 531

68 279 81 294 ”
135 277 347 331 curabat3
381 275 552 337 primos
589 281 635 321 et
670 282 893 322 extremos
929 291 1034 322 cum
1068 276 1286 339 expeditis
1318 277 1527 339 manipu-

132 375 185 420 lis
210 375 412 419 tribunos
438 374 678 424 locaverat.
751 374 997 436 Perfugae,
1032 375 1229 428 minume
1261 376 1353 420 cari
1379 382 1426 421 et
1452 372 1528 421 re-
1544 379 1570 417 3

133 469 320 534 gionum
355 471 661 527 scientissumi‚
695 470 891 516 hostium
921 472 1005 516 iter
1039 473 1347 534 explorabant.
1385 474 1529 519 Simul

135 569 306 627 consul,
342 568 470 628 quasi
506 569 630 613 nullo
664 569 891 630 imposito,
927 568 1370 631 omniaprovidere,
1406 570 1531 632 apud

134 667 278 710 omnis
315 665 487 723 adesse,
519 665 720 724 laudare,
755 667 996 728 increpare
1033 667 1257 712 merentis.
1328 667 1435 728 Ipse
1460 678 1570 720 αι’-4

132 823 186 855 est
208 819 324 865 potius
361 819 489 855 Sulla
526 820 607 855 mit
650 820 727 855 der
767 821 984 856 Reiterei
1016 821 1062 866 (i.
1096 833 1128 857 e.
1161 821 1218 856 cui
1246 820 1422 866 equitatus
1456 825 1535 858 erat

132 881 254 927 datus)
277 882 468 928 besehligte
493 884 563 926 auf
582 881 616 916 d.
642 882 783 917 rechten
806 883 925 925 Seite,
959 883 1033 918 scil.
1061 882 1124 917 ubi
1146 883 1322 927 equitatus
1345 883 1534 918 collocatus

131 946 220 980 erat.
260 942 333 978 Sed
355 949 495 988 praeter
525 954 602 977 cum
626 942 920 986 praepositionem
952 942 1062 978 etiam
1086 945 1233 978 curabat
1256 945 1403 979 verbum
1424 945 1534 980 inter.

131 1007 247 1048 protes
276 1004 372 1038 male
402 1003 551 1045 habuit,
584 1003 716 1048 quippe
747 1015 816 1038 non
843 1003 998 1039 videntes
1021 1004 1163 1051 singula
1186 1005 1322 1049 periodi
1347 1006 1533 1041 enunciata

131 1076 176 1100 ex
198 1075 241 1100 eo
262 1065 424 1110 pendere.
470 1065 653 1110 Bipontini
676 1065 770 1099 enim
793 1069 828 1100 et
852 1065 1009 1112 Langius
1045 1070 1123 1110 post
1145 1067 1344 1112 sagittariis
1367 1068 1533 1113 suppleu-

131 1127 216 1160 dum
253 1130 394 1161 censent
424 1132 522 1168 erat,
552 1127 675 1171 illique
696 1126 975 1162 adeo-semicolo
998 1127 1120 1172 priora
1142 1128 1188 1162 ab
1213 1129 1436 1172 sequentibus
1460 1129 1532 1164 dis-

132 1186 344 1230 iunxerunt3
376 1187 530 1223 Weisius
560 1185 700 1231 autem,
736 1190 776 1221 ut
808 1191 1006 1223 structurae
1028 1189 1175 1223 curabat
1199 1189 1299 1224 verbi
1323 1191 1531 1235 consuleret,

132 1249 245 1283 multo
268 1248 406 1283 foedius
427 1261 471 1284 ex
491 1248 664 1293 corruptis
686 1247 764 1281 edd.
788 1247 928 1292 scripsit
956 1255 1072 1294 praet.
1100 1250 1291 1285 cohorte
1323 1252 1405 1296 Lig.
1430 1263 1532 1286 cura-

132 1309 217 1354 bat,
242 1308 342 1354 quasi
365 1321 530 1344 curare
562 1320 657 1343 cum
681 1310 862 1354 equitatu,
887 1322 979 1344 cam
997 1311 1248 1354 funditoribu3‚
1274 1323 1370 1345 cum
1393 1313 1533 1348 cohorte

131 1368 288 1404 dicatur!
322 1369 527 1404 Tenendum
551 1368 686 1414 potius,
710 1380 819 1413 quum
842 1369 1020 1414 duplicem
1044 1370 1080 1405 in
1103 1383 1142 1405 re
1164 1371 1313 1406 militari
1335 1384 1438 1407 usum
1461 1373 1531 1408 ha—

131 1429 215 1465 beat
238 1441 382 1474 curare,
408 1434 446 1465 ut
469 1434 531 1465 aut
554 1430 710 1464 absolute
732 1434 895 1474 ponatur,
920 1431 1086 1467 adiuncta
1110 1434 1175 1467 loci
1198 1432 1456 1479 significatione
1479 1435 1532 1479 (v.

130 1490 291 1534 exempla
314 1492 359 1526 ad
392 1491 496 1526 Catil.
526 1491 627 1532 ux,
651 1491 687 1525 3.
718 1503 752 1536 p.
778 1490 859 1526 316.
885 1493 1049 1538 collata),
1072 1497 1134 1528 aut
1170 1494 1408 1528 accusativum
1431 1498 1534 1540 regat

132 1551 207 1596 (cf.
231 1551 350 1588 Tacit.
372 1551 514 1586 Annall.
534 1551 572 1593 Ι,
596 1550 655 1593 31,
680 1551 738 1595 L„
776 1551 1047 1587 Exercitum
1081 1555 1354 1598 inferiorem
1378 1558 1421 1591 A.
1449 1556 1533 1590 Cae-

80 1655 84 1660 ’
133 1615 214 1649 cina
246 1614 457 1648 curabat.
484 1612 534 1647 ib.
570 1613 636 1657 VI,
669 1610 736 1656 30,
777 1611 811 1646 2.
863 1613 1068 1648 Gaetulicus
1101 1615 1288 1658 superioris
1323 1615 1534 1650 Germaniae

81 1664 87 1715 ζ
133 1675 357 1722 legiones
386 1674 594 1709 curabat.
618 1672 696 1708 mv.
721 1672 878 1717 r11‚26,
903 1673 962 1708 10.
996 1675 1124 1708 iussus
1144 1675 1188 1709 ab
1212 1681 1337 1710 senatu
1362 1676 1534 1711 benum

133 1736 419 1770 maritimum
442 1735 642 1778 curare.)
678 1737 866 1778 utramque
889 1738 1104 1769 structuram
1137 1734 1198 1768 hic
1221 1735 1442 1770 coniunctam
1465 1737 1534 1772 ha-

132 1796 232 1839 beri,
265 1797 359 1840 quod
392 1795 607 1830 confusionis
643 1806 755 1841 genus
786 1805 893 1839 quam
925 1795 996 1830 late
1029 1799 1148 1840 pateat
1179 1795 1330 1831 diximus
1353 1798 1398 1831 ad
1422 1797 1533 1835 Catil.

134 1859 177 1900 V,
200 1857 235 1898 9.
260 1857 306 1894 ad
329 1859 406 1904 lug.
429 1857 457 1901 l,
485 1857 521 1892 2.
544 1869 577 1902 p.
603 1857 639 1893 3.
662 1856 769 1900 LXV,
794 1856 829 1892 2.
853 1874 900 1882 —
932 1856 1108 1902 Ligurum
1131 1855 1169 1891 iu
1192 1856 1347 1892 exercitu
1370 1859 1534 1894 Romano

88 1954 91 1956 .
134 1919 209 1955 iam
239 1930 348 1964 supra
370 1917 502 1954 mentio
525 1917 594 1953 fuit
627 1930 658 1952 c.
684 1917 883 1961 XXXVIII,
909 1917 944 1952 8.
968 1917 1030 1951 ubi
1054 1928 1088 1952 v.
1111 1937 1159 1942 —
1191 1918 1262 1952 Pro
1285 1919 1473 1963 manipulis
1496 1919 1534 1954 iu

85 1976 94 2025 g
136 1980 257 2016 Guelf.
287 1981 323 2016 1.
355 1980 432 2016 vin.
465 1979 500 2014 2.
531 1980 604 2014 luc.
629 1979 663 2016 2.
696 1983 731 2014 et
760 1979 814 2013 ed.
848 1978 967 2013 Venet.
1000 1989 1034 2012 a.
1066 1977 1170 2012 1470.
1211 1983 1325 2014 exstat
1355 1981 1532 2025 maniplis.

134 2041 300 2076 Fortasse
322 2051 390 2076 non
414 2040 538 2082 male3
570 2051 604 2074 v.
637 2039 682 2074 ad
715 2052 746 2074 c.
771 2040 847 2082 vn,
871 2040 905 2074 1.
930 2052 966 2084 p.
990 2039 1047 2074 4⁰.
1094 2040 1148 2074 Ita
1171 2044 1264 2074 certe
1286 2041 1536 2085 pronunciasse

135 2101 549 2147 Romanos.intelligitur
571 2112 613 2136 ex
637 2099 757 2135 Ovidii
779 2100 895 2135 Fastis
917 2101 978 2142 111,
1003 2100 1073 2135 11⁷
1096 2112 1149 2144 sq.
1198 2101 1336 2136 Pertica
1355 2114 1536 2148 suspensos

135 2162 303 2208 portabat
345 2162 454 2208 longa
498 2163 729 2208 maniplos
746 2189 756 2206 ‚
798 2162 897 2197 Unde
930 2161 1225 2206 maniplaris
1263 2163 1405 2198 nomina
1438 2165 1537 2200 miles

139 2223 256 2260 habet.

233 2285 266 2327 ἓ.
288 2282 323 2320 3.
370 2283 522 2319 minume
555 2283 631 2318 cari
660 2286 724 2325 et]
760 2283 862 2318 Haec
898 2282 1007 2331 verba
1040 2282 1257 2328 Pomponius
1293 2285 1422 2320 Laetus
1455 2288 1536 2320 tan-

138 2355 247 2390 quam
277 2343 399 2388 spuria
433 2344 606 2386 eiecerat,
638 2354 788 2388 eumque
820 2342 972 2378 editores
996 2344 1211 2389 antiquiores
1232 2345 1308 2379 fere
1330 2357 1469 2388 omnes,
1493 2357 1536 2380 ex

139 2405 392 2440 recentioribus
423 2405 578 2440 Weisius
611 2404 721 2440 secuti
756 2408 846 2440 sunt.
893 2404 964 2439 Sed
987 2417 1096 2450 quum
1126 2416 1248 2441 omnes
1271 2406 1412 2441 omniuo
1435 2406 1537 2443 codd.

141 2475 184 2501 oa
216 2465 410 2508 retineant,
444 2466 618 2501 Gruterus
649 2468 684 2500 et
714 2464 854 2500 Cor-tius
883 2464 962 2499 iure
990 2470 1214 2502 revocarunt.
1260 2466 1388 2502 Sensus
1417 2470 1538 2502 autem

142 2537 252 2571 quum
273 2526 319 2563 sit
340 2539 410 2562 non
434 2528 581 2563 multum
605 2526 800 2562 desiderari
822 2529 1042 2573 transfugas,
1065 2539 1176 2573 aeque
1198 2539 1329 2574 magno
1354 2529 1390 2563 ἰπ
1409 2529 1538 2563 damna

143 2587 275 2622 censeri
290 2613 301 2629 ‚
334 2588 374 2622 si
406 2594 638 2633 pereant,
670 2587 778 2623 simul
810 2599 853 2622 eo
876 2590 968 2622 tecte
1003 2587 1220 2633 significatur
1242 2590 1424 2635 negotium
1449 2589 1540 2634 peri-

143 2647 217 2682 culi
246 2647 485 2692 plenissimum
517 2649 562 2684 iis
587 2650 708 2684 datum
737 2648 845 2683 fuisse
875 2648 1011 2683 itineris
1042 2649 1256 2694 explorandi.
1281 2671 1327 2676 —
1360 2651 1540 2695 Imponere

144 2708 305 2744 absolute
336 2714 543 2755 usurpatum
573 2708 826 2745 illustravimus
857 2709 902 2744 ad
926 2709 1030 2745 Catil.
1062 2722 1092 2745 c.
1115 2710 1175 2753 LI,
1199 2710 1258 2746 28.
1282 2724 1319 2756 p.
1341 2711 1422 2747 254.
1471 2713 1542 2746 Ex—

148 2769 274 2814 emplis
306 2769 358 2806 ibi
379 2771 532 2808 laudatis
555 2771 614 2807 hic
640 2770 803 2810 addimus
830 2781 921 2816 quae
940 2771 1057 2808 Faber
1073 2770 1238 2813 contulit,
1264 2772 1335 2811 Cic.
1358 2785 1394 2818 p.
1420 2773 1539 2809 Plane.

1150 2841 1267 2887 34*
