1826 3276
363 219 418 258 12
726 212 771 255 G.
801 211 1114 253 SALLUSTI
1142 211 1362 254 CRISPI

361 327 609 372 mortalium
643 331 731 382 est,
766 325 931 368 incultu
964 329 1097 380 atque
1130 325 1332 369 socordia
1365 331 1620 385 torpescere
1655 325 1714 368 si—

361 429 492 480 nunt,
539 435 674 478 quum
716 418 974 478 praesertim
1018 423 1108 460 tam
1148 419 1312 463 multae
1354 419 1589 477 variaeque
1634 418 1717 462 sint

359 522 473 560 artes
508 515 659 571 animi,
695 513 851 571 quibus
887 527 1056 557 summa
1081 513 1295 558 claritudo
1322 520 1513 574 paratur.

359 658 395 690 in
418 676 463 682 —
487 656 585 696 bilis,
616 655 658 688 de
680 665 749 698 qua
770 665 810 688 re
832 664 867 688 v.
890 655 935 689 ad
957 661 987 690 ὀ.
1009 655 1160 698 LXXVI,
1184 656 1219 689 1.
1241 655 1355 692 Tacit.
1383 655 1475 690 Hist.
1499 655 1528 696 1,
1550 652 1608 698 35,
1630 654 1714 688 extr.

361 717 474 749 Galba
495 715 703 749 minantibus
724 716 933 759 intrepidus,
955 715 1118 749 adversus
1143 715 1355 748 blandientes
1376 715 1682 758 incorruptus.

453 778 485 817 ς.
509 775 542 808 4.
588 776 770 819 pravitas]
799 775 946 809 Pravum
968 775 1049 818 quid
1071 775 1126 817 sit,
1147 775 1276 808 dictum
1299 775 1343 808 ad
1361 774 1434 808 Cat.
1443 774 1484 815 V,
1495 774 1530 808 1.
1548 771 1648 816 1927-
1671 790 1717 798 *-

359 835 536 870 Admirari
558 846 625 868 non
648 835 759 868 solum
782 835 826 868 de
848 835 949 868 rebus
971 835 1073 869 laude
1096 834 1208 879 dignis
1230 833 1366 876 dicitur,
1389 833 1447 867 sed
1469 831 1573 866 etiam
1595 831 1639 864 de
1660 829 1716 871 iis,

357 906 446 939 quae
467 894 565 928 nobis
588 894 765 937 displicent
786 897 820 928 et
842 895 1020 928 insolentia
1042 895 1104 928 sud
1127 894 1318 934 offendunt,
1353 904 1422 936 quo
1453 902 1555 926 sensu
1574 890 1718 935 gravius

357 955 428 988 dici
450 965 553 998 quam
576 955 697 988 mirari
719 959 813 988 recte
834 955 1031 989 observavit
1052 955 1166 988 Faber
1188 954 1233 987 ad
1255 954 1292 987 h.
1318 953 1342 986 Ι.
1387 953 1432 986 cf.
1466 951 1643 985 Daehnius
1672 949 1718 982 ad

356 1014 442 1057 Nep.
468 1014 582 1048 Praef.
607 1015 639 1056 ἓ.
662 1014 695 1048 3.
743 1015 823 1048 Νοη
860 1015 1141 1055 admirabuntur,
1174 1025 1233 1047 nos
1271 1012 1452 1046 Graiorum
1476 1021 1594 1044 -mores
1621 1019 1716 1043 secu-

357 1079 418 1107 tos.
466 1073 631 1107 Goerenz.
655 1074 700 1108 ud
725 1074 797 1108 Cic.
821 1074 864 1108 de
886 1075 986 1108 Finn.
1010 1074 1039 1114 1,
1063 1074 1097 1115 2,
1121 1072 1155 1107 4.
1178 1092 1224 1098 -
1248 1073 1403 1116 Corporis
1431 1070 1606 1116 gaudia
1636 1079 1717 1102 eon-

355 1136 412 1167 tra
433 1144 532 1166 usum
556 1133 685 1167 dictum
707 1133 861 1175 videtur,
886 1134 916 1168 si
939 1134 1137 1167 Ciceronem
1159 1132 1360 1173 audiamus,
1383 1131 1419 1164 in
1442 1129 1634 1163 definienda.
1654 1138 1717 1162 vo-

354 1193 553 1241 luptatede
574 1180 674 1226 Fin'n.
697 1194 740 1234 11,
764 1193 799 1237 4,
823 1193 878 1228 13.
900 1193 950 1227 itu
972 1196 1192 1226 statuentem:
1225 1193 1382 1235 voluptas
1406 1190 1531 1224 dicitur
1555 1190 1662 1224 etiam
1679 1187 1717 1221 in

355 1253 493 1292 «mimo,-
517 1263 584 1286 non
606 1253 732 1286 dicitur
755 1254 891 1287 laetitc'a
911 1264 972 1286 nec
994 1252 1210 1297 gaudium
1232 1252 1276 1285 in
1300 1261 1497 1295 corpore.
1542 1248 1613 1282 Sed
1634 1247 1718 1282 scitu

355 1311 472 1346 Faber
494 1323 575 1346 ¹rem
601 1312 790 1356 expedivit,
826 1324 967 1346 monens
991 1312 1127 1356 gaudia
1155 1311 1193 1344 h.
1216 1311 1240 1345 l.
1266 1310 1356 1353 dici,
1386 1313 1552 1353 quatenus
1581 1308 1718 1342 animus

353 1383 418 1420 per
446 1384 566 1416 corpus
587 1373 762 1415 voluptate
785 1371 855 1406 frui
876 1372 1068 1417 cogitetur,
1105 1372 1195 1414 quod
1217 1371 1319 1414 plane
1341 1368 1502 1414 congruit
1530 1378 1611 1402 cum
1633 1366 1717 1411 Epi-

355 1441 537 1464 cureorum
567 1433 721 1474 ratione;
762 1433 808 1467 cf.
841 1433 914 1468 Cic.
948 1431 1072 1464 Tusce.
1102 1431 1143 1473 V,
1176 1429 1233 1470 33,
1262 1429 1319 1463 96.
1355 1429 1523 1472 Epicurus
1547 1427 1716 1472 praecipit

355 1490 471 1523 omnia
492 1491 660 1532 iucunda,
686 1504 890 1537 quamquam
911 1502 1010 1524 sensu
1030 1490 1176 1534 corporis
1193 1489 1402 1530 iudicentur,
1426 1489 1470 1522 ad
1490 1489 1642 1522 animum
1659 1498 1716 1522 re-

349 1549 443 1591 ferri
460 1554 596 1590 tamem,-
624 1552 780 1595 quocirca
806 1563 904 1595 corp
915 1563 962 1584 us
983 1550 1185 1595 gaudere
1208 1554 1282 1583 tam
1301 1549 1382 1588 diu,
1409 1547 1489 1581 dum
1501 1551 1716 1594 praesentem

354 1609 552 1643 sentiret
591 1611 812 1654 voluptatem.
866 1611 983 1644 Minus
1016 1609 1194 1643 commode
1221 1608 1448 1642 Doederlinus
1481 1607 1608 1652 Synon.
1636 1607 1714 1642 Lat.

353 1668 434 1701 Vol.
453 1669 510 1701 111.
535 1680 570 1712 p.
592 1669 672 1704 242.
695 1670 730 1704 5.
762 1672 930 1715 gaudium
959 1674 1073 1703 nostro
1105 1669 1186 1702 loco
1218 1669 1340 1702 obiecti
1372 1667 1445 1701 vim
1477 1668 1607 1702 habere
1636 1677 1714 1701 cen-

352 1730 414 1761 set.
438 1747 483 1752 --
506 1728 574 1762 Pro
602 1735 744 1772 atque
767 1731 945 1774 ignaviam
969 1730 1062 1763 Gerl.
1085 1740 1127 1763 cx
1149 1727 1268 1772 paucis
1291 1728 1390 1764 codd.
1407 1726 1542 1771 scripsit
1565 1731 1606 1760 et
1627 1727 1714 1771 ign„

352 1787 445 1828 quod
466 1786 570 1820 etiam
594 1789 639 1821 ad
661 1789 734 1821 vim
755 1790 941 1823 sententiae
963 1788 1110 1823 deterius
1132 1792 1202 1829 θείς
1223 1799 1257 1824 v,
1277 1788 1388 1821 Hand.
1413 1787 1455 1820 de
1474 1786 1618 1821 Particc.
1635 1786 1712 1820 Lat.

354 1846 433 1879 Vol.
455 1847 483 1879 Ι.
507 1858 540 1890 p.
560 1847 639 1882 464.
663 1848 696 1881 6.
720 1867 764 1872 —
790 1850 855 1882 Per
871 1850 986 1882 luxum
1005 1853 1109 1892 atque
1126 1848 1305 1893 ignaviam
1327 1845 1499 1889 quomodo
1520 1845 1648 1879 dictum
1669 1845 1715 1879 sit

353 1906 599 1949 explicavimus
623 1907 667 1940 ad
690 1907 764 1942 Cat.
791 1908 870 1948 XX,
893 1909 926 1941 2.
950 1920 982 1951 p.
1003 1906 1139 1942 971—-
1173 1907 1332 1939 Aetatem
1351 1910 1481 1949 agunt,
1511 1915 1545 1939 v,
1569 1905 1613 1938 ed
1637 1904 1713 1938 ent.

351 1966 410 2006 lv,
435 1965 467 1998 1.
490 1977 524 2009 p.
547 1966 604 2003 23.
626 1970 660 2000 et
682 1967 727 2000 ad
750 1968 924 2008 XXXVII,
943 1967 975 2000 6.
1000 1979 1033 2010 p.
1049 1966 1128 2002 173.
1149 1984 1196 1990 ——
1220 1966 1375 1999 Ceterum
1397 1975 1460 2008 pro
1481 1965 1542 1999 sed
1562 1963 1714 2007 positum

351 2026 446 2059 haud
477 2027 526 2060 ita
556 2037 696 2069 rarum,
729 2037 839 2069 neque
868 2026 1034 2068 insolens3
1067 2025 1103 2059 in
1133 2029 1297 2069 promptu
1319 2027 1370 2058 est
1393 2024 1503 2066 enim,
1535 2024 1624 2068 quod
1647 2024 1714 2058 ali-

352 2085 461 2119 cunde
481 2086 673 2120 excluditur
693 2087 751 2120 vel
773 2087 953 2131 excipitur,
978 2087 1166 2130 oppositum
1189 2095 1263 2118 esse
1285 2084 1317 2118 ei
1339 2084 1400 2127 rei,
1423 2084 1513 2118 uude
1535 2087 1714 2127 exceptum

352 2149 422 2188 est,
446 2157 481 2179 V.
505 2146 618 2179 Hand.
642 2146 685 2179 de
707 2146 852 2180 Particc.
875 2147 965 2180 Latt.
988 2147 1062 2179 Vol.
1085 2146 1128 2179 11.
1151 2157 1187 2188 p.
1210 2145 1266 2178 31.
1290 2145 1323 2188 §.
1347 2145 1379 2178 1.
1403 2147 1437 2178 et
1459 2143 1492 2177 4.
1539 2144 1586 2177 cf.
1613 2143 1713 2177 Catil.

351 2205 410 2246 LI,
432 2205 488 2240 26.
512 2206 588 2250 lug.
612 2206 669 2246 IV,
693 2205 727 2239 1.
751 2206 839 2247 XIV,
862 2207 895 2240 1.
918 2207 974 2240 12.
998 2206 1074 2247 XV,
1098 2206 1132 2239 4.
1155 2205 1262 2247 XVII,
1286 2204 1321 2239 Ἰ.
1346 2204 1456 2244 XXII,
1479 2202 1514 2237 3.
1538 2203 1656 2244 XLVI,
1677 2202 1711 2237 4.

351 2265 505 2308 XLVIII,
536 2266 570 2298 1.
611 2265 682 2307 LII,
717 2266 749 2299 1.
788 2266 906 2308 LVIII,
937 2265 970 2301 3.
1010 2266 1119 2308 LXX,
1154 2262 1188 2299 5.
1232 2265 1384 2305 LXXVI,
1407 2264 1442 2297 l.
1482 2262 1657 2304 LXXXII,
1677 2261 1711 2296 1.

350 2324 541 2366 LXXXIII,
566 2325 600 2359 1.
641 2325 829 2367 LXXXIV,
855 2325 890 2359 3.
932 2324 1044 2358 Tacit.
1068 2325 1155 2358 Ann.
1178 2324 1234 2364 lv,
1257 2323 1315 2364 33,
1345 2322 1433 2356 med.
1475 2323 1629 2357 Historr.
1649 2323 1711 2364 111,

349 2384 409 2425 66,
433 2385 479 2418 iu.
516 2384 592 2419 Liv.
617 2385 760 2425 XXXII,
783 2384 840 2427 17,
863 2383 896 2418 6.
926 2385 1099 2419 Drakenb.
1123 2384 1167 2418 ad
1188 2384 1250 2425 IX,
1273 2383 1330 2425 46,
1354 2383 1387 2418 1.
1409 2401 1455 2407 --
1475 2382 1546 2416 Pro
1565 2382 1713 2426 amplius

351 2444 450 2478 aliud
483 2443 639 2478 nonnulli
671 2443 791 2486 codd.,
827 2443 956 2487 pariter
978 2449 1016 2478 ut
1039 2456 1068 2477 c.
1091 2445 1119 2485 1,
1141 2444 1199 2485 2.,
1230 2443 1359 2477 habent
1390 2453 1482 2486 amp.
1513 2441 1711 2486 aliquid,

349 2503 520 2538 incertum
551 2503 703 2544 incuria,
738 2514 782 2537 an
813 2514 854 2536 ex
888 2503 1163 2547 interpolatione.
1209 2503 1326 2546 Neque
1348 2506 1461 2536 tamen
1484 2511 1563 2534 cum
1587 2501 1711 2534 Gerla-

349 2563 430 2596 chio
456 2563 501 2596 ud
529 2563 565 2596 h.
591 2564 614 2596 l.
646 2563 791 2597 dixerim
822 2563 917 2597 aliud
948 2563 1150 2606 simpliciter
1172 2574 1234 2607 pro
1256 2563 1433 2607 quicquam
1456 2571 1529 2594 esse
1549 2560 1710 2604 positum,

348 2634 456 2666 quum
485 2623 723 2656 tantummodo
754 2626 831 2666 post
862 2623 1134 2665 comparativum
1174 2632 1251 2654 cum
1282 2619 1464 2664 negatione
1493 2618 1710 2652 coniunctum

349 2682 399 2716 ita
427 2681 642 2727 reperiatur,
675 2682 842 2726 siquidem
874 2682 1047 2715 indefinite
1076 2681 1292 2714 enunciatum
1322 2682 1475 2722 respectu
1497 2678 1592 2721 eius,
1624 2688 1710 2721 quo-

349 2755 429 2778 cum
449 2745 690 2787 comperatur,
715 2742 812 2777 aliud
834 2744 895 2777 est.
942 2742 1086 2787 chlug.
1108 2741 1225 2782 XCVI,
1248 2739 1282 2774 3.
1319 2740 1417 2775 Sulla
1435 2749 1543 2783 neque
1562 2737 1709 2779 consilio,
