1826 3276
386 175 469 214 576
644 185 645 188 ¹
748 167 791 210 C.
823 164 1148 208 SALLUSTI
1179 165 1391 210 CR-ISI’I

387 284 546 328 insidiis
583 281 915 324 circumventos.
983 280 1051 323 Ac
1085 281 1233 348 fuere,
1278 282 1352 340 qui
1388 283 1583 327 dicerent
1616 301 1747 330 manu

388 375 720 430 vindicandum,
764 388 909 432 neque
945 375 1066 434 apud
1100 375 1222 418 illum
1257 382 1440 423 tantum-
1461 379 1603 423 scelus
1637 370 1747 426 inul-

386 482 479 517 tum
514 469 863 528 relinquendum.

525 566 660 611 CVII.
716 565 776 609 At
812 557 959 621 sulla,
1003 579 1271 623 quamquam
1317 566 1475 611 eadem
1513 569 1749 626 existuma—

385 665 475 718 bat,
509 668 656 706 tamen
686 663 743 705 ab
777 661 931 704 iniuria
961 659 1171 704 Maurum
1205 661 1431 719 prohibet.
1500 663 1615 708 Suos
1643 664 1750 717 hor·
1800 724 1803 729 Ι

385 764 516 817 tatur,
553 757 616 801 uti
645 757 808 800 fortem
842 755 1033 799 animum
1059 762 1299 814 'gererenss
1341 772 1480 816 saepe
1510 765 1611 804 ante
1642 775 1751 820 pau-

385 865 562 901 ferendam
586 864 864 909 suppliciumque
887 864 929 898 (le
952 875 993 898 eo
1016 865 1242 906 sumendum3
1275 865 1321 900 cf.
1353 877 1384 900 c.
1407 867 1487 909 XX,
1509 867 1544 903 4.
1567 871 1602 903 et
1624 869 1752 912 XXXI,
1810 887 1813 893 v

385 927 444 963 18,
465 946 510 952 —-
538 926 662 970 Apud
685 927 783 959 illum
805 925 855 959 ita
878 925 1008 958 dictum
1031 928 1100 966 est,
1133 928 1170 958 ut
1193 925 1332 959 sceleris
1356 927 1452 960 sedes
1474 928 1668 963 accuratius
1693 929 1752 962 ‹le-

384 987 550 1032 signetur.
596 985 688 1019 Nam
711 985 779 1018 loci
801 987 990 1028 potestate,
1015 994 1104 1027 quae
1126 984 1268 1027 propria
1291 988 1343 1019 est
1367 987 1460 1030 apud
1482 989 1686 1031 particulae,
1708 989 1753 1023 ad

383 1056 566 1091 personam
590 1046 778 1090 translata,
802 1041 881 1087 res.
903 1055 991 1088 quae
1015 1044 1058 1078 ad
1082 1055 1261 1087 personam
1284 1046 1434 1088 pertinet
1456 1051 1490 1082 et
1512 1048 1549 1081 in
1571 1059 1612 1083 ca
1635 1049 1752 1082 locum

384 1106 483 1151 quasi
502 1105 646 1148 obtinet,
666 1107 783 1149 apud
807 1106 955 1149 aliquem
980 1115 1051 1138 esse
1074 1103 1211 1145 dicitur,
1233 1106 1325 1148 quod
1348 1106 1519 1141 interdum
1540 1109 1643 1151 plane
1660 1108 1752 1142 idem

383 1169 447 1209 est,
471 1168 574 1208 atque
598 1166 644 1198 in
669 1166 781 1210 aliquo
807 1177 900 1205 esse,·
924 1165 969 1200 cf.
994 1164 1110 1199 Hand.
1134 1164 1176 1198 de
1202 1164 1349 1198 Particc.
1374 1166 1450 1200 Lat.
1475 1167 1550 1201 Vol.
1573 1168 1599 1201 1.
1623 1178 1656 1211 p.
1673 1167 1751 1202 410.

382 1238 455 1270 sqq.
488 1228 521 1267 ἓ.
555 1224 589 1258 8.
618 1224 691 1258 Cic.
718 1225 816 1259 Brut.
851 1236 882 1258 c.
914 1223 970 1265 41,
1007 1224 1086 1259 152.
1135 1225 1192 1258 Sic
1224 1225 1312 1258 enim
1345 1226 1512 1269 existimo,
1535 1227 1621 1261 iuris
1643 1228 1752 1273 civilis
1811 1270 1818 1275 Α

383 1297 547 1331 magnum
570 1296 667 1318 usum
692 1289 726 1319 et
750 1285 870 1328 apud
895 1284 1188 1326 Scaevolam,
1221 1289 1255 1319 ct
1287 1286 1404 1329 apud
1435 1287 1603 1322 multos
1629 1289 1751 1332 fuisse.

382 1347 507 1380 Noster
538 1346 614 1389 lug.
648 1345 779 1385 XXIV,
811 1343 867 1379 10.
923 1345 961 1376 Si
992 1345 1065 1377 ulla
1094 1344 1213 1387 apud
1235 1356 1309 1377 vos
1333 1347 1496 1380 memoria
1518 1347 1671 1382 remanet
1693 1349 1752 1383 avi

382 1406 451 1441 mci
485 1404 706 1439 Masinissae.
738 1421 783 1428 —
814 1404 853 1436 In
884 1402 999 1436 verbis
1030 1414 1138 1447 neque
1168 1405 1275 1437 scelus
1306 1403 1452 1439 inultnm'
1472 1407 1750 1451 'relinquen-

383 1467 506 1509 dum,
539 1463 754 1508 relinquendi
782 1461 876 1496 notio
909 1462 959 1496 ita
992 1466 1042 1496 est
1072 1462 1314 1506 concipienda:
1350 1464 1489 1499 nonita
1513 1467 1753 1502 discedendum

382 1525 480 1569 quasi
505 1525 550 1558 ab
575 1524 714 1564 scelcre,
737 1525 775 1555 ut
800 1521 955 1554 animum
981 1533 1048 1556 non
1069 1523 1113 1556 ad
1131 1522 1166 1556 id
1189 1523 1421 1567 advertamus,
1443 1523 1660 1570 inultumque
1679 1538 1752 1562 esse

381 1585 553 1625 sinamus3
575 1584 618 1617 cf.
643 1581 843 1616 Doederlini
866 1581 1059 1626 Synonym.
1084 1581 1160 1616 Lat.
1185 1584 1262 1618 Vol.
1284 1585 1352 1618 111:
1368 1597 1403 1629 p.
1430 1585 1511 1620 290.
1535 1588 1567 1628 §.
1593 1586 1627 1623 ¹¹1.

474 1643 574 1677 cvu.
599 1645 630 1684 §-
656 1642 689 1675 1.
715 1642 957 1685 existumabat]
998 1641 1107 1675 Pauci
1133 1643 1230 1676 codd.
1256 1645 1385 1678 habent
1408 1647 1636 1689 aeutamabat,
1659 1647 1751 1691 quod
1801 1662 1806 1670 ¹

382 1703 520 1738 Cottius
554 1706 588 1737 et
621 1701 829 1736 Gerlachius
860 1700 1035 1734 immerito
1069 1703 1324 1746 praetulerunt3
1354 1715 1388 1738 v.
1413 1705 1458 1739 ad
1481 1704 1581 1740 Catil.
1606 1707 1694 1751 vm,
1716 1706 1750 1743 2.

382 1767 416 1798 et
439 1763 484 1797 ad
504 1764 582 1807 lug.
606 1762 777 1805 LXXXV,
801 1760 858 1795 14.
882 1780 927 1787 --
952 1762 1014 1794 Ab
1039 1762 1223 1796 iniuria
1248 1763 1411 1797 Maurum
1431 1766 1645 1808 prohibet
1668 1767 1693 1800 i.
1719 1778 1750 1802 e.

378 1822 523 1866 impedit
545 1821 728 1865 quominus
750 1822 896 1855 Maurus
917 1821 1047 1855 iniuria
1069 1823 1257 1866 afficiatur,
1280 1823 1354 1857 sive
1374 1827 1486 1859 tutum
1506 1828 1654 1868 praestat
1669 1836 1749 1860 con-

379 1886 437 1918 tra
460 1882 636 1918 iniuriam.
661 1882 706 1915 cf.
730 1881 801 1916 Cic.
823 1892 857 1924 p.
880 1881 904 1914 1.
929 1881 1023 1915 Man.
1048 1893 1079 1916 c.
1102 1882 1136 1917 ⁷.
1159 1882 1215 1916 18.
1264 1884 1345 1918 Erit
1367 1884 1593 1934 humanitatis
1615 1890 1750 1920 vestrae

380 1954 548 1989 magnum
582 1953 696 1976 eorum
729 1941 852 1975 civium
883 1953 1059 1976 numerum
1089 1943 1363 1978 calamitate
1383 1945 1642 1988 prohibere.
1665 1945 1749 1979 ibid.

381 2006 413 2046 ς.
438 2003 494 2038 19.
543 2003 574 2036 A
606 2014 671 2046 quo
702 2002 852 2046 periculo
881 2002 1137 2046 ‘prohibete
1165 2005 1422 2048 rempublicam.
1451 2005 1549 2039 caes.
1572 2005 1615 2039 B.
1642 1999 1685 2039 G.
1709 2006 1749 2046 Y,

379 2063 436 2104 21,
460 2063 491 2096 1.
544 2062 806 2096 Trinobantibus
829 2063 872 2095 ab
897 2063 990 2096 omni
1012 2062 1158 2097 militum
1181 2063 1608 2107 iniuriarprohibitis.
1642 2065 1750 2099 Plura

379 2124 459 2158 vide
483 2124 576 2167 apud
599 2123 818 2166 Oudendorp.
841 2122 885 2155 ad
907 2123 963 2163 vl,
993 2122 1050 2164 23,
1072 2122 1106 2158 9.
1131 2126 1164 2157 et
1185 2123 1355 2168 Heusing.
1379 2123 1424 2157 ad
1447 2123 1518 2158 Cic.
1542 2125 1584 2158 de
1609 2124 1680 2159 off.
1703 2125 1747 2167 11,

379 2183 438 2225 12,
460 2184 495 2218 2.
542 2180 681 2217 Co‘nstat
704 2186 821 2216 autem
843 2181 903 2215 hic
926 2183 1066 2218 tutanda·
1087 2194 1204 2217 sensus
1226 2194 1290 2225 eo,
1313 2183 1405 2226 quod
1432 2193 1569 2225 nomen,
1593 2182 1748 2218 ablativo

379 2243 542 2287 positum,
563 2243 706 2287 passiva
728 2242 862 2277 rationo
885 2245 1038 2285 tenetur3
1064 2254 1133 2287 qua
1157 2255 1236 2278 cum
1265 2243 1380 2278 activa
1401 2242 1569 2278 sententia
1593 2253 1748 2276 commu-

379 2306 454 2337 tata
476 2301 648 2345 efficitur,
684 2305 723 2337 ut
751 2302 936 2347 prohibere
965 2303 1174 2348 impediendi
1203 2306 1374 2347 potestate
1399 2302 1636 2348 intelligatur,
1667 2302 1748 2337 licet

379 2366 520 2396 externa
547 2363 808 2397 constructionis
836 2362 966 2397 indoles
991 2374 1060 2397 non
1089 2366 1251 2397 mutetur.
1277 2364 1320 2396 cf.
1352 2363 1428 2408 lug.
1451 2364 1560 2405 XXII,
1584 2362 1620 2396 4.
1641 2363 1746 2407 XLV,

378 2421 412 2456 3.
437 2422 654 2466 Oudendorp.
677 2423 720 2456 ad
744 2422 842 2456 Caes.
862 2423 906 2456 Β.
934 2423 977 2458 G.
999 2423 1027 2465 1,
1054 2423 1110 2464 10,
1131 2423 1164 2457 4.
1186 2442 1232 2447 -
1254 2423 1414 2456 Animam
1435 2433 1607 2468 gerere
1630 2433 1747 2457 exem-

378 2481 444 2526 plis
467 2482 722 2516 illustravimus
746 2482 789 2515 ad
813 2493 842 2517 c'.
866 2481 956 2526 LIV,
980 2483 1013 2516 1.
1027 2503 1071 2509 ——
1096 2484 1147 2516 De
1168 2483 1372 2526 imperfecto
1394 2487 1556 2527 gererent
1578 2493 1618 2516 ex
1644 2492 1743 2525 prae-

379 2542 467 2577 senti
489 2545 571 2586 apto
595 2553 629 2577 v.
653 2543 697 2576 ad
722 2543 797 2576 Cat.
821 2543 977 2584 XXXIV,
1002 2542 1034 2576 1.
1057 2543 1133 2587 Ing.
1159 2542 1293 2584 xcvn,
1318 2543 1350 2576 1.
1375 2561 1419 2568 —
1452 2541 1578 2576 Paucis
1599 2541 1745 2576 strenuis

378 2614 445 2636 non
468 2614 541 2636 esse
564 2602 587 2636 i.
612 2613 645 2648 q.
673 2614 695 2636 a
716 2614 819 2647 pauc.
842 2607 917 2644 stru,
941 2606 978 2636 ut
1001 2602 1139 2638 Cottius
1161 2603 1327 2647 explicat,
1355 2602 1414 2637 sed
1437 2601 1612 2647 propriam
1635 2594 1745 2635 dati'vi

378 2666 581 2706 potestatem
603 2665 762 2696 constare
784 2662 855 2695 iam
878 2662 1074 2696 monuimus
1096 2663 1140 2698 ad
1165 2674 1194 2697 c.
1226 2663 1354 2704 XLVI,
1379 2662 1411 2695 3.
1454 2662 1521 2704 Qui
1541 2672 1662 2696 manus
1685 2671 1742 2694 ar-

377 2724 523 2757 maverit
553 2723 576 2760 i.
600 2734 636 2766 q.
668 2723 727 2767 qui
753 2733 853 2757 arma
874 2723 1030 2757 manibus
1053 2727 1191 2761 teneat‚·
1226 2723 1272 2757 cf.
1297 2723 1441 2766 Fragm.
1465 2720 1612 2757 Historr.
1636 2720 1661 2759 1,
1685 2718 1741 2761 19,
