1826 3276
426 162 794 208 mGURTHA.
855 161 978 206 cAP.
1010 125 1157 215 Lxln.
1390 134 1471 210 34‘1

81 285 215 329 alium
266 283 348 327 sibi
386 282 602 343 peperit,
653 295 924 340 semperque
977 281 1022 324 in
1074 280 1371 341 potestatibus
1416 297 1472 327 eo

79 381 218 426 modo
254 380 480 442 agitabat,
516 378 581 423 uti
616 377 857 437 ampliore,
894 393 1036 436 quam
1065 378 1279 439 gerebat,
1307 378 1470 439 dignus

76 456 333 526 haberetur.
405 477 583 521 Tamen
627 476 662 534 is
702 474 761 519 ad
796 474 843 517 id
873 475 1076 521 locorum
1111 475 1211 520 talis
1247 476 1314 520 vir
1342 477 1504 535 (namfi
1570 529 1573 531 q

21 591 23 593 ’
74 582 234 636 postea
269 574 509 619 ambitione
538 587 760 633 praeceps
790 571 920 616 datus
959 573 1047 631 est)
1083 577 1239 632 petere
1269 587 1359 617 non
1389 589 1470 619 au·-
1494 567 1497 572 ¹

68 698 216 743 facile
239 701 341 732 notus
363 694 560 730 Palmerius
584 691 730 727 coniecit
747 693 904 736 factis
926 698 1047 735 notus,
1073 695 1164 738 quod
1190 693 1304 738 primo
1328 699 1470 739 aspectu

73 770 142 793 non
165 757 346 802 displicet,
380 757 439 790 sed
463 766 532 789 non
556 765 642 798 opus
666 757 729 788 est.
775 753 897 797 Neque
921 757 1040 789 tamen
1074 765 1154 788 cum
1181 754 1302 790 Cottio
1326 756 1469 791 ceteris-

71 830 140 864 que
161 817 412 863 interpretibus
435 827 554 850 sensus
571 815 623 849 ita
645 814 833 858 capiendus
857 818 928 850 est:
951 814 1042 857 „etsi
1061 814 1220 859 plerique
1240 815 1367 849 facicm
1390 817 1469 851 Ma-

71 880 118 914 rii
139 880 366 925 ignorarent,
389 877 474 912 bene
494 879 610 911 tamen
635 880 737 910 notus
765 875 928 909 omnibus
954 888 1031 910 era
1046 882 1071 911 t.
1118 876 1211 911 Nam
1244 887 1288 910 ea
1313 881 1364 911 est
1387 889 1468 913 ora-

10 966 13 971 s
71 939 175 975 tionis
197 937 453 979 conformatio,
478 941 516 971 ut
539 941 683 981 tamen,
717 937 808 980 quod
834 937 869 971 in
894 937 1040 982 apodosi
1064 937 1297 987 supplendum
1321 943 1389 980 est,
1414 940 1466 983 (v.

70 1001 115 1036 ad
139 1013 168 1034 c.
193 1000 263 1042 LV,
282 999 337 1043 l.)
363 999 406 1033 ad
432 998 540 1032 verba
560 1009 626 1042 per
648 999 758 1031 omnis
783 998 895 1032 tribue
919 999 1122 1033 declaratur
1144 999 1335 1042 pertineat,
1355 1001 1467 1043 facile

68 1067 170 1097 notus
203 1064 322 1096 autem
354 1070 513 1094 caussam
538 1058 612 1093 eius
644 1058 730 1093 facti
759 1058 897 1093 indicet.
948 1059 1111 1093 Alienum
1137 1063 1189 1094 est
1216 1060 1346 1104 etiam,
1373 1060 1466 1104 qnod

69 1121 211 1158 Curtius
236 1110 350 1166 facile
382 1121 628 1164 interpretatur
659 1121 763 1162 bene;
798 1131 908 1164 neque
940 1120 1034 1155 enim
1067 1121 1157 1155 haec
1189 1120 1358 1155 sententia
1382 1121 1467 1155 hnic

67 1186 146 1220 loco
169 1182 356 1225 convenit,
378 1194 492 1226 neque
515 1181 684 1226 exemplis
702 1183 815 1226 facile
838 1182 945 1227 princ.
956 1193 1020 1225 ps,
1050 1184 1080 1226 s.
1104 1182 1334 1216 nobiliseimus
1356 1183 1465 1216 stabi-

67 1247 163 1282 litur.
209 1245 329 1290 Quare
341 1245 458 1289 facile
480 1249 581 1279 notus
613 1244 707 1277 hunc
731 1255 869 1278 sensum
894 1243 1020 1276 habet:
1047 1243 1154 1286 facili
1175 1244 1318 1288 negotio
1342 1245 1464 1289 cogni-

67 1311 123 1344 tus
155 1306 231 1342 sive
265 1310 368 1341 notus
392 1307 537 1349 sactus,
572 1304 649 1338 scil.
685 1303 1019 1339 commemoratione
1051 1308 1189 1338 strenue
1220 1305 1393 1338 factorum
1421 1316 1464 1339 ac

66 1369 245 1404 virtutum.
293 1364 530 1410 Participium
563 1369 682 1399 autem
713 1365 867 1400 caussali
910 1363 1085 1408 particula
1117 1376 1220 1409 quum
1257 1365 1461 1400 solvendum

64 1441 139 1465 esse
165 1440 227 1474 per
248 1438 286 1463 se
309 1429 417 1471 patet.
440 1446 486 1452 —-
520 1427 730 1462 Declaratur
759 1439 804 1461 sc,
834 1427 1013 1468 tribunus,
1045 1426 1139 1469 quod
1173 1437 1214 1460 ex
1250 1426 1463 1472 antegressis

64 1489 296 1536 supplendum
318 1491 381 1523 est.
1368 1487 1369 1493 ’

155 1553 191 1595 §-
213 1549 249 1588 5.
296 1549 340 1584 ab
358 1560 397 1582 eo
420 1548 658 1594 magistratu]
689 1549 790 1583 Haec
813 1548 923 1583 verba
946 1548 1158 1583 laumannns
1181 1548 1332 1592 explicat
1352 1555 1459 1594 post

64 1622 144 1649 eu'm
165 1622 280 1657 magu,
311 1620 403 1654 quae
419 1608 692 1653 interpretatio,
731 1609 760 1644 si
793 1608 1063 1655 grammaticam
1101 1609 1274 1644 rationem
1311 1616 1458 1655 spectas,

64 1672 262 1710 accuratior
294 1674 364 1715 est,
397 1680 504 1714 quam
537 1670 743 1712 Gerlacbii,
779 1670 838 1714 qui
883 1669 1139 1704 circumscribit
1170 1682 1209 1704 eo
1244 1673 1459 1716 magistratu

56 1739 212 1782 functus.
259 1732 351 1767 Nam
378 1731 556 1775 ordinem,
597 1743 667 1775 qno
698 1731 781 1776 quid
812 1732 962 1765 alterum
986 1730 1134 1774 excipit,
1168 1731 1285 1766 Latini
1309 1744 1332 1766 a
1355 1744 1457 1776 prae-

62 1796 233 1842 positione
267 1792 485 1839 significant3
519 1803 553 1826 v.
588 1793 704 1827 Hand.
737 1793 779 1826 tle
810 1791 960 1826 Particc.
996 1792 1074 1826 Vol.
1102 1791 1129 1825 1.
1161 1803 1197 1836 p.
1224 1792 1283 1828 43.
1316 1794 1387 1837 111,
1423 1794 1455 1829 l.

65 1858 300 1904 Magistratus
323 1858 461 1896 autem,
485 1865 555 1898 quo
579 1854 752 1888 vocabulo
777 1851 947 1887 militaria
972 1863 1120 1887 munera
1142 1854 1282 1897 proprie
1306 1865 1374 1888 non
1399 1865 1456 1888 so-

63 1920 134 1954 lent
155 1915 368 1964 significari,
391 1915 428 1949 h.
452 1915 476 1948 l.
499 1915 543 1948 de
566 1914 745 1950 tribunatu
771 1913 922 1948 militari
955 1913 1088 1947 dictum
1115 1917 1187 1956 est,
1221 1914 1304 1958 quia
1330 1914 1462 1949 latiore>

60 1990 162 2015 seusu
184 1990 228 2013 ea
249 1988 395 2012 munera
414 1976 611 2023 significat,
642 1988 732 2020 quae
756 1987 778 2010 a
801 1975 932 2020 populo
966 1976 1103 2010 dantur.
1156 1975 1347 2011 Potestates
1370 1987 1455 2010 vero

60 2039 207 2086 quodvis
231 2037 384 2073 muneris
416 2039 527 2073 civilis
551 2049 660 2083 genus
693 2037 895 2082 designant,
929 2037 1056 2080 quibus
1089 2037 1248 2080 opposita
1282 2041 1362 2072 sunt
1385 2039 1452 2071 im-'

59 2102 180 2147 peria,
209 2110 359 2145 quorum
383 2110 466 2134 usus
488 2099 526 2134 in
548 2099 642 2134 bello
666 2102 699 2133 et
722 2110 761 2132 re
784 2097 954 2139 militari,
988 2098 1034 2131 cf.
1058 2102 1179 2132 notata
1201 2098 1246 2132 ad
1269 2111 1299 2132 c.
1327 2099 1388 2140 Ill,
1416 2100 1449 2134 1.

59 2174 94 2207 p.
119 2162 176 2196 13.
199 2165 234 2196 et
255 2161 455 2196 Daebnium
477 2161 524 2196 ad
547 2161 635 2205 Nep.
663 2161 753 2194 Milt.
773 2159 818 2202 ll,
841 2159 876 2192 3.
903 2158 975 2192 Cic.
1001 2159 1043 2192 de
1066 2159 1146 2204 lege
1169 2160 1252 2204 Agr.
1273 2160 1317 2202 ΙΙ,
1342 2160 1377 2202 7,
1394 2159 1450 2195 12.

62 2225 187 2259 Omnes
217 2227 511 2268 potestates,
554 2222 783 2269 imperia,
824 2221 1020 2255 curationes
1058 2222 1102 2255 ab
1135 2221 1294 2253 universo
1321 2221 1447 2264 populo

61 2286 216 2319 Romano
237 2284 406 2328 proficisci
429 2285 596 2318 conuenit.
622 2303 667 2308 ——
699 2283 898 2328 &Agitaban
929 2294 964 2315 v.
989 2283 1033 2316 ad
1058 2283 1134 2317 Cat.
1159 2281 1288 2320 xxm,
1311 2279 1345 2314 3.
1370 2281 1445 2326 lug.

58 2346 134 2388 Lx,
164 2344 198 2387 4.
245 2344 274 2379 A
307 2355 377 2388 quo
407 2345 516 2379 verbo
548 2355 658 2388 quum
693 2344 841 2388 pendeat
873 2344 910 2377 in
939 2344 1188 2388 potestatibus,
1225 2341 1446 2384 Gerlaehtus,

59 2417 208 2450 eumque
230 2410 368 2440 secutus
390 2405 622 2447 lanmannus,
652 2405 788 2440 utvim
820 2404 1086 2449 praepositionis
1117 2405 1172 2445 in,
1208 2403 1306 2436 nulla
1329 2403 1444 2448 expli-

58 2468 194 2502 catione
227 2465 389 2512 egentis,
422 2466 612 2510 explicent,
643 2467 791 2511 pessime
824 2466 1009 2500 conferunt
1039 2465 1253 2499 alienissima
1283 2465 1446 2510 exempla

59 2528 161 2563 Catil.
184 2528 230 2570 11,
254 2527 313 2563 1⁰.
337 2529 415 2574 lug.
443 2529 544 2570 xlv,
568 2528 624 2562 11.
648 2529 804 2570 LXXIV,
832 2528 878 2571 1.,
903 2538 1052 2571 quorum
1075 2538 1165 2571 quae
1186 2526 1278 2561 ratio
1301 2526 1347 2561 sit
1374 2527 1447 2561 suis

58 2588 143 2624 locis
175 2588 337 2624 diximus.
385 2589 487 2632 Quod
518 2589 728 2623 Gerlachius
760 2594 942 2634 praeterea
975 2589 1010 2622 in
1043 2589 1099 2622 liis
1131 2588 1365 2623 locutionibus
1398 2589 1444 2622 ab

58 2649 143 2695 ipso-
157 2652 287 2685 temere
318 2650 471 2684 confusis
494 2650 666 2694 quendam
688 2650 910 2695 antiquitatis
942 2651 1088 2683 colorem
1124 2650 1235 2684 inesse
1257 2648 1443 2692 contendit,
1492 2667 1495 2673 ·

58 2711 281 2757 vehementer
299 2709 486 2745 ridiculum
510 2715 574 2745 est.
945 2697 948 2710 ’
1252 2750 1261 2760 x

150 2773 184 2815 S.
205 2771 240 2807 6.
287 2772 334 2807 ad
357 2773 394 2806 id
417 2772 588 2816 locorum]
622 2767 643 2806 i'.
670 2783 700 2807 e.
737 2772 784 2806 ad
794 2772 845 2805 -id
866 2776 1020 2817 tempus,
1050 2770 1126 2807 scil,
1158 2783 1227 2816 quo
1249 2770 1445 2816 haruspicis
