1826 3276
387 173 470 214 496
751 167 797 208 G.
827 165 1145 208 SALLUSTI
1173 165 1382 208 CRISPI

335 283 435 330 ›4di
462 282 654 325 animum
688 279 831 322 vortit.
899 278 959 321 Et
991 278 1106 321 forte
1141 279 1183 321 iu
1218 293 1272 321 eo
1307 278 1407 322 loco
1445 279 1623 337 grandis
1658 280 1743 323 ilex

383 378 602 421 coaluerat
640 374 753 417 inter
788 388 915 428 saxa,
966 374 1163 432 paullum
1198 372 1334 416 modo
1372 387 1538 431 prona,
1583 373 1743 417 deinde

384 473 497 514 flexa
523 475 655 526 atque
685 474 811 511 aucta
845 469 889 510 in
917 467 1201 524 altitudinem,
1238 469 1326 525 qu'o
1363 473 1518 510 cuncta
1547 467 1740 527 gignen-

384 631 555 664 editorum
578 640 696 662 errore
719 628 777 661 diu
801 629 978 672 expulsam
992 653 1002 669 ‚
1025 628 1060 662 in
1084 640 1151 672 qua
1174 639 1296 671 omnes,
1318 627 1414 661 codd.
1437 625 1651 669 conspirant,
1679 625 1746 660 nisi
1767 668 1769 671 .

383 691 473 734 qnod
497 690 532 723 in
555 700 638 723 voce
657 689 778 732 cupido
811 693 844 722 et
874 678 917 722 in⁴
939 692 1111 731 postremo
1145 688 1315 722 vocabulo
1345 687 1482 721 variant
1515 685 1743 728 aliquantum.

383 751 472 783 Vera
494 748 595 783 lectio
626 750 778 782 animum
811 749 958 782 vertit
991 750 1101 782 exstat
1123 749 1159 781 iu
1182 747 1341 782 omnibus
1362 746 1459 781 codd.
1485 745 1602 787 Rivii,
1625 745 1744 781 melio-

382 809 478 843 ribus
500 808 660 851 Gruteri,
694 809 853 852 pluribus
885 807 1014 842 lVassii
1029 833 1039 850 ‚
1075 809 1156 842 Bas.
1182 807 1215 840 l.
1239 807 1346 843 Fahr.
1368 806 1402 840 1.
1426 806 1527 840 Rem.
1552 804 1585 838 1.
1609 802 1643 838 2.
1666 804 1745 838 Seu.

384 871 416 904 1.
441 869 474 902 2.
498 869 621 902 Hense.
647 867 720 903 Vin.
742 868 776 902 2.
808 868 903 901 Vrat.
926 868 959 901 2.
982 868 1019 903 3.
1054 868 1170 902 Guell'.
1199 867 1234 900 2.
1258 867 1290 900 4.
1313 867 1346 900 7.
1372 866 1427 900 ll.
1457 863 1549 908 Teg.
1581 864 1692 898 Puris.
1714 876 1743 898 c.

383 940 415 962 x.
441 940 471 961 z.
494 931 529 961 et
562 927 706 962 Goerlit.
752 927 828 960 Non
859 926 944 960 satis
973 932 1135 961 accurate
1166 932 1281 961 tamen
1314 924 1519 958 Gerlachius
1544 924 1745 958 Commenta

384 1000 417 1032 p.
442 987 522 1021 322.
545 987 642 1020 verbi
666 985 869 1020 sententiam
892 986 941 1020 ita
966 986 1234 1030 interpretatur:
1267 984 1391 1027 cupido
1413 983 1567 1018 animum
1591 983 1665 1017 eius
1683 984 1747 1017 im-

380 1048 509 1092 plevit,
533 1046 584 1080 ita
607 1051 646 1080 ut
668 1051 758 1080 totus
790 1046 828 1080 in
851 1046 915 1079 hac
947 1057 985 1079 re
1008 1050 1105 1079 esset.
1142 1044 1275 1080 ,Sensus
1297 1043 1501 1087 potius-este
1527 1043 1651 1086 cupido
1673 1054 1746 1076 mu·
1787 1032 1791 1039 ‘

383 1107 473 1142 tavit
503 1106 576 1139 eius
606 1106 779 1146 animum,
811 1105 862 1139 ita
900 1109 939 1140 ut
967 1105 1072 1149 primi
1102 1104 1232 1138 consilii
1261 1102 1484 1137 cochlearum
1519 1103 1746 1147 legendarum

381 1177 519 1212 prorsus
550 1166 691 1206 oblitus,
719 1176 829 1199 novae
859 1165 912 1198 rei
946 1165 1117 1207 studeret,
1148 1168 1182 1198 et
1205 1161 1566 1197 facinus-incredibile
1587 1163 1691 1196 simul
1713 1166 1747 1197 et

382 1225 589 1261 admirabile
612 1226 712 1259 edere
735 1226 880 1260 arderet.
927 1225 1043 1268 Quam
1065 1223 1267 1259 sententiam
1290 1221 1372 1260 huic
1401 1222 1478 1256 loco
1502 1221 1644 1267 egregie
1665 1233 1746 1256 con-

382 1286 576 1320 venientem
607 1297 714 1329 quum
746 1286 846 1319 multi
877 1284 1012 1318 librarii
1041 1295 1108 1317 non
1140 1285 1415 1327 assequerentur,
1447 1281 1508 1316 alii
1542 1282 1747 1326 scripserunt

383 1348 535 1381 animum
567 1346 742 1387 advertit,
773 1344 834 1378 alii
858 1343 1128 1384 animadvertit,
1154 1342 1216 1376 alii
1240 1343 1391 1376 animum
1415 1343 1592 1385 accendit,
1626 1342 1688 1376 alii
1711 1354 1744 1376 a.

381 1406 551 1448 intendit,
583 1404 645 1439 alii
669 1417 704 1439 a.
728 1404 895 1445 attendit,
920 1403 983 1437 alii
1005 1414 1040 1437 a.
1064 1403 1220 1445 invadit,
1251 1402 1313 1436 alii
1337 1414 1371 1435 a.
1397 1401 1543 1443 invasit,
1566 1402 1628 1436 alii
1651 1402 1744 1436 deni-

381 1477 448 1510 que
471 1465 629 1508 afcepit.
675 1463 859 1497 Praeterea
891 1474 949 1496 sex
980 1462 1080 1496 codd.
1110 1473 1173 1505 pro
1208 1463 1328 1506 cupido
1351 1461 1480 1495 habent
1511 1461 1677 1504 cupidus,
1702 1472 1745 1496 ae

380 1525 524 1560 totidem
547 1524 621 1557 fere
642 1524 758 1568 cupidi
764 1535 777 1564 ,·
799 1523 859 1556 sed
880 1523 969 1557 haec
991 1521 1110 1555 omnia
1131 1524 1208 1555 sunt
1231 1521 1421 1564 eiusmodi,
1443 1523 1481 1554 ut
1503 1520 1606 1555 facile
1627 1520 1746 1556 videas

382 1570 427 1619 ab
452 1578 710 1626 interpolatri'ce
739 1593 846 1615 manu
872 1592 945 1615 esse
967 1581 1146 1624 profecta,
1178 1579 1288 1624 nequ'e
1313 1581 1386 1615 ullo
1407 1579 1511 1614 modo
1533 1579 1746 1616 labefactare

381 1647 443 1678 aut
464 1643 501 1677 in
523 1641 752 1685 suspicionem
773 1651 900 1675 vocare
921 1643 1093 1683 receptam
1116 1639 1341 1683 scripturam,
1373 1650 1477 1683 quam
1491 1640 1642 1683 cupidus
1665 1651 1746 1674 con·

378 1703 498 1737 firmat
532 1701 648 1746 potius
683 1701 778 1735 haud
818 1699 1047 1734 mediocriter.
1093 1699 1326 1734 Nihilominus
1363 1699 1510 1734 editores
1546 1699 1679 1734 incerta
1710 1704 1745 1735 et

379 1773 469 1796 vana
500 1761 602 1796 certis
633 1760 878 1804 praetulerunt.
930 1760 1021 1795 Nam
1051 1771 1159 1803 quum
1189 1758 1324 1793 Gellius
1342 1759 1406 1801 lx,
1433 1758 1490 1794 12.
1528 1760 1743 1795 «Sallustium

380 1821 510 1857 alicubi
533 1820 660 1855 dixisse
682 1821 812 1854 referat
835 1831 926 1854 more
949 1821 1120 1854 humanae
1141 1818 1309 1863 cupidinis
1330 1819 1459 1864 ignara
1483 1819 1636 1863 visendi,
1670 1820 1742 1855 No-

381 1882 459 1916 nius
482 1885 598 1916 autem
621 1881 665 1922 11,
687 1878 766 1914 465.
793 1891 835 1914 ex
856 1879 1064 1925 Iugurthino
1088 1880 1179 1913 bello
1211 1879 1331 1913 laudet
1353 1890 1468 1914 amore
1490 1879 1662 1914 humanae
1683 1892 1743 1914 cu-

380 1941 540 1987 piditatis
570 1940 700 1985 ignora
731 1939 881 1982 visendi,
913 1939 1082 1981 editores,
1112 1937 1215 1973 Nonii
1247 1938 1363 1973 verbis
1395 1939 1547 1983 primum
1569 1939 1614 1974 ad
1637 1939 1743 1980 Gellii

382 2001 564 2042 correctis,
587 2003 772 2043 utrumque
793 2000 887 2034 hunc
908 2003 1063 2034 nostrum
1084 1999 1201 2032 locum
1227 1997 1416 2042 respexisse
1435 2003 1612 2042 putarunt,
1634 1999 1742 2034 nihil-

382 2074 450 2106 que
470 2060 642 2104 antiquius
663 2060 870 2102 habueruut,
890 2069 994 2102 quam
1015 2061 1056 2111 git
1075 2058 1182 2092 eiecta
1204 2058 1302 2092 codd.
1321 2057 1491 2102 scriptura
1514 2058 1621 2093 Gellii
1635 2060 1744 2094 verba

381 2121 419 2155 in
452 2124 582 2156 textum
610 2119 790 2154 inferrent.
836 2119 905 2153 Sed
939 2129 1046 2162 quum
1074 2117 1132 2151 vix
1155 2128 1224 2151 una
1247 2117 1364 2152 littera
1387 2129 1469 2152 cum
1490 2119 1636 2163 vulgata
1657 2130 1741 2153 con-

381 2181 530 2226 spirent,
552 2190 663 2224 neque
686 2179 835 2224 intelligi
857 2182 980 2223 queat,
1010 2189 1091 2220 cur,
1130 2175 1161 2211 si
1182 2175 1299 2220 spuria
1321 2179 1409 2211 esset
1433 2178 1531 2213 codd.
1552 2178 1672 2222 lectio,
1698 2190 1743 2214 ue

381 2240 526 2275 minima
548 2239 687 2283 quidem
709 2239 936 2284 discrepantia
957 2238 995 2272 in
1016 2238 1166 2282 quinque
1191 2235 1262 2270 illis
1283 2235 1398 2270 verbis
1421 2242 1605 2283 appareat,
1635 2250 1742 2283 quum

381 2301 498 2331 tamen
529 2297 597 2330 duo
629 2299 804 2339 postrema
837 2298 1006 2333 vocabula
1033 2301 1208 2342 tantopere
1241 2295 1378 2330 variata
1409 2296 1495 2338 sint,
1522 2297 1559 2332 in
1579 2301 1742 2342 promptu

382 2360 455 2398 est,
478 2357 564 2390 falso
587 2356 737 2390 Nonium
760 2357 848 2391 haee
870 2367 912 2391 ex
935 2357 1105 2402 Iugurtha
1126 2355 1306 2398 laudasse,
1342 2366 1431 2400 quae
1462 2357 1556 2391 haud
1578 2356 1682 2391 dubie
1704 2356 1741 2391 iu

380 2415 546 2450 Historiis
570 2415 697 2459 scripta
731 2420 846 2456 erant,
870 2419 906 2450 et
937 2416 1155 2464 Fragmentis
1183 2415 1437 2450 annumeranda
1463 2420 1550 2450 snut.
1594 2417 1741 2451 Per-ver·
1765 2432 1767 2434 >

381 2475 453 2510 sius
483 2479 599 2508 tamen
630 2485 735 2518 quam
765 2474 974 2518 antiquiores
1008 2473 1155 2509 editores
1197 2475 1272 2520 egit
1305 2473 1462 2517 Cottius,
1509 2487 1552 2510 ex
1581 2476 1741 2511 codicum

380 2536 549 2579 scriptura
574 2539 607 2568 et
631 2535 947 2570 Grammaticorum
969 2534 1082 2569 verbis
1104 2535 1202 2577 quasi
1224 2546 1285 2579 per
1306 2538 1460 2569 saturam
1481 2536 1632 2570 conflans
1647 2536 1740 2570 hanc

383 2595 611 2639 scripturam:
645 2607 735 2629 more
768 2597 911 2630 humani
945 2596 1079 2640 ingenii
1116 2596 1237 2640 cupido
1269 2596 1399 2640 ignara
1430 2594 1567 2628 vteundt'
1594 2593 1738 2627 invadit.

383 2655 483 2698 Quae
514 2654 673 2689 Sallustii
704 2667 778 2690 csse
809 2656 926 2691 credat
954 2656 1015 2700 qui
1038 2655 1140 2697 velit3
1176 2654 1370 2690 refellendis
1393 2657 1484 2688 certe
1510 2663 1650 2697 operam
1671 2663 1738 2686 non

383 2724 642 2757 consumemus,
676 2714 802 2760 quippe
834 2727 923 2760 quae
944 2727 988 2750 ne
1009 2716 1160 2761 speciem
1188 2715 1327 2760 quidem
1349 2725 1416 2749 non
1438 2713 1551 2748 dicam
1573 2711 1738 2752 veritatis,
