1826 3276
505 186 863 232 IUGURTHA.
921 185 1045 229 GAP.
1075 183 1140 229 CI.
1415 185 1498 226 541

112 306 272 355 Latine
303 305 431 365 (nam
460 305 585 366 apud
611 304 895 350 Numantiam
924 302 1050 361 loqui
1083 299 1320 360 didicerat)
1349 298 1501 344 excla—

56 412 61 423 '
113 411 227 450 mat:
272 409 451 448 nostros
496 403 658 447 frustra
703 416 934 463 pugnare3
979 400 1134 461 paullo
1170 404 1271 444 ante
1303 398 1501 442 Marium
1537 388 1541 391 μ

113 518 194 548 sua
223 517 359 546 manu
385 500 696 554 interfectum3
733 499 861 543 simul
895 498 1098 559 gladium
1132 496 1348 558 sanguine
1385 495 1502 541 obli—

111 607 208 645 tum
243 597 503 654 ostendere,
540 612 676 656 quem
711 597 757 641 in
789 611 947 657 pugna
982 597 1084 641 satis
1123 594 1317 655 impigre
1353 593 1503 638 occiso

108 696 264 758 pedite
309 701 461 740 nostro
508 700 828 740 cruentaverat.
909 693 1049 750 Quod
1091 693 1169 738 ubi
1214 691 1375 736 milites
1419 698 1535 737 ac-‘7

112 829 253 866 Cottius
277 826 410 876 agebat
423 829 531 864 verbo
555 832 670 864 censet
692 827 898 874 industriam
915 827 1146 872 ardoremque
1169 824 1276 861 Marii
1299 823 1506 859 describi.—

113 892 248 927 Primos
281 890 438 936 nangius
470 890 620 935 pessime
657 889 741 924 dicit
774 901 850 925 esse
880 889 1002 924 Sullae
1036 889 1249 934 equitatum,
1283 898 1387 932 quem
1410 875 1505 931 apud

110 937 293 989 dextumon'
325 962 467 987 curasse
498 955 594 996 patet
629 963 671 986 ex
703 963 733 986 c.
766 952 814 994 C,
849 951 884 985 2.
931 949 1154 995 Intelligendi
1186 951 1266 983 sunt
1287 948 1444 992 pedites,
1468 947 1505 980 iu

109 1016 224 1061 primo
248 1013 390 1061 agmine
409 1011 656 1047 constituti.--
671 1013 826 1047 Numida
847 1012 870 1046 i.
895 1023 926 1046 e.
950 1011 1144 1057 Iugurtha3
1167 1021 1202 1043 V.
1229 1009 1274 1044 ad
1298 1021 1327 1042 c.
1344 1008 1505 1050 Lxxxl,

109 1075 144 1111 3.
177 1075 298 1119 Inepta
321 1077 372 1109 est
398 1073 492 1108 enim
516 1075 761 1109 nonnullorum
784 1074 978 1116 sententia,
1012 1071 1277 1118 intelligendum
1302 1081 1377 1104 esse
1398 1080 1505 1104 unum

111 1149 152 1171 ex
176 1136 361 1178 Numidis‚·
387 1135 516 1180 quippe
538 1147 607 1169 non
639 1135 803 1170 viderunt
834 1135 902 1170 hoc
934 1145 1037 1169 sensu
1060 1133 1244 1167 dicendum
1269 1131 1377 1165 fuisse
1414 1130 1506 1176 qui-

110 1197 165 1233 da
179 1209 214 1232 m
240 1197 420 1240 Numida,
453 1199 491 1230 ut
514 1207 544 1233 c.
570 1196 699 1238 XCIII,
716 1197 751 1231 2.
777 1215 823 1221 —
845 1196 899 1231 Ad
921 1207 1010 1240 quos
1031 1198 1150 1230 autem
1170 1193 1307 1238 pedites
1329 1194 1506 1226 couverte-

109 1259 157 1295 rit
189 1259 389 1304 Iugurtha,
424 1257 531 1292 valde
566 1257 762 1303 ambigitur
791 1258 837 1292 ab
870 1255 1130 1301 interpretibus.
1178 1254 1317 1290 eortius
1349 1252 1508 1287 enim-et

108 1321 226 1356 Faber
249 1320 377 1354 Bocchi
401 1318 534 1364 pedites
556 1319 779 1365 intelligunt,
803 1317 986 1363 Bipontini
1009 1321 1043 1352 et
1067 1315 1222 1362 Langius
1246 1315 1443 1355 Romanos,
1467 1311 1505 1348 in

109 1385 266 1417 extrema
288 1380 368 1415 acie
389 1391 469 1414 eum
492 1380 549 1425 his
568 1385 784 1426 puguantes;
807 1380 868 1414 sed
886 1383 1052 1414 neutrum
1075 1378 1153 1412 fieri
1174 1379 1298 1421 potest.
1330 1374 1506 1420 Iugurtha

111 1442 230 1486 euim,
268 1440 364 1486 apud
397 1441 528 1486 primos
556 1453 636 1476 cum
659 1441 778 1478 Mario
801 1440 1014 1486 confligens,
1049 1449 1118 1473 non
1141 1440 1278 1482 poterat
1300 1436 1346 1471 ad
1370 1438 1505 1480 postre-

109 1514 187 1539 mos
209 1501 413 1548 pervenire,
437 1502 505 1536 nisi
529 1503 689 1538 dextram
711 1506 868 1548 partem,
897 1501 960 1536 ubi
983 1500 1086 1536 Sulla
1109 1503 1205 1541 erat,
1231 1501 1292 1532 aut
1313 1496 1504 1539 sinistram,

109 1564 175 1600 ubi
197 1562 353 1598 Manlius
375 1564 543 1607 curabat,
572 1564 893 1610 praetergrediens3
925 1563 1019 1607 quod
1054 1565 1094 1596 ut
1121 1573 1160 1596 re
1182 1560 1261 1606 ipsa
1283 1557 1503 1603 impedieba-

109 1630 187 1668 tur,
220 1624 294 1668 ita,
317 1623 348 1660 si
371 1624 503 1658 sactum
526 1628 640 1668 esset,
675 1637 746 1659 non
777 1624 946 1669 potuisset
969 1634 992 1658 a
1015 1621 1183 1657 Sallustio
1205 1621 1314 1654 verbo
1337 1618 1506 1654 convortit

31 1724 39 1733 ἱ
111 1684 316 1733 significari.
364 1685 483 1729 Quare
514 1685 650 1730 pedites
672 1684 889 1731 intelligendi
913 1687 992 1718 sunt
1024 1682 1082 1716 vel
1104 1681 1215 1726 ipsius
1246 1681 1381 1726 primae
1404 1680 1504 1723 aciei,

110 1748 175 1783 ubi
204 1747 378 1794 Iugurtha
409 1750 506 1790 erat,
539 1748 599 1782 vel
633 1748 671 1782 in
698 1758 740 1782 ea
772 1745 902 1780 sinistri
932 1743 1054 1779 lateris
1086 1747 1200 1787 parte,
1231 1754 1322 1786 quae
1352 1741 1505 1787 primam

110 1808 224 1845 aciem
247 1807 465 1853 attingebat,
490 1811 692 1851 versantes3
716 1811 836 1852 utrum
860 1810 978 1841 tamen
1002 1803 1157 1839 Romani
1180 1804 1330 1848 fuerint,
1362 1815 1407 1838 an
1429 1803 1506 1839 Nu-

110 1871 250 1913 midae,
280 1870 341 1904 vix
374 1873 468 1904 certo
499 1873 611 1914 potest
643 1868 685 1904 ei:
723 1868 842 1903 verbis
877 1866 996 1912 paullo
1029 1865 1289 1900 obscurioribus
1320 1865 1408 1900 erui.
1453 1865 1506 1900 Ac

111 1933 306 1968 Muellerus
341 1931 483 1976 quidem
517 1931 692 1966 Numidas
732 1930 931 1976 Iugurthae
962 1940 1043 1963 cum
1074 1928 1117 1962 A.
1150 1927 1286 1963 Manlio
1308 1930 1507 1972 pugnantes

109 1993 304 2040 significari
328 1995 441 2038 putat.
489 1992 559 2028 Sed
581 1992 613 2027 si
636 1991 855 2037 reputaveris
878 1990 1091 2036 Iugurtham
1113 1989 1234 2024 dolum
1257 1989 1301 2022 de
1322 1988 1506 2027 interfecto

114 2055 230 2090 Mario
252 2054 409 2097 finxisse,
431 2065 500 2088 non
522 2058 595 2089 tam
620 2058 659 2088 ut
681 2065 760 2088 suos
782 2052 954 2098 erigeret,
978 2062 1084 2095 quam
1108 2054 1147 2086 ut
1171 2051 1346 2085 Romanos
1367 2054 1506 2094 pertur-

111 2115 230 2157 baret,
265 2126 308 2150 ac
347 2118 493 2160 propter
522 2115 560 2156 id
589 2115 705 2160 ipsum
730 2114 860 2150 Latine
889 2114 1048 2148 locutum
1083 2113 1185 2158 (quid
1218 2112 1387 2148 attinebat
1410 2110 1504 2146 enim

113 2176 277 2212 Numidis
301 2176 429 2211 Latine
452 2176 567 2211 dicere
575 2176 628 2222 ἓ),
650 2180 831 2221 praeterea
854 2176 946 2210 hanc
967 2175 1203 2214 narrationem
1225 2174 1389 2209 contiuuo
1411 2173 1504 2208 exci-

114 2249 197 2283 pere
220 2237 331 2272 verba
353 2238 444 2283 quod
467 2238 526 2272 ubi
556 2239 738 2275 milites
772 2236 958 2283 (Romani)
982 2247 1229 2281 accepere,
1261 2237 1410 2271 fortasse
1432 2246 1505 2269 me-

114 2310 196 2334 cum
218 2298 391 2344 iudicabis
413 2298 459 2333 ad
489 2298 664 2334 Romanos
695 2311 734 2334 se
764 2288 976 2333 convertisse
998 2298 1217 2344 Iugurtham.
1265 2298 1364 2333 Clam
1386 2301 1505 2332 autem

115 2359 152 2399 id
174 2360 298 2395 fecisse
323 2359 483 2402 videtur,
504 2371 550 2394 ne
569 2360 727 2404 Marius,
759 2372 910 2405 quocum
933 2363 1149 2402 certaverat,
1179 2359 1211 2394 si
1233 2358 1349 2403 ipsum
1372 2359 1506 2394 abeun—

114 2425 187 2457 tem
209 2420 444 2466 conspiceret,
467 2425 682 2466 sequeretur,
705 2423 894 2466 dolumque
916 2420 1111 2465 praesentia
1137 2430 1201 2455 sua
1223 2420 1387 2456 eluderet.
1435 2420 1506 2455 Sed
1541 2464 1544 2468 ,

115 2481 268 2517 iudicent
293 2474 486 2525 acutiores,
509 2493 593 2517 num
614 2486 709 2518 recte
730 2482 938 2527 impeditum
961 2483 1078 2517 locum
1100 2481 1384 2517 intellexerimus.
1415 2481 1507 2516 Ger-
1550 2476 1552 2480 ’

117 2543 255 2587 lachius
286 2548 400 2586 certe,
432 2547 471 2578 ut
496 2544 584 2578 solet
619 2544 657 2579 in
688 2543 969 2586 obscurioribus,
992 2544 1082 2578 haec
1107 2543 1224 2578 omnia
1245 2544 1344 2578 docto
1366 2542 1506 2578 silentio

119 2603 274 2640 transiit.-
292 2624 338 2630 —
362 2606 432 2639 Pro
456 2606 623 2653 conuertit
645 2606 682 2648 in
705 2606 823 2641 Guelf.
848 2605 882 2639 4.
913 2607 965 2639 est
985 2616 1022 2640 se
1045 2616 1154 2650 conv„
1179 2605 1282 2639 Rem.
1306 2605 1340 2639 1.
1366 2615 1508 2639 conver-

117 2666 227 2708 titur,·
250 2677 284 2700 v.
307 2666 353 2702 ad
377 2667 453 2703 Cat.
477 2667 536 2709 vl,
559 2667 594 2701 7.
617 2668 750 2708 —J'ro
774 2666 952 2702 ostendere
974 2666 1210 2710 Priscian.‚X,
1232 2666 1268 2710 7,
1291 2665 1348 2702 39.
1373 2677 1407 2710 p.
1425 2665 1506 2700 501.

117 2728 172 2762 ed.
204 2728 282 2770 Kr.,
314 2729 408 2763 huuc
449 2729 566 2764 locum
599 2728 801 2764 memoriter
840 2728 987 2764 laudans
1021 2731 1166 2774 propter
1193 2729 1357 2773 oblitum,
1398 2727 1508 2763 habet

119 2794 306 2825 ostentam.
