1826 3276
45 785 68 795 x

423 197 793 242 IUGURTHA.
853 195 1305 241 CARLXXXVIII.
1449 198 1534 244 478

145 315 258 361 rant-i
285 329 392 360 mox
427 315 596 361 effusos
631 314 771 360 hostis
797 314 948 360 invadi
978 329 1133 375 posse,
1167 315 1415 372 Romanos,
1450 315 1532 359 sic-

145 414 210 458 uti
253 413 520 474 plerosque,
557 418 732 458 remoto
778 418 900 457 metu
945 412 1084 458 laxius
1124 411 1415 472 licentiusque
1453 412 1529 457 fu-

142 515 284 556 turos.

276 606 571 652 LXXXVIII.
625 605 839 651 Metellus
879 606 1048 651 interea
1078 606 1276 652 Romam
1301 607 1531 668 profectus

141 691 458 765 contra-spem
495 719 621 749 suam
648 703 911 748 laetissumis
947 703 1102 748 animis
1137 705 1372 765 excipitur,
1403 705 1531 765 plebi

137 802 452 863 patribusque,
497 806 740 862 postquam
779 801 944 846 invidia
980 800 1262 858 decesserat,
1296 802 1417 846 iuxta
1453 818 1530 846 ca-

53 922 71 951 ῃ
136 914 226 946 rus.
297 899 392 945 Sed
437 898 609 944 Marius
642 899 838 960 impigre
881 898 1222 959 prudenterque
1270 914 1454 944 suorum
1489 905 1571 945 et2

64 989 73 1039 ’.
134 995 330 1042 hostium
363 1012 436 1042 res
469 996 642 1058 pariter
677 995 931 1054 attendere,
968 1011 1246 1057 cognoscere
1279 997 1389 1056 quid
1422 997 1531 1042 boni

135 1093 337 1154 utrisque
380 1101 457 1139 aut
502 1099 656 1139 contra
691 1100 832 1150 esset,
883 1094 1124 1155 explorare
1154 1094 1312 1140 itinera
1352 1110 1528 1156 regum,

132 1220 274 1257 differat
293 1221 339 1257 ub
362 1220 564 1257 accusativo
587 1221 775 1256 adventum
797 1232 903 1266 supra
924 1220 1204 1266 significavimus
1224 1221 1269 1257 ad
1290 1234 1320 1257 c.
1336 1222 1530 1267 LXXXIV,

131 1281 167 1317 3.
201 1282 390 1326 Pon-peram
421 1282 532 1328 igitur
561 1283 598 1318 in
629 1281 807 1318 nonnullis
837 1282 937 1317 codd.
972 1281 1163 1317 adventum
1192 1283 1379 1325 scribitur-3
1402 1295 1530 1328 perpe·-

130 1352 208 1377 ram
231 1343 341 1378 ctiam
365 1343 521 1389 bangius
548 1347 738 1388 utrumque
770 1343 864 1378 idem
886 1353 962 1377 esse
985 1342 1164 1387 opinatur.
1187 1363 1235 1370 —
1259 1345 1345 1380 Loci
1367 1344 1530 1381 dicuntur

130 1404 368 1458 difficiles
399 1407 559 1449 respectu
582 1404 702 1439 aditus
715 1416 730 1445 ,-
767 1404 889 1439 eodem
911 1415 1015 1439 sensu
1038 1407 1162 1439 auctor
1193 1417 1224 1438 c.
1247 1407 1387 1449 LXXV,
1411 1406 1469 1443 lo.
1492 1410 1528 1442 et

129 1463 332 1509 LXXXIX,
356 1464 391 1499 4.
426 1465 583 1511 loquitur
614 1465 658 1499 de
687 1465 836 1500 locorum
863 1465 1159 1513 asperitate.
1189 1485 1234 1492 —
1266 1468 1320 1502 De
1350 1471 1527 1502 structura

127 1527 319 1561 verborum
351 1527 466 1562 laxius
487 1546 532 1552 —-
551 1528 693 1571 futuros
727 1537 762 1560 v.
797 1527 841 1562 ad
865 1526 943 1561 cat.
967 1526 1092 1570 LVIII,
1115 1527 1150 1563 9.
1185 1528 1266 1564 coll.
1290 1529 1369 1574 Ing.
1393 1528 1468 1572 vu,
1490 1527 1528 1566 6.

128 1592 165 1624 ot
186 1589 279 1631 XIV,
301 1587 360 1622 11.

220 1648 445 1685 LXXXVIII.
479 1648 513 1693 §-
537 1648 572 1682 1.
618 1651 740 1683 contra
759 1650 881 1694 spem]
902 1648 929 1685 i.
954 1659 985 1683 e.
1007 1643 1130 1684 contra
1149 1648 1349 1693 opinionem
1370 1649 1429 1684 vel
1450 1660 1527 1684 me-

127 1713 226 1756 tum,
251 1714 291 1746 ut
313 1709 527 1744 ostendimus
549 1708 595 1744 ad
619 1709 697 1743 eat.
719 1710 799 1745 XX.
822 1709 880 1744 13.
904 1721 939 1753 p.
964 1710 1045 1744 1⁰4.
1070 1710 1117 1744 cf.
1140 1710 1219 1746 Liv-
1243 1710 1288 1752 11,
1313 1709 1348 1752 3,
1371 1709 1407 1745 1.
1439 1710 1526 1745 Bel-

127 1773 200 1806 lum
232 1772 278 1806 ab
310 1770 513 1816 Tarquiniis
546 1768 728 1804 imminens
759 1781 836 1816 spe
865 1771 1018 1805 omnium
1050 1771 1162 1805 serius
1186 1771 1277 1814 fuit.
1309 1771 1405 1814 XXI,
1427 1771 1463 1813 6,
1486 1771 1522 1807 5.

128 1833 290 1868 Omnium
322 1843 401 1878 spe
430 1832 574 1866 celerius
607 1831 810 1877 Saguntum
843 1831 1044 1878 oppugnari
1075 1833 1226 1867 allatum
1252 1837 1315 1867 eat.
1338 1853 1386 1860 —
1415 1833 1524 1872 Dece·

128 1893 211 1928 dere
243 1903 316 1937 qua
346 1892 483 1929 ratione
517 1892 657 1927 dicatur
690 1893 914 1938 exposuimus
938 1894 982 1927 ad
1002 1904 1033 1928 c.
1058 1893 1139 1935 XX,
1163 1892 1219 1934 1.;
1242 1892 1324 1928 inde
1344 1892 1525 1940 intellige-

126 1957 206 1998 tur,
229 1965 337 1998 quam
360 1955 455 1989 male
476 1954 537 1989 hic
569 1954 728 1990 nonnulli
752 1954 854 1990 codd.
888 1955 1067 1989 discedere
1090 1952 1289 1989 exhibeant.
1313 1973 1360 1979 -—
1393 1954 1524 1989 Eorum

125 2018 207 2062 post
234 2015 382 2050 insidias
410 2019 544 2051 temere
576 2027 600 2052 a
629 2016 753 2051 Cottio
786 2016 943 2051 deletum
976 2019 1050 2058 est,
1084 2027 1194 2060 quum
1218 2015 1465 2049 tantummodo
1486 2014 1524 2049 iu

127 2076 204 2112 Vin.
227 2076 265 2123 l.x
285 2080 320 2112 et
345 2077 470 2112 Franc.
493 2078 592 2112 desit.
618 2097 665 2104 -—
688 2077 885 2112 Remiserim
911 2077 983 2113 iam
1007 2075 1263 2121 explicavimus
1285 2076 1330 2111 ad
1354 2088 1383 2110 c.
1401 2076 1521 2120 LVIII,

126 2138 160 2172 1.
193 2138 358 2172 Ceterum
380 2138 470 2173 nihil
501 2139 681 2173 remissum
713 2150 822 2183 quum
853 2138 1026 2173 latissime
1049 2140 1193 2182 pateat,
1225 2138 1263 2172 h.
1286 2137 1313 2172 l.
1336 2137 1380 2172 ad
1402 2149 1523 2182 perso-

125 2209 192 2233 nas
221 2197 376 2234 maxime
406 2203 561 2244 spectat,
584 2211 620 2236 v.
654 2199 700 2235 ad
734 2212 764 2234 c.
790 2200 886 2242 XIII,
910 2200 944 2235 6.
979 2204 1014 2236 et
1036 2200 1082 2235 ad
1105 2199 1198 2240 XIV,
1222 2198 1305 2239 16.;
1329 2209 1448 2233 sensus
1471 2200 1524 2233 est

124 2259 246 2294 enim:
271 2260 442 2295 nentinem
473 2271 617 2294 suorum
648 2271 692 2296 ac
726 2262 826 2296 nulla
848 2261 885 2296 in
918 2273 957 2296 re
978 2260 1165 2296 remissum
1186 2259 1262 2295 sive
1284 2259 1523 2305 neglig-entem

125 2332 200 2357 csse
225 2321 446 2366 patiebatur,
466 2331 578 2364 neque
600 2322 756 2357 hostium
779 2334 991 2368 quemquam
1014 2327 1152 2363 tutum,
1184 2320 1208 2355 i.
1232 2332 1264 2354 e.
1288 2321 1381 2364 apud
1403 2320 1522 2354 hostes

125 2386 244 2419 natm
267 2382 388 2418 omnia
415 2383 649 2428 periculorum
678 2385 785 2429 plena
816 2384 945 2420 effecit.
991 2382 1136 2418 Erravit
1159 2385 1276 2416 tamen
1299 2380 1438 2416 eortius
1461 2385 1519 2415 tu-

125 2450 198 2481 tum
227 2444 474 2490 interpretatus
503 2443 543 2478 id
575 2444 668 2489 quod
698 2450 817 2481 tuetur
848 2451 882 2481 et
913 2450 1028 2481 tutum
1060 2447 1243 2489 praestat,
1280 2447 1422 2477 secutus
1443 2441 1521 2476 eius

125 2505 317 2541 sentcntiae
345 2509 528 2541 auctorem
562 2506 743 2540 Duker-um
776 2506 822 2540 ad
844 2505 940 2540 Flor.
965 2505 1024 2548 IV,
1046 2505 1083 2547 2,
1106 2504 1164 2539 23.
1213 2504 1324 2538 Tutus
1346 2502 1442 2537 enim
1465 2502 1519 2536 di-

126 2566 230 2610 citur,
258 2567 320 2612 qui
342 2579 367 2602 a
388 2566 544 2612 periculo
566 2576 707 2611 prorsus
729 2566 815 2600 liber
838 2569 890 2600 est
913 2567 1037 2612 cuique
1060 2565 1150 2600 nihil
1173 2568 1285 2623 potest
1306 2575 1454 2607 nocere3
1471 2563 1517 2599 ab

125 2638 169 2663 οο
187 2627 344 2663 diversus
367 2631 421 2663 cst
442 2639 594 2670 securus,
618 2628 747 2673 quippe
769 2627 830 2672 qui
863 2627 1024 2671 opinetur
1053 2626 1294 2661 tantummodo
1317 2637 1340 2661 a
1361 2625 1520 2671 periculo

125 2699 164 2723 se
185 2700 262 2724 esse
284 2689 437 2724 liberum
450 2714 462 2731 ,
486 2689 562 2723 sive
585 2699 669 2724 vera
691 2692 745 2724 est
766 2689 835 2724 ista
859 2688 991 2732 opinio,
1023 2687 1099 2723 sive
1117 2687 1217 2722 falsa.
1266 2688 1387 2733 Quum
1409 2686 1521 2732 igitur

123 2750 253 2785 horum
275 2751 530 2786 vocabulorum
552 2750 646 2789 ratio
669 2749 749 2786 talis
771 2750 827 2793 sit,
850 2749 966 2795 qualis
987 2748 1170 2784 intercedit
1191 2749 1285 2783 inter
1307 2758 1380 2783 rem
1403 2747 1518 2792 ipsam

125 2813 163 2846 ct
187 2810 240 2846 rei
262 2811 478 2858 opinionem,
516 2811 594 2847 ficri
617 2814 751 2858 potest,
787 2814 826 2847 ut
858 2811 919 2857 qui
942 2822 982 2846 re
1003 2810 1081 2857 ipsa
1101 2815 1198 2850 tutus
1221 2809 1291 2853 sit,
1321 2812 1441 2845 tamen
1461 2818 1517 2842 er-
