<?xml version="1.0" encoding="UTF-8"?>
<!DOCTYPE html PUBLIC "-//W3C//DTD XHTML 1.0 Transitional//EN"
    "http://www.w3.org/TR/xhtml1/DTD/xhtml1-transitional.dtd">
<html xmlns="http://www.w3.org/1999/xhtml" xml:lang="en" lang="en">
 <head>
  <title>
</title>
<meta http-equiv="Content-Type" content="text/html;charset=utf-8" />
  <meta name='ocr-system' content='tesseract 3.04.00' />
  <meta name='ocr-capabilities' content='ocr_page ocr_carea ocr_par ocr_line ocrx_word'/>
</head>
<body>
  <div class='ocr_page' id='page_1' title='image "./operaquaesupers02salluoft/operaquaesupers02salluoft_0028.png"; bbox 0 0 1826 3276; ppageno 0'>
   <div class='ocr_carea' id='block_1_1' title="bbox 354 185 1356 236">
    <p class='ocr_par' dir='ltr' id='par_1_1' title="bbox 354 185 1356 236">
     <span class='ocr_line' id='line_1_1' title="bbox 354 185 1356 236; baseline -0.008 0"><span class='ocrx_word' id='word_1_1' title='bbox 354 197 384 236; x_wconf 83' lang='lat'><strong>6</strong></span> <span class='ocrx_word' id='word_1_2' title='bbox 721 189 766 233; x_wconf 87' lang='lat' dir='ltr'><strong><em>C.</em></strong></span> <span class='ocrx_word' id='word_1_3' title='bbox 793 185 1109 232; x_wconf 83' lang='lat' dir='ltr'><strong>SALLUSTI</strong></span> <span class='ocrx_word' id='word_1_4' title='bbox 1137 185 1356 230; x_wconf 87' lang='lat' dir='ltr'><strong>CRISPI</strong></span> 
     </span>
    </p>
   </div>
   <div class='ocr_carea' id='block_1_2' title="bbox 363 297 1719 363">
    <p class='ocr_par' dir='ltr' id='par_1_2' title="bbox 363 297 1719 363">
     <span class='ocr_line' id='line_1_2' title="bbox 363 297 1719 363; baseline -0.004 -13"><span class='ocrx_word' id='word_1_5' title='bbox 363 306 551 363; x_wconf 85' lang='lat' dir='ltr'><strong><em>quisque</em></strong></span> <span class='ocrx_word' id='word_1_6' title='bbox 609 303 787 361; x_wconf 85' lang='lat' dir='ltr'><strong><em>culpam</em></strong></span> <span class='ocrx_word' id='word_1_7' title='bbox 848 305 1048 344; x_wconf 82' lang='lat' dir='ltr'><strong>auctores</strong></span> <span class='ocrx_word' id='word_1_8' title='bbox 1099 298 1159 343; x_wconf 84' lang='lat' dir='ltr'><strong><em>ad</em></strong></span> <span class='ocrx_word' id='word_1_9' title='bbox 1209 298 1392 358; x_wconf 85' lang='lat' dir='ltr'><strong><em>negotia</em></strong></span> <span class='ocrx_word' id='word_1_10' title='bbox 1442 297 1719 344; x_wconf 86' lang='lat' dir='ltr'><strong><em>transferunt.</em></strong></span> 
     </span>
    </p>
   </div>
   <div class='ocr_carea' id='block_1_3' title="bbox 328 394 1720 455">
    <p class='ocr_par' dir='ltr' id='par_1_3' title="bbox 328 394 1720 455">
     <span class='ocr_line' id='line_1_3' title="bbox 328 394 1720 455; baseline -0.004 -11"><span class='ocrx_word' id='word_1_11' title='bbox 328 402 355 444; x_wconf 87' lang='grc'><em>5</em></span> <span class='ocrx_word' id='word_1_12' title='bbox 368 399 539 455; x_wconf 82' lang='lat' dir='ltr'>Quodsi</span> <span class='ocrx_word' id='word_1_13' title='bbox 581 396 830 441; x_wconf 90' lang='lat' dir='ltr'><strong><em>hominibus</em></strong></span> <span class='ocrx_word' id='word_1_14' title='bbox 870 394 1086 437; x_wconf 89' lang='lat' dir='ltr'><strong><em>bonarum</em></strong></span> <span class='ocrx_word' id='word_1_15' title='bbox 1118 408 1267 437; x_wconf 88' lang='lat' dir='ltr'><strong><em>rerum</em></strong></span> <span class='ocrx_word' id='word_1_16' title='bbox 1299 397 1420 436; x_wconf 82' lang='lat' dir='ltr'><strong><em>tanta</em></strong></span> <span class='ocrx_word' id='word_1_17' title='bbox 1453 407 1558 437; x_wconf 83' lang='lat' dir='ltr'><strong><em>cura</em></strong></span> <span class='ocrx_word' id='word_1_18' title='bbox 1591 400 1720 454; x_wconf 84' lang='lat' dir='ltr'><strong><em>esset,</em></strong></span> 
     </span>
    </p>
   </div>
   <div class='ocr_carea' id='block_1_4' title="bbox 361 511 1750 2765">
    <p class='ocr_par' dir='ltr' id='par_1_4' title="bbox 361 511 1750 2765">
     <span class='ocr_line' id='line_1_4' title="bbox 366 511 1724 556; baseline -0.002 -5"><span class='ocrx_word' id='word_1_19' title='bbox 366 515 555 551; x_wconf 80' lang='lat' dir='ltr'><strong><em>Triumviri</em></strong></span> <span class='ocrx_word' id='word_1_20' title='bbox 576 513 710 548; x_wconf 85' lang='lat' dir='ltr'><strong><em>nomine</em></strong></span> <span class='ocrx_word' id='word_1_21' title='bbox 733 511 910 546; x_wconf 83' lang='lat' dir='ltr'><em>Consulem</em></span> <span class='ocrx_word' id='word_1_22' title='bbox 931 522 967 546; x_wconf 85' lang='lat' dir='ltr'><strong><em>se</em></strong></span> <span class='ocrx_word' id='word_1_23' title='bbox 981 513 1174 555; x_wconf 84' lang='lat' dir='ltr'><strong><em>ferens,</em></strong></span> <span class='ocrx_word' id='word_1_24' title='bbox 1198 515 1232 546; x_wconf 87' lang='lat' dir='ltr'><strong><em>et</em></strong></span> <span class='ocrx_word' id='word_1_25' title='bbox 1253 511 1301 545; x_wconf 83' lang='lat' dir='ltr'><strong><em>ad</em></strong></span> <span class='ocrx_word' id='word_1_26' title='bbox 1323 511 1486 545; x_wconf 78' lang='lat' dir='ltr'><strong><em>tuendam</em></strong></span> <span class='ocrx_word' id='word_1_27' title='bbox 1505 512 1638 556; x_wconf 80' lang='lat' dir='ltr'><strong><em>plebem</em></strong></span> <span class='ocrx_word' id='word_1_28' title='bbox 1657 514 1724 548; x_wconf 83' lang='lat' dir='ltr'><strong><em>tri-</em></strong></span> 
     </span>
     <span class='ocr_line' id='line_1_5' title="bbox 362 570 1725 616; baseline -0.001 -7"><span class='ocrx_word' id='word_1_29' title='bbox 362 575 493 609; x_wconf 82' lang='lat' dir='ltr'><strong><em>bunicio</em></strong></span> <span class='ocrx_word' id='word_1_30' title='bbox 516 575 590 607; x_wconf 87' lang='lat' dir='ltr'><strong><em>iure</em></strong></span> <span class='ocrx_word' id='word_1_31' title='bbox 612 576 825 614; x_wconf 84' lang='lat' dir='ltr'><strong><em>contentum,</em></strong></span> <span class='ocrx_word' id='word_1_32' title='bbox 858 570 934 605; x_wconf 80' lang='lat' dir='ltr'><strong><em>ubi</em></strong></span> <span class='ocrx_word' id='word_1_33' title='bbox 956 571 1097 605; x_wconf 85' lang='lat' dir='ltr'><strong><em>militem</em></strong></span> <span class='ocrx_word' id='word_1_34' title='bbox 1121 571 1237 612; x_wconf 82' lang='lat' dir='ltr'><strong><em>donis,</em></strong></span> <span class='ocrx_word' id='word_1_35' title='bbox 1266 572 1429 615; x_wconf 89' lang='lat' dir='ltr'><strong><em>populum</em></strong></span> <span class='ocrx_word' id='word_1_36' title='bbox 1452 583 1611 616; x_wconf 85' lang='lat' dir='ltr'><strong><em>annona,</em></strong></span> <span class='ocrx_word' id='word_1_37' title='bbox 1642 585 1725 607; x_wconf 81' lang='lat' dir='ltr'><strong><em>cun-</em></strong></span> 
     </span>
     <span class='ocr_line' id='line_1_6' title="bbox 362 631 1724 676; baseline 0.001 -9"><span class='ocrx_word' id='word_1_38' title='bbox 362 640 432 668; x_wconf 83' lang='lat' dir='ltr'><strong><em>ctos</em></strong></span> <span class='ocrx_word' id='word_1_39' title='bbox 455 632 631 668; x_wconf 80' lang='lat' dir='ltr'><strong><em>dulcedine</em></strong></span> <span class='ocrx_word' id='word_1_40' title='bbox 654 632 717 667; x_wconf 86' lang='lat' dir='ltr'><strong><em>otii</em></strong></span> <span class='ocrx_word' id='word_1_41' title='bbox 737 631 898 676; x_wconf 75' lang='lat' dir='ltr'><strong><em>pellexit,</em></strong></span> <span class='ocrx_word' id='word_1_42' title='bbox 922 631 1167 675; x_wconf 78' lang='lat' dir='ltr'><strong><em>insurgere</em></strong></span> <span class='ocrx_word' id='word_1_43' title='bbox 1188 631 1392 675; x_wconf 76' lang='lat' dir='ltr'><strong><em>paullatim,</em></strong></span> <span class='ocrx_word' id='word_1_44' title='bbox 1423 631 1545 666; x_wconf 86' lang='lat' dir='ltr'><strong><em>munia</em></strong></span> <span class='ocrx_word' id='word_1_45' title='bbox 1566 632 1724 676; x_wconf 85' lang='lat' dir='ltr'><strong><em>Senatus,</em></strong></span> 
     </span>
     <span class='ocr_line' id='line_1_7' title="bbox 361 690 1727 736; baseline 0.001 -10"><span class='ocrx_word' id='word_1_46' title='bbox 361 692 655 736; x_wconf 78' lang='lat' dir='ltr'><strong>magistratuum,</strong></span> <span class='ocrx_word' id='word_1_47' title='bbox 687 692 807 736; x_wconf 84' lang='lat' dir='ltr'><strong><em>legum</em></strong></span> <span class='ocrx_word' id='word_1_48' title='bbox 838 690 873 725; x_wconf 86' lang='lat' dir='ltr'><strong><em>in</em></strong></span> <span class='ocrx_word' id='word_1_49' title='bbox 904 701 942 724; x_wconf 87' lang='lat' dir='ltr'><strong><em>se</em></strong></span> <span class='ocrx_word' id='word_1_50' title='bbox 973 690 1122 724; x_wconf 81' lang='lat' dir='ltr'><strong><em>trahere.</em></strong></span> <span class='ocrx_word' id='word_1_51' title='bbox 1131 691 1154 709; x_wconf 87' lang='lat'><strong>“</strong></span> <span class='ocrx_word' id='word_1_52' title='bbox 1199 691 1247 724; x_wconf 76' lang='lat' dir='ltr'><strong><em>cf.</em></strong></span> <span class='ocrx_word' id='word_1_53' title='bbox 1267 691 1391 726; x_wconf 81' lang='lat' dir='ltr'><strong><em>Noster</em></strong></span> <span class='ocrx_word' id='word_1_54' title='bbox 1410 691 1488 736; x_wconf 84' lang='lat' dir='ltr'><strong><em>lug.</em></strong></span> <span class='ocrx_word' id='word_1_55' title='bbox 1508 693 1668 735; x_wconf 80' lang='lat' dir='ltr'><strong><em>xxxm,</em></strong></span> <span class='ocrx_word' id='word_1_56' title='bbox 1691 692 1727 727; x_wconf 79' lang='lat'><strong><em>2.</em></strong></span> 
     </span>
     <span class='ocr_line' id='line_1_8' title="bbox 361 748 1725 795; baseline 0 -9"><span class='ocrx_word' id='word_1_57' title='bbox 361 752 449 793; x_wconf 81' lang='lat' dir='ltr'><strong><em>Lm,</em></strong></span> <span class='ocrx_word' id='word_1_58' title='bbox 473 751 508 787; x_wconf 89' lang='grc'><strong><em>1.</em></strong></span> <span class='ocrx_word' id='word_1_59' title='bbox 530 750 606 786; x_wconf 71' lang='lat' dir='ltr'><strong><em>laiv-</em></strong></span> <span class='ocrx_word' id='word_1_60' title='bbox 631 751 659 794; x_wconf 87' lang='lat' dir='ltr'><strong><em>I,</em></strong></span> <span class='ocrx_word' id='word_1_61' title='bbox 682 750 739 795; x_wconf 83' lang='lat'><strong><em>16,</em></strong></span> <span class='ocrx_word' id='word_1_62' title='bbox 762 751 799 786; x_wconf 82' lang='grc'><strong><em>2.</em></strong></span> <span class='ocrx_word' id='word_1_63' title='bbox 818 770 864 776; x_wconf 92' lang='grc'><strong>-</strong></span> <span class='ocrx_word' id='word_1_64' title='bbox 885 751 938 783; x_wconf 88' lang='lat' dir='ltr'><strong><em>De</em></strong></span> <span class='ocrx_word' id='word_1_65' title='bbox 961 750 1033 782; x_wconf 85' lang='lat' dir='ltr'><strong><em>sin</em></strong></span> <span class='ocrx_word' id='word_1_66' title='bbox 1053 748 1225 793; x_wconf 75' lang='lat' dir='ltr'><strong><em>particula</em></strong></span> <span class='ocrx_word' id='word_1_67' title='bbox 1246 749 1378 784; x_wconf 84' lang='lat' dir='ltr'><strong><em>dictum</em></strong></span> <span class='ocrx_word' id='word_1_68' title='bbox 1399 750 1443 784; x_wconf 85' lang='lat' dir='ltr'><strong><em>ad</em></strong></span> <span class='ocrx_word' id='word_1_69' title='bbox 1465 751 1567 786; x_wconf 78' lang='lat' dir='ltr'><strong><em>Catil.</em></strong></span> <span class='ocrx_word' id='word_1_70' title='bbox 1589 752 1648 794; x_wconf 85' lang='lat' dir='ltr'><strong><em>LI,</em></strong></span> <span class='ocrx_word' id='word_1_71' title='bbox 1668 752 1725 786; x_wconf 74' lang='lat'><strong><em>24·</em></strong></span> 
     </span>
     <span class='ocr_line' id='line_1_9' title="bbox 361 808 1728 855; baseline -0.001 -9"><span class='ocrx_word' id='word_1_72' title='bbox 361 822 393 855; x_wconf 80' lang='lat' dir='ltr'><strong><em>p.</em></strong></span> <span class='ocrx_word' id='word_1_73' title='bbox 419 809 501 846; x_wconf 81' lang='lat'>251.</span> <span class='ocrx_word' id='word_1_74' title='bbox 533 829 579 835; x_wconf 93' lang='lat'>—</span> <span class='ocrx_word' id='word_1_75' title='bbox 614 810 748 845; x_wconf 76' lang='lat' dir='ltr'><strong><em>Pravus</em></strong></span> <span class='ocrx_word' id='word_1_76' title='bbox 770 810 979 854; x_wconf 85' lang='lat' dir='ltr'><strong><em>explicatum</em></strong></span> <span class='ocrx_word' id='word_1_77' title='bbox 1001 808 1051 843; x_wconf 81' lang='lat' dir='ltr'><strong><em>ib,</em></strong></span> <span class='ocrx_word' id='word_1_78' title='bbox 1075 809 1124 850; x_wconf 86' lang='lat' dir='ltr'><strong><em>V,</em></strong></span> <span class='ocrx_word' id='word_1_79' title='bbox 1147 808 1181 842; x_wconf 80' lang='lat'><strong><em>1.</em></strong></span> <span class='ocrx_word' id='word_1_80' title='bbox 1199 821 1234 853; x_wconf 85' lang='lat' dir='ltr'><strong><em>p.</em></strong></span> <span class='ocrx_word' id='word_1_81' title='bbox 1255 809 1312 844; x_wconf 73' lang='lat'><strong><em>27.</em></strong></span> <span class='ocrx_word' id='word_1_82' title='bbox 1343 828 1389 835; x_wconf 92' lang='lat'>—</span> <span class='ocrx_word' id='word_1_83' title='bbox 1418 809 1660 846; x_wconf 79' lang='lat' dir='ltr'><strong><em>Pessumdatus</em></strong></span> <span class='ocrx_word' id='word_1_84' title='bbox 1690 811 1728 845; x_wconf 89' lang='lat' dir='ltr'><strong><em>in</em></strong></span> 
     </span>
     <span class='ocr_line' id='line_1_10' title="bbox 363 867 1730 915; baseline 0 -11"><span class='ocrx_word' id='word_1_85' title='bbox 363 882 469 904; x_wconf 92' lang='lat' dir='ltr'><strong><em>unum</em></strong></span> <span class='ocrx_word' id='word_1_86' title='bbox 493 871 703 905; x_wconf 82' lang='lat' dir='ltr'><strong><em>vocabulum</em></strong></span> <span class='ocrx_word' id='word_1_87' title='bbox 726 870 975 912; x_wconf 75' lang='lat' dir='ltr'><strong>contraximus,</strong></span> <span class='ocrx_word' id='word_1_88' title='bbox 1006 867 1163 912; x_wconf 79' lang='lat' dir='ltr'><strong><em>quamvis</em></strong></span> <span class='ocrx_word' id='word_1_89' title='bbox 1185 868 1257 902; x_wconf 84' lang='lat' dir='ltr'><strong><em>alia</em></strong></span> <span class='ocrx_word' id='word_1_90' title='bbox 1278 869 1406 911; x_wconf 82' lang='lat' dir='ltr'><strong><em>verba,</em></strong></span> <span class='ocrx_word' id='word_1_91' title='bbox 1437 870 1484 904; x_wconf 78' lang='lat' dir='ltr'><strong><em>ad</em></strong></span> <span class='ocrx_word' id='word_1_92' title='bbox 1509 881 1647 915; x_wconf 78' lang='lat' dir='ltr'><strong><em>pessum</em></strong></span> <span class='ocrx_word' id='word_1_93' title='bbox 1671 882 1730 904; x_wconf 83' lang='lat' dir='ltr'><strong><em>re-</em></strong></span> 
     </span>
     <span class='ocr_line' id='line_1_11' title="bbox 363 929 1731 974; baseline -0.002 -8"><span class='ocrx_word' id='word_1_94' title='bbox 363 932 453 973; x_wconf 88' lang='lat' dir='ltr'><strong><em>lata,</em></strong></span> <span class='ocrx_word' id='word_1_95' title='bbox 475 932 570 965; x_wconf 78' lang='lat' dir='ltr'><strong><em>velut</em></strong></span> <span class='ocrx_word' id='word_1_96' title='bbox 585 932 653 974; x_wconf 84' lang='lat' dir='ltr'><strong><em>ire,</em></strong></span> <span class='ocrx_word' id='word_1_97' title='bbox 677 931 791 972; x_wconf 81' lang='lat' dir='ltr'><strong><em>abire,</em></strong></span> <span class='ocrx_word' id='word_1_98' title='bbox 815 931 943 971; x_wconf 79' lang='lat' dir='ltr'><strong><em>sidere,</em></strong></span> <span class='ocrx_word' id='word_1_99' title='bbox 968 929 1161 970; x_wconf 81' lang='lat' dir='ltr'><strong><em>subsidere,</em></strong></span> <span class='ocrx_word' id='word_1_100' title='bbox 1182 937 1358 972; x_wconf 82' lang='lat' dir='ltr'><strong><em>premere,</em></strong></span> <span class='ocrx_word' id='word_1_101' title='bbox 1378 929 1588 973; x_wconf 79' lang='lat' dir='ltr'><strong><em>deprimere,</em></strong></span> <span class='ocrx_word' id='word_1_102' title='bbox 1611 933 1731 964; x_wconf 84' lang='lat' dir='ltr'><strong><em>contra</em></strong></span> 
     </span>
     <span class='ocr_line' id='line_1_12' title="bbox 363 988 1732 1033; baseline -0.001 -9"><span class='ocrx_word' id='word_1_103' title='bbox 363 991 510 1025; x_wconf 87' lang='lat' dir='ltr'><strong><em>suadere</em></strong></span> <span class='ocrx_word' id='word_1_104' title='bbox 532 991 724 1024; x_wconf 83' lang='lat' dir='ltr'><strong><em>videantur.</em></strong></span> <span class='ocrx_word' id='word_1_105' title='bbox 770 989 839 1023; x_wconf 89' lang='lat' dir='ltr'><strong><em>Sed</em></strong></span> <span class='ocrx_word' id='word_1_106' title='bbox 861 988 1023 1033; x_wconf 86' lang='lat' dir='ltr'><strong><em>quoniam</em></strong></span> <span class='ocrx_word' id='word_1_107' title='bbox 1046 989 1150 1030; x_wconf 84' lang='lat' dir='ltr'><strong><em>dare,</em></strong></span> <span class='ocrx_word' id='word_1_108' title='bbox 1182 988 1322 1032; x_wconf 86' lang='lat' dir='ltr'><strong><em>propria</em></strong></span> <span class='ocrx_word' id='word_1_109' title='bbox 1348 991 1514 1032; x_wconf 76' lang='lat' dir='ltr'><strong><em>potestate</em></strong></span> <span class='ocrx_word' id='word_1_110' title='bbox 1535 999 1646 1032; x_wconf 89' lang='lat' dir='ltr'><strong><em>paene</em></strong></span> <span class='ocrx_word' id='word_1_111' title='bbox 1668 989 1732 1023; x_wconf 87' lang='lat' dir='ltr'><strong><em>ab-</em></strong></span> 
     </span>
     <span class='ocr_line' id='line_1_13' title="bbox 363 1047 1733 1093; baseline -0.001 -9"><span class='ocrx_word' id='word_1_112' title='bbox 363 1049 474 1092; x_wconf 82' lang='lat' dir='ltr'><strong><em>iecta,</em></strong></span> <span class='ocrx_word' id='word_1_113' title='bbox 508 1056 573 1084; x_wconf 83' lang='lat' dir='ltr'><strong><em>usu</em></strong></span> <span class='ocrx_word' id='word_1_114' title='bbox 596 1050 647 1084; x_wconf 83' lang='lat' dir='ltr'><strong><em>ita</em></strong></span> <span class='ocrx_word' id='word_1_115' title='bbox 670 1060 749 1083; x_wconf 91' lang='lat' dir='ltr'><strong><em>cum</em></strong></span> <span class='ocrx_word' id='word_1_116' title='bbox 769 1060 903 1093; x_wconf 83' lang='lat' dir='ltr'><strong><em>pessum</em></strong></span> <span class='ocrx_word' id='word_1_117' title='bbox 925 1049 1097 1082; x_wconf 86' lang='lat' dir='ltr'><strong><em>vocabulo</em></strong></span> <span class='ocrx_word' id='word_1_118' title='bbox 1120 1047 1269 1092; x_wconf 81' lang='lat' dir='ltr'><strong><em>coaluit,</em></strong></span> <span class='ocrx_word' id='word_1_119' title='bbox 1302 1051 1341 1081; x_wconf 87' lang='lat' dir='ltr'><strong><em>ut</em></strong></span> <span class='ocrx_word' id='word_1_120' title='bbox 1363 1048 1400 1082; x_wconf 86' lang='lat' dir='ltr'><strong><em>iu</em></strong></span> <span class='ocrx_word' id='word_1_121' title='bbox 1421 1058 1526 1082; x_wconf 88' lang='lat' dir='ltr'><strong><em>unam</em></strong></span> <span class='ocrx_word' id='word_1_122' title='bbox 1548 1048 1649 1092; x_wconf 84' lang='lat' dir='ltr'><strong><em>quasi</em></strong></span> <span class='ocrx_word' id='word_1_123' title='bbox 1668 1060 1733 1083; x_wconf 92' lang='lat' dir='ltr'><strong><em>no—</em></strong></span> 
     </span>
     <span class='ocr_line' id='line_1_14' title="bbox 363 1108 1735 1153; baseline -0.001 -9"><span class='ocrx_word' id='word_1_124' title='bbox 363 1109 493 1144; x_wconf 78' lang='lat' dir='ltr'><strong><em>tionem</em></strong></span> <span class='ocrx_word' id='word_1_125' title='bbox 527 1109 677 1143; x_wconf 88' lang='lat' dir='ltr'><strong><em>conflata</em></strong></span> <span class='ocrx_word' id='word_1_126' title='bbox 711 1108 904 1153; x_wconf 84' lang='lat' dir='ltr'><strong><em>significent</em></strong></span> <span class='ocrx_word' id='word_1_127' title='bbox 935 1109 972 1142; x_wconf 86' lang='lat' dir='ltr'><strong><em>in</em></strong></span> <span class='ocrx_word' id='word_1_128' title='bbox 1004 1108 1110 1142; x_wconf 86' lang='lat' dir='ltr'><strong><em>imum</em></strong></span> <span class='ocrx_word' id='word_1_129' title='bbox 1147 1108 1368 1151; x_wconf 81' lang='lat' dir='ltr'><strong><em>deprimendo</em></strong></span> <span class='ocrx_word' id='word_1_130' title='bbox 1400 1119 1636 1152; x_wconf 85' lang='lat' dir='ltr'><strong><em>corrumpere,</em></strong></span> <span class='ocrx_word' id='word_1_131' title='bbox 1674 1109 1735 1142; x_wconf 80' lang='lat' dir='ltr'><strong><em>vel</em></strong></span> 
     </span>
     <span class='ocr_line' id='line_1_15' title="bbox 363 1166 1735 1214; baseline -0.002 -10"><span class='ocrx_word' id='word_1_132' title='bbox 363 1168 569 1213; x_wconf 83' lang='lat' dir='ltr'><strong><em>simpliciter</em></strong></span> <span class='ocrx_word' id='word_1_133' title='bbox 599 1169 766 1214; x_wconf 86' lang='lat' dir='ltr'><strong><em>perdere,</em></strong></span> <span class='ocrx_word' id='word_1_134' title='bbox 802 1179 844 1202; x_wconf 89' lang='lat' dir='ltr'><strong><em>ea</em></strong></span> <span class='ocrx_word' id='word_1_135' title='bbox 874 1168 953 1211; x_wconf 86' lang='lat' dir='ltr'><strong><em>ipsa</em></strong></span> <span class='ocrx_word' id='word_1_136' title='bbox 985 1178 1039 1201; x_wconf 82' lang='lat' dir='ltr'><strong><em>res</em></strong></span> <span class='ocrx_word' id='word_1_137' title='bbox 1062 1167 1213 1211; x_wconf 88' lang='lat' dir='ltr'><strong><em>postulat</em></strong></span> <span class='ocrx_word' id='word_1_138' title='bbox 1237 1169 1276 1203; x_wconf 88' lang='lat' dir='ltr'><strong><em>ut</em></strong></span> <span class='ocrx_word' id='word_1_139' title='bbox 1298 1166 1508 1201; x_wconf 86' lang='lat' dir='ltr'><strong><em>coniunctim</em></strong></span> <span class='ocrx_word' id='word_1_140' title='bbox 1529 1167 1735 1209; x_wconf 87' lang='lat' dir='ltr'><strong><em>scribantur,</em></strong></span> 
     </span>
     <span class='ocr_line' id='line_1_16' title="bbox 364 1226 1736 1274; baseline -0.001 -11"><span class='ocrx_word' id='word_1_141' title='bbox 364 1228 526 1274; x_wconf 83' lang='lat' dir='ltr'><strong><em>analogia</em></strong></span> <span class='ocrx_word' id='word_1_142' title='bbox 564 1229 771 1263; x_wconf 82' lang='lat' dir='ltr'><strong><em>venumdare</em></strong></span> <span class='ocrx_word' id='word_1_143' title='bbox 799 1228 898 1262; x_wconf 80' lang='lat' dir='ltr'><strong><em>verbi</em></strong></span> <span class='ocrx_word' id='word_1_144' title='bbox 928 1227 1021 1262; x_wconf 87' lang='lat' dir='ltr'><strong><em>idem</em></strong></span> <span class='ocrx_word' id='word_1_145' title='bbox 1051 1228 1225 1262; x_wconf 80' lang='lat' dir='ltr'><strong><em>suadente.</em></strong></span> <span class='ocrx_word' id='word_1_146' title='bbox 1294 1227 1434 1261; x_wconf 82' lang='lat' dir='ltr'><strong><em>Pessum</em></strong></span> <span class='ocrx_word' id='word_1_147' title='bbox 1468 1226 1560 1262; x_wconf 85' lang='lat' dir='ltr'><strong><em>unde</em></strong></span> <span class='ocrx_word' id='word_1_148' title='bbox 1595 1227 1736 1262; x_wconf 89' lang='lat' dir='ltr'><strong><em>ductum</em></strong></span> 
     </span>
     <span class='ocr_line' id='line_1_17' title="bbox 364 1285 1736 1333; baseline 0.001 -11"><span class='ocrx_word' id='word_1_149' title='bbox 364 1289 410 1323; x_wconf 86' lang='lat' dir='ltr'><strong><em>sit</em></strong></span> <span class='ocrx_word' id='word_1_150' title='bbox 431 1300 499 1322; x_wconf 92' lang='lat' dir='ltr'><strong><em>non</em></strong></span> <span class='ocrx_word' id='word_1_151' title='bbox 522 1288 611 1323; x_wconf 88' lang='lat' dir='ltr'><strong><em>inter</em></strong></span> <span class='ocrx_word' id='word_1_152' title='bbox 634 1299 752 1323; x_wconf 87' lang='lat' dir='ltr'><strong><em>omnes</em></strong></span> <span class='ocrx_word' id='word_1_153' title='bbox 775 1290 925 1331; x_wconf 87' lang='lat' dir='ltr'><strong><em>constat,</em></strong></span> <span class='ocrx_word' id='word_1_154' title='bbox 950 1287 1028 1321; x_wconf 90' lang='lat' dir='ltr'><strong><em>aliis</em></strong></span> <span class='ocrx_word' id='word_1_155' title='bbox 1050 1298 1072 1321; x_wconf 86' lang='lat' dir='ltr'><strong><em>a</em></strong></span> <span class='ocrx_word' id='word_1_156' title='bbox 1091 1298 1170 1332; x_wconf 84' lang='lat' dir='ltr'><strong><em>pes,</em></strong></span> <span class='ocrx_word' id='word_1_157' title='bbox 1195 1285 1274 1322; x_wconf 87' lang='lat' dir='ltr'><strong><em>aliis</em></strong></span> <span class='ocrx_word' id='word_1_158' title='bbox 1297 1297 1319 1320; x_wconf 87' lang='lat' dir='ltr'><strong><em>a</em></strong></span> <span class='ocrx_word' id='word_1_159' title='bbox 1338 1287 1510 1331; x_wconf 86' lang='lat' dir='ltr'><strong><em>pendere,</em></strong></span> <span class='ocrx_word' id='word_1_160' title='bbox 1531 1287 1610 1322; x_wconf 78' lang='lat' dir='ltr'><strong><em>aliis</em></strong></span> <span class='ocrx_word' id='word_1_161' title='bbox 1632 1299 1654 1322; x_wconf 90' lang='lat' dir='ltr'><strong><em>a</em></strong></span> <span class='ocrx_word' id='word_1_162' title='bbox 1674 1300 1736 1333; x_wconf 89' lang='lat' dir='ltr'><strong><em>pe-</em></strong></span> 
     </span>
     <span class='ocr_line' id='line_1_18' title="bbox 365 1345 1735 1392; baseline 0 -10"><span class='ocrx_word' id='word_1_163' title='bbox 365 1349 434 1384; x_wconf 76' lang='lat' dir='ltr'><strong><em>tior</em></strong></span> <span class='ocrx_word' id='word_1_164' title='bbox 455 1348 698 1392; x_wconf 78' lang='lat' dir='ltr'><strong><em>repetentibus.</em></strong></span> <span class='ocrx_word' id='word_1_165' title='bbox 743 1346 968 1381; x_wconf 88' lang='lat' dir='ltr'><strong><em>Doederlinus</em></strong></span> <span class='ocrx_word' id='word_1_166' title='bbox 989 1357 1073 1381; x_wconf 81' lang='lat' dir='ltr'><strong><em>vero</em></strong></span> <span class='ocrx_word' id='word_1_167' title='bbox 1097 1346 1133 1380; x_wconf 89' lang='lat' dir='ltr'><strong><em>in</em></strong></span> <span class='ocrx_word' id='word_1_168' title='bbox 1159 1347 1291 1391; x_wconf 85' lang='lat' dir='ltr'><strong><em>Synon.</em></strong></span> <span class='ocrx_word' id='word_1_169' title='bbox 1313 1345 1391 1380; x_wconf 87' lang='lat' dir='ltr'><strong><em>Lat.</em></strong></span> <span class='ocrx_word' id='word_1_170' title='bbox 1413 1346 1459 1380; x_wconf 86' lang='lat' dir='ltr'><strong><em>T.</em></strong></span> <span class='ocrx_word' id='word_1_171' title='bbox 1483 1347 1512 1381; x_wconf 91' lang='grc' dir='ltr'><strong><em>Ι.</em></strong></span> <span class='ocrx_word' id='word_1_172' title='bbox 1533 1359 1569 1391; x_wconf 90' lang='lat' dir='ltr'><strong><em>p.</em></strong></span> <span class='ocrx_word' id='word_1_173' title='bbox 1593 1347 1640 1382; x_wconf 72' lang='lat'><strong><em>67</em></strong></span> <span class='ocrx_word' id='word_1_174' title='bbox 1661 1360 1735 1392; x_wconf 83' lang='lat' dir='ltr'><strong><em>sqq.</em></strong></span> 
     </span>
     <span class='ocr_line' id='line_1_19' title="bbox 366 1404 1739 1452; baseline 0 -10"><span class='ocrx_word' id='word_1_175' title='bbox 366 1419 409 1442; x_wconf 86' lang='lat' dir='ltr'><strong><em>ex</em></strong></span> <span class='ocrx_word' id='word_1_176' title='bbox 438 1419 619 1452; x_wconf 80' lang='lat' dir='ltr'><strong><em>perversus</em></strong></span> <span class='ocrx_word' id='word_1_177' title='bbox 651 1410 868 1441; x_wconf 88' lang='lat' dir='ltr'><strong><em>contractum</em></strong></span> <span class='ocrx_word' id='word_1_178' title='bbox 899 1410 1033 1448; x_wconf 88' lang='lat' dir='ltr'><strong><em>censet,</em></strong></span> <span class='ocrx_word' id='word_1_179' title='bbox 1065 1417 1155 1450; x_wconf 86' lang='lat' dir='ltr'><strong><em>quae</em></strong></span> <span class='ocrx_word' id='word_1_180' title='bbox 1187 1405 1288 1450; x_wconf 88' lang='lat' dir='ltr'><strong><em>origo</em></strong></span> <span class='ocrx_word' id='word_1_181' title='bbox 1321 1404 1412 1439; x_wconf 85' lang='lat' dir='ltr'><strong><em>mihi</em></strong></span> <span class='ocrx_word' id='word_1_182' title='bbox 1442 1417 1552 1450; x_wconf 83' lang='lat' dir='ltr'><strong><em>neque</em></strong></span> <span class='ocrx_word' id='word_1_183' title='bbox 1573 1407 1739 1442; x_wconf 82' lang='lat' dir='ltr'><strong><em>vocabuli</em></strong></span> 
     </span>
     <span class='ocr_line' id='line_1_20' title="bbox 366 1466 1740 1511; baseline 0 -9"><span class='ocrx_word' id='word_1_184' title='bbox 366 1468 483 1504; x_wconf 67' lang='lat' dir='ltr'><strong><em>forma</em></strong></span> <span class='ocrx_word' id='word_1_185' title='bbox 516 1478 625 1510; x_wconf 89' lang='lat' dir='ltr'><strong><em>neque</em></strong></span> <span class='ocrx_word' id='word_1_186' title='bbox 654 1466 906 1511; x_wconf 84' lang='lat' dir='ltr'><strong><em>significatione</em></strong></span> <span class='ocrx_word' id='word_1_187' title='bbox 937 1466 1172 1500; x_wconf 85' lang='lat' dir='ltr'><strong><em>commendari</em></strong></span> <span class='ocrx_word' id='word_1_188' title='bbox 1203 1466 1350 1501; x_wconf 82' lang='lat' dir='ltr'><strong><em>videtur.</em></strong></span> <span class='ocrx_word' id='word_1_189' title='bbox 1394 1466 1518 1501; x_wconf 74' lang='lat' dir='ltr'><strong><em>Multov</em></strong></span> <span class='ocrx_word' id='word_1_190' title='bbox 1549 1466 1740 1511; x_wconf 78' lang='lat' dir='ltr'><strong><em>simplicior</em></strong></span> 
     </span>
     <span class='ocr_line' id='line_1_21' title="bbox 368 1525 1741 1571; baseline 0 -10"><span class='ocrx_word' id='word_1_191' title='bbox 368 1531 462 1562; x_wconf 85' lang='lat' dir='ltr'><strong><em>certe</em></strong></span> <span class='ocrx_word' id='word_1_192' title='bbox 493 1530 528 1561; x_wconf 88' lang='lat' dir='ltr'><strong><em>et</em></strong></span> <span class='ocrx_word' id='word_1_193' title='bbox 559 1526 711 1561; x_wconf 85' lang='lat' dir='ltr'><strong><em>maxime</em></strong></span> <span class='ocrx_word' id='word_1_194' title='bbox 744 1525 936 1570; x_wconf 83' lang='lat' dir='ltr'><strong><em>probabilis</em></strong></span> <span class='ocrx_word' id='word_1_195' title='bbox 966 1526 1119 1571; x_wconf 84' lang='lat' dir='ltr'><strong><em>Reisigii</em></strong></span> <span class='ocrx_word' id='word_1_196' title='bbox 1151 1529 1202 1560; x_wconf 80' lang='lat' dir='ltr'><strong><em>est</em></strong></span> <span class='ocrx_word' id='word_1_197' title='bbox 1232 1525 1415 1568; x_wconf 84' lang='lat' dir='ltr'><strong><em>sententia,</em></strong></span> <span class='ocrx_word' id='word_1_198' title='bbox 1447 1525 1508 1570; x_wconf 76' lang='lat' dir='ltr'><strong><em>qui</em></strong></span> <span class='ocrx_word' id='word_1_199' title='bbox 1530 1527 1574 1560; x_wconf 87' lang='lat' dir='ltr'><strong><em>ab</em></strong></span> <span class='ocrx_word' id='word_1_200' title='bbox 1599 1527 1741 1571; x_wconf 88' lang='lat' dir='ltr'><strong><em>antiqua</em></strong></span> 
     </span>
     <span class='ocr_line' id='line_1_22' title="bbox 367 1585 1740 1628; baseline -0.001 -7"><span class='ocrx_word' id='word_1_201' title='bbox 367 1588 483 1622; x_wconf 83' lang='lat' dir='ltr'><strong><em>forma</em></strong></span> <span class='ocrx_word' id='word_1_202' title='bbox 513 1588 678 1628; x_wconf 75' lang='grc' dir='ltr'><em>ΠΕΤΩ,</em></span> <span class='ocrx_word' id='word_1_203' title='bbox 711 1587 874 1628; x_wconf 77' lang='grc' dir='ltr'><em>ΠΕΣΩ,</em></span> <span class='ocrx_word' id='word_1_204' title='bbox 904 1589 1026 1621; x_wconf 81' lang='grc' dir='ltr'><em>πεσεῖν</em></span> <span class='ocrx_word' id='word_1_205' title='bbox 1058 1587 1262 1620; x_wconf 85' lang='lat' dir='ltr'><strong><em>descendere</em></strong></span> <span class='ocrx_word' id='word_1_206' title='bbox 1283 1586 1320 1620; x_wconf 89' lang='lat' dir='ltr'><strong><em>in</em></strong></span> <span class='ocrx_word' id='word_1_207' title='bbox 1343 1586 1469 1620; x_wconf 84' lang='lat' dir='ltr'><strong><em>scholis</em></strong></span> <span class='ocrx_word' id='word_1_208' title='bbox 1490 1585 1624 1628; x_wconf 87' lang='lat' dir='ltr'><strong><em>docuit;</em></strong></span> <span class='ocrx_word' id='word_1_209' title='bbox 1656 1598 1740 1621; x_wconf 87' lang='lat' dir='ltr'><strong><em>nam</em></strong></span> 
     </span>
     <span class='ocr_line' id='line_1_23' title="bbox 368 1644 1742 1690; baseline 0 -10"><span class='ocrx_word' id='word_1_210' title='bbox 368 1647 418 1681; x_wconf 76' lang='lat' dir='ltr'><strong><em>ita</em></strong></span> <span class='ocrx_word' id='word_1_211' title='bbox 440 1647 579 1680; x_wconf 88' lang='lat' dir='ltr'><strong><em>demum</em></strong></span> <span class='ocrx_word' id='word_1_212' title='bbox 602 1648 714 1690; x_wconf 87' lang='lat' dir='ltr'><strong><em>potest</em></strong></span> <span class='ocrx_word' id='word_1_213' title='bbox 736 1644 908 1690; x_wconf 86' lang='lat' dir='ltr'><strong><em>intelligi,</em></strong></span> <span class='ocrx_word' id='word_1_214' title='bbox 930 1646 1102 1688; x_wconf 89' lang='lat' dir='ltr'><strong><em>quomodo</em></strong></span> <span class='ocrx_word' id='word_1_215' title='bbox 1122 1657 1258 1690; x_wconf 79' lang='lat' dir='ltr'><strong><em>pessum</em></strong></span> <span class='ocrx_word' id='word_1_216' title='bbox 1281 1648 1383 1689; x_wconf 81' lang='lat' dir='ltr'><strong><em>queat</em></strong></span> <span class='ocrx_word' id='word_1_217' title='bbox 1403 1646 1441 1679; x_wconf 82' lang='lat' dir='ltr'><strong><em>in</em></strong></span> <span class='ocrx_word' id='word_1_218' title='bbox 1462 1646 1671 1690; x_wconf 81' lang='lat' dir='ltr'><strong><em>profundum</em></strong></span> <span class='ocrx_word' id='word_1_219' title='bbox 1692 1646 1742 1681; x_wconf 91' lang='lat' dir='ltr'><strong><em>si-</em></strong></span> 
     </span>
     <span class='ocr_line' id='line_1_24' title="bbox 368 1704 1742 1751; baseline 0.001 -13"><span class='ocrx_word' id='word_1_220' title='bbox 368 1705 549 1751; x_wconf 80' lang='lat' dir='ltr'><strong><em>gnificare,</em></strong></span> <span class='ocrx_word' id='word_1_221' title='bbox 571 1705 662 1739; x_wconf 89' lang='lat' dir='ltr'><strong><em>unde</em></strong></span> <span class='ocrx_word' id='word_1_222' title='bbox 683 1705 807 1749; x_wconf 80' lang='lat' dir='ltr'><strong><em>pendet</em></strong></span> <span class='ocrx_word' id='word_1_223' title='bbox 828 1704 994 1749; x_wconf 88' lang='lat' dir='ltr'><strong><em>perniciei</em></strong></span> <span class='ocrx_word' id='word_1_224' title='bbox 1016 1708 1050 1738; x_wconf 89' lang='lat' dir='ltr'><strong><em>et</em></strong></span> <span class='ocrx_word' id='word_1_225' title='bbox 1071 1705 1230 1739; x_wconf 86' lang='lat' dir='ltr'><strong><em>interitus</em></strong></span> <span class='ocrx_word' id='word_1_226' title='bbox 1247 1706 1354 1740; x_wconf 91' lang='lat' dir='ltr'><strong><em>notio.</em></strong></span> <span class='ocrx_word' id='word_1_227' title='bbox 1378 1724 1424 1730; x_wconf 92' lang='lat'><strong><em>—-</em></strong></span> <span class='ocrx_word' id='word_1_228' title='bbox 1445 1705 1641 1750; x_wconf 76' lang='lat' dir='ltr'><strong><em>Paullisper</em></strong></span> <span class='ocrx_word' id='word_1_229' title='bbox 1656 1717 1742 1750; x_wconf 86' lang='lat' dir='ltr'><strong><em>quo-</em></strong></span> 
     </span>
     <span class='ocr_line' id='line_1_25' title="bbox 368 1765 1741 1810; baseline 0 -11"><span class='ocrx_word' id='word_1_230' title='bbox 368 1766 473 1800; x_wconf 88' lang='lat' dir='ltr'><strong><em>modo</em></strong></span> <span class='ocrx_word' id='word_1_231' title='bbox 506 1765 646 1799; x_wconf 84' lang='lat' dir='ltr'><strong><em>differat</em></strong></span> <span class='ocrx_word' id='word_1_232' title='bbox 679 1775 702 1798; x_wconf 88' lang='lat' dir='ltr'><strong><em>a</em></strong></span> <span class='ocrx_word' id='word_1_233' title='bbox 729 1775 916 1808; x_wconf 83' lang='lat' dir='ltr'><strong><em>parumper</em></strong></span> <span class='ocrx_word' id='word_1_234' title='bbox 947 1767 1046 1798; x_wconf 88' lang='lat' dir='ltr'><strong><em>acute</em></strong></span> <span class='ocrx_word' id='word_1_235' title='bbox 1075 1765 1262 1808; x_wconf 85' lang='lat' dir='ltr'><strong><em>explicavit</em></strong></span> <span class='ocrx_word' id='word_1_236' title='bbox 1292 1765 1520 1800; x_wconf 82' lang='lat' dir='ltr'><strong><em>Doederlinus</em></strong></span> <span class='ocrx_word' id='word_1_237' title='bbox 1551 1765 1588 1799; x_wconf 87' lang='lat' dir='ltr'><strong><em>in</em></strong></span> <span class='ocrx_word' id='word_1_238' title='bbox 1611 1765 1741 1810; x_wconf 82' lang='lat' dir='ltr'><strong><em>Synon.</em></strong></span> 
     </span>
     <span class='ocr_line' id='line_1_26' title="bbox 368 1823 1740 1870; baseline 0 -12"><span class='ocrx_word' id='word_1_239' title='bbox 368 1825 449 1859; x_wconf 81' lang='lat' dir='ltr'><strong><em>Lat.</em></strong></span> <span class='ocrx_word' id='word_1_240' title='bbox 472 1825 517 1859; x_wconf 88' lang='lat' dir='ltr'><strong><em>T.</em></strong></span> <span class='ocrx_word' id='word_1_241' title='bbox 539 1826 568 1859; x_wconf 93' lang='lat' dir='ltr'><strong><em>I.</em></strong></span> <span class='ocrx_word' id='word_1_242' title='bbox 603 1836 637 1868; x_wconf 84' lang='lat' dir='ltr'><strong><em>p.</em></strong></span> <span class='ocrx_word' id='word_1_243' title='bbox 660 1823 730 1858; x_wconf 79' lang='lat'><strong><em>145</em></strong></span> <span class='ocrx_word' id='word_1_244' title='bbox 753 1835 827 1868; x_wconf 83' lang='lat' dir='ltr'><strong><em>sqq.</em></strong></span> <span class='ocrx_word' id='word_1_245' title='bbox 862 1824 948 1857; x_wconf 90' lang='lat' dir='ltr'><strong><em>illud</em></strong></span> <span class='ocrx_word' id='word_1_246' title='bbox 979 1823 1221 1867; x_wconf 85' lang='lat' dir='ltr'><strong><em>interpretatus</em></strong></span> <span class='ocrx_word' id='word_1_247' title='bbox 1251 1825 1325 1858; x_wconf 81' lang='lat' dir='ltr'><strong><em>eine</em></strong></span> <span class='ocrx_word' id='word_1_248' title='bbox 1354 1825 1464 1859; x_wconf 79' lang='lat' dir='ltr'><strong><em>kleine</em></strong></span> <span class='ocrx_word' id='word_1_249' title='bbox 1498 1825 1610 1858; x_wconf 78' lang='lat' dir='ltr'><strong><em>Weile</em></strong></span> <span class='ocrx_word' id='word_1_250' title='bbox 1642 1826 1740 1870; x_wconf 82' lang='lat' dir='ltr'><strong><em>lang,</em></strong></span> 
     </span>
     <span class='ocr_line' id='line_1_27' title="bbox 368 1883 1741 1927; baseline 0.001 -9"><span class='ocrx_word' id='word_1_251' title='bbox 368 1885 439 1918; x_wconf 84' lang='lat' dir='ltr'><strong><em>hoc</em></strong></span> <span class='ocrx_word' id='word_1_252' title='bbox 462 1887 548 1927; x_wconf 83' lang='lat' dir='ltr'><strong><em>auf</em></strong></span> <span class='ocrx_word' id='word_1_253' title='bbox 567 1884 640 1918; x_wconf 88' lang='lat' dir='ltr'><strong><em>eine</em></strong></span> <span class='ocrx_word' id='word_1_254' title='bbox 663 1884 774 1917; x_wconf 85' lang='lat' dir='ltr'><strong><em>kleine</em></strong></span> <span class='ocrx_word' id='word_1_255' title='bbox 802 1884 924 1918; x_wconf 83' lang='lat' dir='ltr'><strong><em>Weile.</em></strong></span> <span class='ocrx_word' id='word_1_256' title='bbox 971 1883 1140 1917; x_wconf 85' lang='lat' dir='ltr'><strong><em>Similiter</em></strong></span> <span class='ocrx_word' id='word_1_257' title='bbox 1162 1884 1235 1917; x_wconf 78' lang='lat' dir='ltr'><strong><em>fere</em></strong></span> <span class='ocrx_word' id='word_1_258' title='bbox 1258 1883 1482 1917; x_wconf 84' lang='lat' dir='ltr'><strong><em>Gernhardus</em></strong></span> <span class='ocrx_word' id='word_1_259' title='bbox 1502 1884 1547 1918; x_wconf 85' lang='lat' dir='ltr'><strong><em>ad</em></strong></span> <span class='ocrx_word' id='word_1_260' title='bbox 1566 1884 1638 1918; x_wconf 90' lang='lat' dir='ltr'><strong><em>Cic.</em></strong></span> <span class='ocrx_word' id='word_1_261' title='bbox 1649 1886 1741 1920; x_wconf 81' lang='lat' dir='ltr'><strong><em>Lael.</em></strong></span> 
     </span>
     <span class='ocr_line' id='line_1_28' title="bbox 370 1941 1742 1988; baseline 0.002 -11"><span class='ocrx_word' id='word_1_262' title='bbox 370 1945 401 1985; x_wconf 82' lang='lat'><strong><em>1,</em></strong></span> <span class='ocrx_word' id='word_1_263' title='bbox 423 1943 458 1978; x_wconf 82' lang='lat'><strong><em>5.</em></strong></span> <span class='ocrx_word' id='word_1_264' title='bbox 483 1953 688 1988; x_wconf 82' lang='lat' dir='ltr'><strong><em>parumper,</em></strong></span> <span class='ocrx_word' id='word_1_265' title='bbox 709 1942 845 1986; x_wconf 83' lang='lat' dir='ltr'><strong><em>inquit,</em></strong></span> <span class='ocrx_word' id='word_1_266' title='bbox 867 1942 1017 1975; x_wconf 87' lang='lat' dir='ltr'><strong><em>reditum</em></strong></span> <span class='ocrx_word' id='word_1_267' title='bbox 1039 1941 1197 1986; x_wconf 80' lang='lat' dir='ltr'><strong><em>cogitare</em></strong></span> <span class='ocrx_word' id='word_1_268' title='bbox 1219 1941 1317 1976; x_wconf 89' lang='lat' dir='ltr'><strong><em>iubet</em></strong></span> <span class='ocrx_word' id='word_1_269' title='bbox 1336 1943 1381 1977; x_wconf 89' lang='lat' dir='ltr'><strong><em>ad</em></strong></span> <span class='ocrx_word' id='word_1_270' title='bbox 1403 1942 1459 1985; x_wconf 83' lang='lat' dir='ltr'><strong><em>id,</em></strong></span> <span class='ocrx_word' id='word_1_271' title='bbox 1482 1944 1574 1978; x_wconf 88' lang='lat' dir='ltr'><strong><em>unde</em></strong></span> <span class='ocrx_word' id='word_1_272' title='bbox 1595 1945 1742 1980; x_wconf 83' lang='lat' dir='ltr'><strong><em>deflexe-</em></strong></span> 
     </span>
     <span class='ocr_line' id='line_1_29' title="bbox 373 2001 1544 2049; baseline 0.001 -12"><span class='ocrx_word' id='word_1_273' title='bbox 373 2004 439 2046; x_wconf 78' lang='lat' dir='ltr'><strong><em>ris3</em></strong></span> <span class='ocrx_word' id='word_1_274' title='bbox 459 2004 651 2049; x_wconf 76' lang='lat' dir='ltr'><strong><em>paullisper</em></strong></span> <span class='ocrx_word' id='word_1_275' title='bbox 672 2002 760 2036; x_wconf 88' lang='lat' dir='ltr'><strong><em>nihil</em></strong></span> <span class='ocrx_word' id='word_1_276' title='bbox 784 2004 922 2046; x_wconf 84' lang='lat' dir='ltr'><strong><em>praeter</em></strong></span> <span class='ocrx_word' id='word_1_277' title='bbox 944 2001 1111 2044; x_wconf 88' lang='lat' dir='ltr'><strong><em>temporis</em></strong></span> <span class='ocrx_word' id='word_1_278' title='bbox 1130 2001 1337 2045; x_wconf 85' lang='lat' dir='ltr'><strong><em>particulam</em></strong></span> <span class='ocrx_word' id='word_1_279' title='bbox 1357 2002 1544 2048; x_wconf 82' lang='lat' dir='ltr'><strong><em>significat.</em></strong></span> 
     </span>
     <span class='ocr_line' id='line_1_30' title="bbox 464 2060 1744 2108; baseline 0.002 -11"><span class='ocrx_word' id='word_1_280' title='bbox 464 2063 657 2107; x_wconf 74' lang='lat' dir='ltr'><strong><em>defluxere]</em></strong></span> <span class='ocrx_word' id='word_1_281' title='bbox 691 2062 901 2106; x_wconf 57' lang='lat' dir='ltr'><strong><em>Effluxere,</em></strong></span> <span class='ocrx_word' id='word_1_282' title='bbox 933 2060 1025 2104; x_wconf 85' lang='lat' dir='ltr'><strong><em>quod</em></strong></span> <span class='ocrx_word' id='word_1_283' title='bbox 1056 2063 1107 2095; x_wconf 85' lang='lat' dir='ltr'><strong><em>est</em></strong></span> <span class='ocrx_word' id='word_1_284' title='bbox 1135 2061 1172 2095; x_wconf 87' lang='lat' dir='ltr'><strong><em>iu</em></strong></span> <span class='ocrx_word' id='word_1_285' title='bbox 1201 2062 1374 2096; x_wconf 82' lang='lat' dir='ltr'><strong><em>nonnullis</em></strong></span> <span class='ocrx_word' id='word_1_286' title='bbox 1403 2063 1504 2098; x_wconf 86' lang='lat' dir='ltr'><strong><em>Rivii</em></strong></span> <span class='ocrx_word' id='word_1_287' title='bbox 1534 2067 1570 2099; x_wconf 91' lang='lat' dir='ltr'><strong><em>et</em></strong></span> <span class='ocrx_word' id='word_1_288' title='bbox 1591 2064 1744 2108; x_wconf 85' lang='lat' dir='ltr'><strong><em>Gruteri,</em></strong></span> 
     </span>
     <span class='ocr_line' id='line_1_31' title="bbox 374 2120 1744 2166; baseline 0.001 -10"><span class='ocrx_word' id='word_1_289' title='bbox 374 2133 462 2166; x_wconf 86' lang='lat' dir='ltr'><strong><em>quos</em></strong></span> <span class='ocrx_word' id='word_1_290' title='bbox 483 2122 600 2156; x_wconf 89' lang='lat' dir='ltr'><strong><em>dicunt</em></strong></span> <span class='ocrx_word' id='word_1_291' title='bbox 622 2121 773 2166; x_wconf 83' lang='lat' dir='ltr'><strong><em>optimae</em></strong></span> <span class='ocrx_word' id='word_1_292' title='bbox 794 2125 917 2162; x_wconf 89' lang='lat' dir='ltr'><strong><em>notae,</em></strong></span> <span class='ocrx_word' id='word_1_293' title='bbox 951 2120 1076 2162; x_wconf 83' lang='lat' dir='ltr'><strong><em>libris,</em></strong></span> <span class='ocrx_word' id='word_1_294' title='bbox 1112 2121 1219 2155; x_wconf 89' lang='lat' dir='ltr'><strong><em>etiam</em></strong></span> <span class='ocrx_word' id='word_1_295' title='bbox 1241 2122 1325 2156; x_wconf 83' lang='lat' dir='ltr'><strong><em>Bas.</em></strong></span> <span class='ocrx_word' id='word_1_296' title='bbox 1347 2122 1381 2157; x_wconf 88' lang='lat'><strong><em>1.</em></strong></span> <span class='ocrx_word' id='word_1_297' title='bbox 1416 2124 1521 2160; x_wconf 76' lang='lat' dir='ltr'><strong><em>Fabr,</em></strong></span> <span class='ocrx_word' id='word_1_298' title='bbox 1542 2123 1576 2158; x_wconf 91' lang='lat' dir='ltr'><strong><em>l.</em></strong></span> <span class='ocrx_word' id='word_1_299' title='bbox 1607 2123 1688 2161; x_wconf 86' lang='lat' dir='ltr'><strong><em>Seu.</em></strong></span> <span class='ocrx_word' id='word_1_300' title='bbox 1710 2124 1744 2162; x_wconf 86' lang='lat'><strong><em>1.</em></strong></span> 
     </span>
     <span class='ocr_line' id='line_1_32' title="bbox 375 2180 1744 2228; baseline 0.001 -11"><span class='ocrx_word' id='word_1_301' title='bbox 375 2183 447 2218; x_wconf 85' lang='lat' dir='ltr'><strong><em>Inc.</em></strong></span> <span class='ocrx_word' id='word_1_302' title='bbox 469 2183 504 2216; x_wconf 85' lang='lat'><strong><em>2.</em></strong></span> <span class='ocrx_word' id='word_1_303' title='bbox 528 2182 646 2217; x_wconf 80' lang='lat' dir='ltr'><strong><em>Guell&#39;.</em></strong></span> <span class='ocrx_word' id='word_1_304' title='bbox 669 2182 704 2218; x_wconf 81' lang='lat'><strong><em>2.</em></strong></span> <span class='ocrx_word' id='word_1_305' title='bbox 726 2181 761 2218; x_wconf 83' lang='lat'><strong><em>3.</em></strong></span> <span class='ocrx_word' id='word_1_306' title='bbox 783 2181 880 2216; x_wconf 86' lang='lat' dir='ltr'><strong><em>Leid.</em></strong></span> <span class='ocrx_word' id='word_1_307' title='bbox 902 2181 942 2215; x_wconf 81' lang='lat' dir='ltr'><strong><em>L.</em></strong></span> <span class='ocrx_word' id='word_1_308' title='bbox 966 2184 1001 2216; x_wconf 90' lang='lat' dir='ltr'><strong><em>et</em></strong></span> <span class='ocrx_word' id='word_1_309' title='bbox 1023 2180 1114 2226; x_wconf 85' lang='lat' dir='ltr'><strong><em>Teg.</em></strong></span> <span class='ocrx_word' id='word_1_310' title='bbox 1136 2182 1284 2224; x_wconf 88' lang='lat' dir='ltr'><strong><em>habent,</em></strong></span> <span class='ocrx_word' id='word_1_311' title='bbox 1306 2183 1505 2228; x_wconf 83' lang='lat' dir='ltr'><strong><em>recepitque</em></strong></span> <span class='ocrx_word' id='word_1_312' title='bbox 1527 2184 1744 2226; x_wconf 86' lang='lat' dir='ltr'><strong><em>Gerlachius,</em></strong></span> 
     </span>
     <span class='ocr_line' id='line_1_33' title="bbox 375 2240 1746 2287; baseline 0 -11"><span class='ocrx_word' id='word_1_313' title='bbox 375 2242 460 2287; x_wconf 82' lang='lat' dir='ltr'><strong><em>quia</em></strong></span> <span class='ocrx_word' id='word_1_314' title='bbox 490 2243 533 2276; x_wconf 88' lang='lat' dir='ltr'><strong><em>de</em></strong></span> <span class='ocrx_word' id='word_1_315' title='bbox 563 2246 596 2277; x_wconf 91' lang='lat' dir='ltr'><strong><em>et</em></strong></span> <span class='ocrx_word' id='word_1_316' title='bbox 627 2241 663 2276; x_wconf 85' lang='lat' dir='ltr'><strong><em>di</em></strong></span> <span class='ocrx_word' id='word_1_317' title='bbox 694 2241 849 2286; x_wconf 77' lang='lat' dir='ltr'><strong><em>syllabae</em></strong></span> <span class='ocrx_word' id='word_1_318' title='bbox 881 2251 983 2274; x_wconf 81' lang='lat' dir='ltr'><strong><em>sensu</em></strong></span> <span class='ocrx_word' id='word_1_319' title='bbox 1014 2251 1082 2274; x_wconf 91' lang='lat' dir='ltr'><strong><em>non</em></strong></span> <span class='ocrx_word' id='word_1_320' title='bbox 1104 2240 1284 2286; x_wconf 79' lang='lat' dir='ltr'><strong><em>differant,</em></strong></span> <span class='ocrx_word' id='word_1_321' title='bbox 1320 2254 1426 2286; x_wconf 83' lang='lat' dir='ltr'><strong><em>quam</em></strong></span> <span class='ocrx_word' id='word_1_322' title='bbox 1463 2244 1668 2279; x_wconf 81' lang='lat' dir='ltr'><strong><em>sententiam</em></strong></span> <span class='ocrx_word' id='word_1_323' title='bbox 1701 2243 1746 2279; x_wconf 78' lang='lat' dir='ltr'><strong><em>ad</em></strong></span> 
     </span>
     <span class='ocr_line' id='line_1_34' title="bbox 377 2299 1747 2345; baseline -0.001 -8"><span class='ocrx_word' id='word_1_324' title='bbox 377 2303 454 2338; x_wconf 79' lang='lat' dir='ltr'><strong><em>Cat.</em></strong></span> <span class='ocrx_word' id='word_1_325' title='bbox 485 2302 593 2345; x_wconf 81' lang='lat' dir='ltr'><strong><em>XXV,</em></strong></span> <span class='ocrx_word' id='word_1_326' title='bbox 618 2302 652 2337; x_wconf 90' lang='grc'><strong><em>3.</em></strong></span> <span class='ocrx_word' id='word_1_327' title='bbox 686 2299 723 2334; x_wconf 86' lang='lat' dir='ltr'><strong><em>iu</em></strong></span> <span class='ocrx_word' id='word_1_328' title='bbox 746 2300 951 2336; x_wconf 82' lang='lat' dir='ltr'><strong><em>Commentt.</em></strong></span> <span class='ocrx_word' id='word_1_329' title='bbox 973 2311 1008 2345; x_wconf 85' lang='lat' dir='ltr'><strong><em>p.</em></strong></span> <span class='ocrx_word' id='word_1_330' title='bbox 1033 2300 1090 2335; x_wconf 75' lang='lat'><strong><em>94.</em></strong></span> <span class='ocrx_word' id='word_1_331' title='bbox 1121 2302 1291 2343; x_wconf 85' lang='lat' dir='ltr'><strong><em>prolatam</em></strong></span> <span class='ocrx_word' id='word_1_332' title='bbox 1324 2303 1532 2338; x_wconf 79' lang='lat' dir='ltr'><strong><em>auctoritate</em></strong></span> <span class='ocrx_word' id='word_1_333' title='bbox 1563 2302 1673 2337; x_wconf 89' lang='lat' dir='ltr'><strong><em>Cortii</em></strong></span> <span class='ocrx_word' id='word_1_334' title='bbox 1703 2302 1747 2336; x_wconf 85' lang='lat' dir='ltr'><strong><em>de</em></strong></span> 
     </span>
     <span class='ocr_line' id='line_1_35' title="bbox 378 2359 1746 2408; baseline 0 -12"><span class='ocrx_word' id='word_1_335' title='bbox 378 2373 443 2397; x_wconf 87' lang='lat' dir='ltr'><strong><em>usu</em></strong></span> <span class='ocrx_word' id='word_1_336' title='bbox 468 2362 631 2408; x_wconf 81' lang='lat' dir='ltr'><strong><em>Ortkogr.</em></strong></span> <span class='ocrx_word' id='word_1_337' title='bbox 655 2360 738 2396; x_wconf 81' lang='lat' dir='ltr'><strong><em>Lat.</em></strong></span> <span class='ocrx_word' id='word_1_338' title='bbox 761 2360 820 2402; x_wconf 87' lang='lat'><strong><em>111,</em></strong></span> <span class='ocrx_word' id='word_1_339' title='bbox 843 2359 878 2402; x_wconf 83' lang='lat'><strong><em>3,</em></strong></span> <span class='ocrx_word' id='word_1_340' title='bbox 901 2359 957 2394; x_wconf 88' lang='grc'><strong><em>13.</em></strong></span> <span class='ocrx_word' id='word_1_341' title='bbox 994 2361 1191 2395; x_wconf 86' lang='lat' dir='ltr'><strong><em>confirmari</em></strong></span> <span class='ocrx_word' id='word_1_342' title='bbox 1221 2362 1261 2396; x_wconf 84' lang='lat' dir='ltr'><strong><em>V.</em></strong></span> <span class='ocrx_word' id='word_1_343' title='bbox 1284 2363 1326 2395; x_wconf 91' lang='lat' dir='ltr'><strong><em>D.</em></strong></span> <span class='ocrx_word' id='word_1_344' title='bbox 1359 2364 1497 2407; x_wconf 84' lang='lat' dir='ltr'><strong><em>gaudet.</em></strong></span> <span class='ocrx_word' id='word_1_345' title='bbox 1541 2362 1649 2396; x_wconf 89' lang='lat' dir='ltr'><strong><em>Nobis</em></strong></span> <span class='ocrx_word' id='word_1_346' title='bbox 1679 2362 1746 2397; x_wconf 84' lang='lat' dir='ltr'><strong><em>isto</em></strong></span> 
     </span>
     <span class='ocr_line' id='line_1_36' title="bbox 379 2420 1748 2467; baseline 0.002 -14"><span class='ocrx_word' id='word_1_347' title='bbox 379 2420 510 2466; x_wconf 81' lang='lat' dir='ltr'><strong><em>gaudio</em></strong></span> <span class='ocrx_word' id='word_1_348' title='bbox 533 2420 603 2454; x_wconf 75' lang='lat' dir='ltr'><strong><em>frui</em></strong></span> <span class='ocrx_word' id='word_1_349' title='bbox 625 2431 693 2454; x_wconf 91' lang='lat' dir='ltr'><strong><em>non</em></strong></span> <span class='ocrx_word' id='word_1_350' title='bbox 725 2420 828 2462; x_wconf 80' lang='lat' dir='ltr'><strong><em>licet3</em></strong></span> <span class='ocrx_word' id='word_1_351' title='bbox 866 2430 947 2454; x_wconf 89' lang='lat' dir='ltr'><strong><em>nam</em></strong></span> <span class='ocrx_word' id='word_1_352' title='bbox 970 2421 1129 2465; x_wconf 72' lang='lat' dir='ltr'><strong><em>diffluere</em></strong></span> <span class='ocrx_word' id='word_1_353' title='bbox 1150 2421 1415 2465; x_wconf 82' lang='lat' dir='ltr'><strong><em>interpretamur</em></strong></span> <span class='ocrx_word' id='word_1_354' title='bbox 1436 2423 1474 2456; x_wconf 81' lang='lat' dir='ltr'><strong><em>in</em></strong></span> <span class='ocrx_word' id='word_1_355' title='bbox 1495 2422 1610 2456; x_wconf 83' lang='lat' dir='ltr'><strong><em>varios</em></strong></span> <span class='ocrx_word' id='word_1_356' title='bbox 1628 2427 1748 2467; x_wconf 79' lang='lat' dir='ltr'><strong><em>partes</em></strong></span> 
     </span>
     <span class='ocr_line' id='line_1_37' title="bbox 383 2481 1747 2526; baseline 0.001 -12"><span class='ocrx_word' id='word_1_357' title='bbox 383 2481 537 2526; x_wconf 80' lang='lat' dir='ltr'><strong><em>dispergi</em></strong></span> <span class='ocrx_word' id='word_1_358' title='bbox 569 2492 610 2514; x_wconf 86' lang='lat' dir='ltr'><strong><em>ac</em></strong></span> <span class='ocrx_word' id='word_1_359' title='bbox 642 2481 775 2523; x_wconf 78' lang='lat' dir='ltr'><strong><em>dilabi3</em></strong></span> <span class='ocrx_word' id='word_1_360' title='bbox 809 2481 955 2524; x_wconf 88' lang='lat' dir='ltr'><strong><em>defluere</em></strong></span> <span class='ocrx_word' id='word_1_361' title='bbox 985 2492 1067 2515; x_wconf 86' lang='lat' dir='ltr'><strong><em>vero</em></strong></span> <span class='ocrx_word' id='word_1_362' title='bbox 1100 2483 1255 2516; x_wconf 85' lang='lat' dir='ltr'><strong><em>deorsum</em></strong></span> <span class='ocrx_word' id='word_1_363' title='bbox 1281 2483 1374 2525; x_wconf 84' lang='lat' dir='ltr'><strong><em>ferri</em></strong></span> <span class='ocrx_word' id='word_1_364' title='bbox 1395 2487 1430 2517; x_wconf 84' lang='lat' dir='ltr'><strong><em>et</em></strong></span> <span class='ocrx_word' id='word_1_365' title='bbox 1452 2483 1500 2516; x_wconf 85' lang='lat' dir='ltr'><strong><em>ad</em></strong></span> <span class='ocrx_word' id='word_1_366' title='bbox 1515 2483 1627 2526; x_wconf 87' lang='lat' dir='ltr'><strong><em>finem</em></strong></span> <span class='ocrx_word' id='word_1_367' title='bbox 1650 2493 1747 2516; x_wconf 84' lang='lat' dir='ltr'><strong><em>suum</em></strong></span> 
     </span>
     <span class='ocr_line' id='line_1_38' title="bbox 381 2540 1749 2585; baseline 0.001 -11"><span class='ocrx_word' id='word_1_368' title='bbox 381 2551 588 2585; x_wconf 86' lang='lat' dir='ltr'><strong><em>properare,</em></strong></span> <span class='ocrx_word' id='word_1_369' title='bbox 618 2541 714 2575; x_wconf 86' lang='lat' dir='ltr'><strong><em>velut</em></strong></span> <span class='ocrx_word' id='word_1_370' title='bbox 736 2540 846 2574; x_wconf 87' lang='lat' dir='ltr'><strong><em>amnis</em></strong></span> <span class='ocrx_word' id='word_1_371' title='bbox 867 2541 913 2574; x_wconf 94' lang='lat' dir='ltr'><strong><em>ad</em></strong></span> <span class='ocrx_word' id='word_1_372' title='bbox 935 2540 1074 2575; x_wconf 87' lang='lat' dir='ltr'><strong><em>ostium.</em></strong></span> <span class='ocrx_word' id='word_1_373' title='bbox 1119 2542 1201 2576; x_wconf 89' lang='lat' dir='ltr'><strong><em>Inde</em></strong></span> <span class='ocrx_word' id='word_1_374' title='bbox 1223 2545 1337 2585; x_wconf 85' lang='lat' dir='ltr'><strong><em>patet,</em></strong></span> <span class='ocrx_word' id='word_1_375' title='bbox 1362 2553 1467 2585; x_wconf 85' lang='lat' dir='ltr'><strong><em>quum</em></strong></span> <span class='ocrx_word' id='word_1_376' title='bbox 1489 2553 1544 2576; x_wconf 88' lang='lat' dir='ltr'><strong><em>res</em></strong></span> <span class='ocrx_word' id='word_1_377' title='bbox 1566 2542 1749 2576; x_wconf 79' lang='lat' dir='ltr'><strong><em>distractae</em></strong></span> 
     </span>
     <span class='ocr_line' id='line_1_39' title="bbox 384 2600 1748 2646; baseline 0.001 -12"><span class='ocrx_word' id='word_1_378' title='bbox 384 2603 419 2634; x_wconf 84' lang='lat' dir='ltr'><strong><em>et</em></strong></span> <span class='ocrx_word' id='word_1_379' title='bbox 440 2600 603 2635; x_wconf 88' lang='lat' dir='ltr'><strong><em>disiectae</em></strong></span> <span class='ocrx_word' id='word_1_380' title='bbox 624 2612 748 2644; x_wconf 86' lang='lat' dir='ltr'><strong><em>parum</em></strong></span> <span class='ocrx_word' id='word_1_381' title='bbox 770 2601 909 2635; x_wconf 77' lang='lat' dir='ltr'><strong><em>validae</em></strong></span> <span class='ocrx_word' id='word_1_382' title='bbox 931 2601 1016 2642; x_wconf 89' lang='lat' dir='ltr'><strong><em>siut,</em></strong></span> <span class='ocrx_word' id='word_1_383' title='bbox 1039 2612 1108 2634; x_wconf 90' lang='lat' dir='ltr'><strong><em>non</em></strong></span> <span class='ocrx_word' id='word_1_384' title='bbox 1129 2601 1243 2646; x_wconf 85' lang='lat' dir='ltr'><strong><em>magis</em></strong></span> <span class='ocrx_word' id='word_1_385' title='bbox 1265 2605 1382 2635; x_wconf 87' lang='lat' dir='ltr'><strong><em>autem</em></strong></span> <span class='ocrx_word' id='word_1_386' title='bbox 1405 2611 1466 2635; x_wconf 82' lang='lat' dir='ltr'><strong><em>cae</em></strong></span> <span class='ocrx_word' id='word_1_387' title='bbox 1482 2602 1638 2643; x_wconf 84' lang='lat' dir='ltr'><strong><em>valeant,</em></strong></span> <span class='ocrx_word' id='word_1_388' title='bbox 1659 2611 1748 2645; x_wconf 82' lang='lat' dir='ltr'><strong><em>quae</em></strong></span> 
     </span>
     <span class='ocr_line' id='line_1_40' title="bbox 385 2660 1748 2705; baseline 0 -11"><span class='ocrx_word' id='word_1_389' title='bbox 385 2660 557 2694; x_wconf 84' lang='lat' dir='ltr'><strong><em>curriculo</em></strong></span> <span class='ocrx_word' id='word_1_390' title='bbox 578 2660 676 2704; x_wconf 82' lang='lat' dir='ltr'><strong><em>quasi</em></strong></span> <span class='ocrx_word' id='word_1_391' title='bbox 700 2671 837 2694; x_wconf 88' lang='lat' dir='ltr'><strong><em>emenso</em></strong></span> <span class='ocrx_word' id='word_1_392' title='bbox 860 2663 1080 2704; x_wconf 76' lang='lat' dir='ltr'><strong><em>consumptae</em></strong></span> <span class='ocrx_word' id='word_1_393' title='bbox 1103 2672 1144 2695; x_wconf 89' lang='lat' dir='ltr'><strong><em>ac</em></strong></span> <span class='ocrx_word' id='word_1_394' title='bbox 1165 2671 1274 2704; x_wconf 83' lang='lat' dir='ltr'><strong><em>paene</em></strong></span> <span class='ocrx_word' id='word_1_395' title='bbox 1296 2661 1413 2695; x_wconf 84' lang='lat' dir='ltr'><strong><em>nullae</em></strong></span> <span class='ocrx_word' id='word_1_396' title='bbox 1433 2664 1530 2705; x_wconf 79' lang='lat' dir='ltr'><strong><em>sunt,</em></strong></span> <span class='ocrx_word' id='word_1_397' title='bbox 1564 2663 1748 2702; x_wconf 84' lang='lat' dir='ltr'><strong><em>utrumque</em></strong></span> 
     </span>
     <span class='ocr_line' id='line_1_41' title="bbox 388 2719 1750 2765; baseline -0.001 -11"><span class='ocrx_word' id='word_1_398' title='bbox 388 2721 533 2755; x_wconf 81' lang='lat' dir='ltr'><strong><em>verbum</em></strong></span> <span class='ocrx_word' id='word_1_399' title='bbox 556 2720 600 2755; x_wconf 88' lang='lat' dir='ltr'><strong><em>ad</em></strong></span> <span class='ocrx_word' id='word_1_400' title='bbox 620 2731 737 2756; x_wconf 88' lang='lat' dir='ltr'><strong><em>rerum</em></strong></span> <span class='ocrx_word' id='word_1_401' title='bbox 759 2720 817 2754; x_wconf 86' lang='lat' dir='ltr'><strong><em>vel</em></strong></span> <span class='ocrx_word' id='word_1_402' title='bbox 839 2720 1052 2764; x_wconf 82' lang='lat' dir='ltr'><strong><em>pereuntium</em></strong></span> <span class='ocrx_word' id='word_1_403' title='bbox 1074 2721 1129 2755; x_wconf 81' lang='lat' dir='ltr'><strong><em>vel</em></strong></span> <span class='ocrx_word' id='word_1_404' title='bbox 1151 2719 1362 2765; x_wconf 80' lang='lat' dir='ltr'><strong><em>perditarum</em></strong></span> <span class='ocrx_word' id='word_1_405' title='bbox 1397 2719 1633 2755; x_wconf 86' lang='lat' dir='ltr'><strong><em>condicionem</em></strong></span> <span class='ocrx_word' id='word_1_406' title='bbox 1662 2719 1750 2753; x_wconf 80' lang='lat' dir='ltr'><strong><em>indi-</em></strong></span> 
     </span>
    </p>
   </div>
  </div>
 </body>
</html>
