1826 3276
486 205 845 248 IUGURTHA.
909 204 1036 247 CAP.
1069 203 1143 246 VI.
1460 206 1517 247 37

120 341 169 370 su
216 327 317 370 cum
363 323 622 382 aequalibus
678 329 871 376 certare,
916 316 961 366 et
999 336 1144 380 ,quum
1191 321 1332 365 omnis
1369 319 1516 380 gloria

120 406 327 477 anteiret,
377 421 580 465 omnibus
617 426 765 464 tamen
815 435 940 464 carus
977 435 1097 473 esse3
1142 418 1199 462 ad
1235 416 1324 462 hoc
1358 417 1513 477 plera-

118 534 208 579 que
242 525 451 580 tempora
490 519 535 562 in
570 517 776 561 venando
816 533 976 579 agere,
1024 518 1202 561 leonem
1237 521 1374 574 atque
1406 514 1512 558 alias

118 617 236 662 feras
273 616 442 677 primus
478 619 555 658 aut
587 615 631 657 in
675 613 831 673 primis
867 614 1023 667 ferire,
1072 614 1330 674 plurumum
1361 612 1512 656 facere

118 721 163 758 et
188 713 432 759 minumum
470 713 568 771 ipse
605 711 663 754 de
701 726 748 754 se
785 710 919 769 loqui.
994 711 1169 766 Quibus
1205 711 1339 754 rebus
1374 709 1547 754 Mici·2

113 826 198 872 psa
239 810 413 855 tametsi
453 809 573 854 initio
614 808 755 852 laetus
794 807 965 860 fuerat,
1002 808 1267 852 existumans
1305 808 1511 851 virtutem

114 907 360 970 Iugurthae
395 920 539 967 regno
575 920 656 949 suo
693 906 866 966 gloriae
902 905 1023 958 fore,
1060 912 1233 960 tamen,
1270 909 1511 965 postquam

113 1005 342 1050 hominem
388 1004 722 1049 adulescentem
768 1010 923 1061 exacta
973 1018 1053 1047 sua
1101 1010 1246 1047 aetate
1283 1008 1328 1046 et
1362 1002 1511 1062 parvis

113 1103 263 1149 liberis
298 1103 443 1164 magis
479 1101 715 1162 magisque
735 1116 955 1146 erescere
985 1100 1227 1161 intellegit,
1266 1099 1510 1145 vehemen—

113 1206 182 1246 ter
216 1216 273 1246 eo
308 1200 491 1262 negotio
526 1207 758 1260 permotus
796 1199 934 1244 multa
970 1214 1072 1243 eum
1109 1198 1257 1243 animo
1294 1212 1375 1242 suo
1410 1197 1512 1242 vol-

114 1346 184 1389 xl,
205 1344 239 1381 5.
262 1357 297 1391 p.
319 1344 376 1380 59.
411 1364 455 1370 --
494 1345 596 1380 Domi
627 1344 770 1379 brevius
800 1343 932 1379 dietum
965 1342 1141 1389 significat
1177 1343 1212 1377 in
1250 1343 1389 1378 domum
1412 1353 1512 1377 suam

112 1407 270 1442 ascitum.

203 1468 264 1502 vl.
307 1469 340 1511 ἓ.
367 1469 398 1505 1.
437 1469 543 1514 lusu]
578 1467 680 1502 Hanc
712 1466 823 1501 dativi
857 1466 1011 1500 formam
1036 1466 1205 1511 praebent
1228 1463 1316 1501 Naz.
1340 1466 1512 1500 Commel.

111 1529 250 1565 Fabric.
275 1529 310 1566 1.
332 1529 367 1565 2.
398 1529 518 1565 Guelf.
542 1528 578 1564 5.
602 1516 703 1576 Teg.
727 1531 909 1574 praeterea
932 1528 1034 1564 codd.
1058 1527 1142 1562 mv.
1167 1527 1309 1563 Vratisl.
1331 1527 1367 1562 2.
1394 1527 1512 1563 Guelf.

112 1590 147 1627 9.
185 1590 283 1627 Leid.
314 1591 354 1627 C.
379 1591 430 1626 M.
490 1591 579 1626 Eam
613 1590 717 1624 unice
746 1590 916 1635 probasse
948 1590 1015 1624 Iul.
1047 1590 1234 1625 Caesarem
1268 1589 1305 1624 iu
1337 1588 1440 1624 libris
1471 1588 1516 1624 de

114 1652 287 1698 Analogia
322 1656 445 1687 auctor
467 1656 519 1687 est
541 1652 716 1694 Gen.1v‚
745 1651 914 1687 16.‚‹›xt1·.
965 1650 1106 1685 Cottius
1137 1650 1360 1695 comparavit
1390 1651 1513 1686 Plane.

113 1713 208 1758 apud
231 1712 343 1748 Cicer.
365 1712 403 1746 in
426 1713 514 1756 Epp.
539 1713 583 1746 ad
607 1713 748 1747 Famm.
774 1713 819 1755 X,
843 1712 903 1756 24,
927 1712 962 1746 6.
999 1711 1050 1747 ib.
1075 1713 1170 1756 XIII,
1195 1712 1255 1756 71,
1278 1716 1365 1748 extr.
1413 1712 1513 1746 Caes.

112 1773 158 1809 B.
182 1773 227 1808 G.
251 1773 312 1816 vl,
335 1771 394 1809 42.
441 1773 538 1807 Adde
559 1772 783 1818 Oudendorp.
807 1773 853 1807 ad
874 1774 913 1815 I,
936 1773 997 1816 16,
1019 1772 1054 1808 5.
1086 1773 1266 1807 Drakenb.
1289 1774 1335 1807 ad
1360 1772 1436 1809 Liv.
1457 1774 1512 1816 lv,

113 1835 135 1870 l
164 1861 175 1877 ‚
195 1833 252 1870 1⁰.
276 1834 404 1879 XXIV,
426 1835 484 1877 19,
507 1834 542 1869 6.
577 1834 748 1869 Goerenz.
772 1834 817 1868 ad
841 1834 913 1868 Cic.
949 1833 993 1867 de
1015 1833 1119 1870 Fiun.
1142 1835 1206 1876 111,
1229 1834 1287 1878 17,
1312 1833 1371 1869 58.
1408 1834 1513 1868 Conr.

110 1896 222 1941 Leop.
243 1894 448 1930 Schneider.
474 1896 634 1929 Gramm.
658 1897 735 1932 Lat.
763 1897 809 1938 II,
834 1896 869 1931 1.
897 1908 931 1941 p·
955 1895 1026 1931 :332
1049 1907 1100 1940 sq.
1148 1896 1250 1942 Apud
1267 1895 1435 1931 Nostrum
1453 1906 1514 1930 ea—

112 1957 192 1992 dem
214 1957 332 1992 forma
357 1956 466 1991 etiam
488 1955 644 1990 habetur
666 1957 744 2002 Ing.
770 1957 925 1999 XXXII,
949 1957 983 1991 2.
1015 1957 1186 1999 XXXIX,
1210 1957 1244 1991 2.
1269 1976 1316 1983 —
1343 1957 1457 2000 Quum
1476 1957 1513 1993 h.

111 2021 137 2056 l.
157 2017 360 2064 significare
382 2029 594 2064 quamquam
616 2018 750 2053 dictum
774 2018 820 2053 ad
844 2018 948 2052 Catil.
972 2018 1142 2059 XXXVI,
1165 2016 1199 2050 4.
1225 2028 1262 2062 p.
1284 2017 1366 2053 167.
1389 2037 1437 2044 —-
1473 2018 1515 2052 In

109 2079 292 2130 primis-h.
314 2080 340 2116 1.
361 2082 459 2114 recte
492 2078 635 2114 divisim
657 2079 766 2114 scribi
785 2079 972 2115 docuimus
997 2080 1044 2115 ad
1066 2078 1170 2114 Catil.
1195 2079 1281 2121 Lx,
1304 2079 1339 2115 6.
1372 2091 1406 2124 p.
1430 2079 1512 2114 322·

114 2162 160 2168 —-
183 2142 231 2178 Et
253 2146 337 2177 ante
358 2142 549 2176 minumum
574 2152 694 2175 omnes
716 2141 816 2176 codd.
841 2144 979 2184 tenent,
1016 2144 1155 2185 praeter
1184 2139 1302 2174 Struv.
1329 2151 1435 2186 quem
1459 2151 1515 2189 se-

116 2207 216 2239 entus
241 2203 383 2239 Cottius
414 2203 580 2248 copulam
611 2201 733 2244 eiecit;
775 2202 919 2237 retinuit
951 2203 988 2236 in
1020 2206 1117 2237 textu
1140 2201 1285 2236 maioris
1308 2202 1362 2236 ed.
1387 2202 1515 2236 Gerla-

115 2265 236 2307 ehins3
273 2268 351 2299 tum
374 2263 459 2309 quia
481 2263 593 2299 Vatic.
618 2262 653 2297 3.
678 2274 817 2308 quoque
839 2267 873 2298 et
895 2264 1041 2308 Neapol.
1065 2266 1099 2299 1.
1124 2265 1309 2310 ignorant,
1345 2263 1381 2297 in
1409 2263 1515 2297 Com—

115 2330 235 2362 mentt.
259 2338 295 2371 p.
320 2326 404 2362 223.
435 2326 585 2360 deletam
610 2327 708 2367 vult3
735 2327 884 2371 denique
907 2325 942 2359 in
966 2325 1021 2360 ed.
1046 2326 1182 2360 minore
1204 2337 1326 2360 rursus
1348 2324 1514 2366 defendit,

114 2387 207 2434 quod
230 2398 314 2422 sane
336 2397 460 2421 verum
485 2390 662 2431 putamus,
690 2387 728 2421 in
750 2390 848 2422 tanto
871 2398 982 2432 paene
1004 2386 1161 2421 omnium
1186 2387 1285 2422 eodd.
1310 2397 1492 2422 consensu.

207 2451 242 2492 §—
263 2447 299 2482 2.
349 2453 382 2483 et
397 2449 519 2493 parvis
537 2449 672 2494 liberis]
706 2449 867 2493 Eandem
890 2449 936 2482 ob
959 2459 1119 2484 caussam
1152 2448 1213 2483 hic
1238 2458 1378 2493 quoque
1399 2452 1435 2482 et
1457 2458 1511 2481 re-

114 2508 333 2553 vocavimus,
356 2510 450 2554 quod
472 2509 624 2551 eortius,
646 2510 730 2555 quia
753 2511 798 2546 ab
815 2511 938 2546 Struv.
963 2515 998 2546 et
1015 2511 1153 2546 duobus
1165 2509 1299 2545 Wassii
1318 2509 1429 2551 abest,
1452 2509 1511 2544 de-

114 2569 213 2605 levit.
251 2569 374 2614 Neque
391 2571 622 2607 Gerlachium
641 2583 842 2617 mot-amus,
866 2572 927 2617 qui
946 2571 984 2607 in
1007 2570 1092 2606 mai.
1115 2571 1170 2605 ed.
1193 2571 1334 2615 quidem
1357 2569 1511 2615 reliquit,

47 2679 53 2684 ,
113 2631 176 2666 sed
209 2642 318 2675 quum
353 2638 474 2677 postea
502 2633 723 2680 cognovisset
750 2646 818 2670 non
852 2645 928 2668 esse
950 2633 986 2667 in
1009 2632 1086 2667 eod.
1108 2631 1278 2666 Eiehhof.
1301 2638 1337 2668 et
1360 2633 1451 2667 Med.
1475 2634 1509 2667 2.

114 2691 173 2727 eui
194 2693 345 2728 secunda
373 2705 498 2730 manus
526 2706 568 2729 uc
598 2691 863 2740 superseripsin
897 2706 960 2739 pro
990 2693 1094 2728 solita
1125 2693 1358 2730 inconstantia
1387 2693 1507 2729 suain

116 2753 326 2791 Commentt.
349 2765 384 2800 p.
407 2755 488 2791 223.
521 2755 759 2791 abiiciendnm
789 2755 941 2798 iudicat,
983 2766 1028 2791 ac
1056 2754 1286 2790 nihilominus
1313 2756 1350 2791 in
1372 2755 1508 2790 minore

118 2814 172 2851 ed.
197 2815 241 2851 ad
264 2816 447 2864 vulgatam
466 2817 566 2855 redit.
592 2838 636 2845 —
660 2815 839 2865 Intellegit
862 2817 1000 2855 Con-tius
1022 2820 1118 2853 recte
1137 2815 1277 2862 scripsit
1299 2828 1365 2863 pro
1382 2817 1509 2863 vulga-
