1826 3276
286 596 294 638 ἱ

291 639 298 659 l

347 158 456 198 ,504
733 150 776 192 C.
806 147 1121 217 SALLUSTI
1149 147 1365 191 CRISPI

375 267 433 310 lio
462 266 647 319 intentis,
676 276 838 320 magna
869 261 1089 318 utrimque
1117 262 1161 305 vi
1187 277 1289 322 pro
1306 263 1447 322 gloria
1476 269 1608 322 atque
1639 263 1726 308 im-

374 361 500 421 perio
543 360 634 415 his,
691 356 774 399 illis
814 370 898 415 pro
943 355 1084 399 salute
1134 358 1394 402 certantibus
1413 389 1427 413 ,
1473 363 1657 417 repente
1674 387 1681 390 -
1699 373 1728 402 a
1758 395 1760 398 .

376 462 505 514 tergo
536 453 662 512 signa
691 465 874 503 canere3
905 465 957 492 ac
990 450 1135 509 primo
1151 452 1371 496 ‘mulieres
1399 458 1442 497 et
1473 451 1635 512 pueri„
1656 439 1731 509 riui

378 550 518 592 visum
545 550 864 606 processerant,
898 544 1069 603 fugere,
1105 545 1265 591 deinde
1297 547 1360 590 uti
1393 546 1576 606 quisque
1607 560 1733 591 muro

378 657 619 702 proxumus
655 646 748 685 erat
765 675 778 698 ,
809 644 1036 699 postremo
1064 641 1231 697 cuncti,
1264 642 1419 685 armati
1445 642 1735 699 inermesque.

347 736 522 792 6Quod
554 736 630 779 ubi
665 734 852 789 accidit,
886 748 941 777 eo
975 734 1114 779 acrius
1141 735 1331 779 Romani
1362 727 1542 792 instare,
1574 735 1735 779 funde·
1789 738 1792 741 ⁴

381 847 430 875 re
476 846 529 874 ac
569 830 811 890 plerosque
856 829 1159 873 tantummodo
1200 830 1417 887 sauciare,
1460 831 1563 876 dein
1605 845 1738 890 super

383 926 627 971 occisorum
671 938 863 984 corpora
888 924 890 927 ⁴
914 923 1099 980 vadere,
1152 923 1267 971 avidi
1311 924 1480 983 gloriae
1527 931 1747 973 certantes.

384 1099 499 1122 omnes
524 1087 724 1128 Romanos,
755 1085 815 1119 sed
845 1083 1001 1130 generali
1029 1084 1200 1119 vocabulo
1230 1085 1479 1129 appositionem
1513 1086 1638 1131 adiici,
1674 1098 1743 1130 qua

384 1148 471 1182 illud
503 1148 695 1182 accuratius
727 1144 966 1188 explicaretur.
1022 1144 1152 1178 Eadem
1189 1144 1280 1179 ratio
1321 1149 1372 1180 est
1412 1148 1621 1188 verborum,
1656 1158 1745 1190 quae

386 1206 504 1243 statim
538 1210 616 1250 post
647 1207 828 1250 leguntur,
863 1203 995 1245 cuncti,
1031 1203 1158 1238 armati
1191 1205 1421 1250 inermesque,
1455 1205 1516 1240 ubi
1538 1205 1575 1239 in
1595 1206 1747 1250 vulgatis

388 1267 465 1302 edd.
489 1267 620 1300 nanum
652 1274 787 1298 comma
818 1255 976 1298 habetur.
1011 1263 1051 1296 V.
1074 1266 1193 1297 notata
1216 1264 1261 1298 ad
1291 1276 1320 1298 c.
1346 1265 1497 1307 mxxvi,
1521 1265 1554 1301 1.
1577 1266 1623 1298 aa
1644 1266 1748 1308 xcn,

389 1327 423 1360 2.
446 1330 480 1360 et
502 1326 545 1359 ad
569 1326 642 1359 Cat.
667 1325 779 1365 XXX,
803 1322 836 1356 4.
883 1321 958 1355 Non
977 1325 1027 1356 est
1049 1322 1158 1366 igitur
1180 1325 1406 1367 probandum,
1429 1325 1519 1368 quod
1542 1325 1749 1370 Gerlachius

390 1386 427 1420 in
450 1386 502 1419 ed.
525 1384 712 1426 novissima
735 1381 870 1424 scripsit
891 1382 990 1416 Rom.
1014 1382 1166 1416 omnibus
1188 1383 1287 1423 host„
1318 1383 1377 1426 qui
1398 1384 1482 1421 ordo
1506 1383 1690 1418 verborum
1712 1384 1748 1418 in

391 1445 521 1489 aliquot
543 1445 639 1478 codd.
662 1441 844 1485 reperitur.
870 1459 912 1465 —-
944 1441 1013 1474 Pro
1042 1446 1158 1484 petere
1187 1441 1291 1484 pauci
1322 1432 1405 1475 libri
1422 1446 1467 1476 'ex
1489 1442 1750 1486 interpolatione

390 1506 520 1539 habent
552 1503 744 1538 ascendere.
791 1500 886 1536 Tum
921 1505 1070 1534 correcta
1095 1500 1130 1534 in
1163 1501 1297 1543 aliquot
1328 1501 1426 1534 libris
1447 1501 1561 1545 inepte
1582 1507 1752 1538 mutatum

391 1565 427 1599 in
451 1569 618 1607 correpta.
643 1581 684 1586 —
710 1560 845 1594 Invenit
875 1570 943 1601 non
973 1569 1014 1590 eo
1045 1570 1146 1592 sensu
1169 1558 1579 1604 intelligendum‚‚quem
1601 1563 1752 1607 explicui

391 1624 436 1658 ad
458 1634 488 1656 c.
512 1622 619 1662 LXX,
643 1621 698 1661 2.;
728 1619 787 1652 scd
819 1621 940 1652 auctor
962 1617 1030 1649 hoc
1061 1618 1236 1652 vocabulo
1268 1620 1329 1653 hic
1352 1623 1533 1663 propterea
1552 1632 1634 1656 usus
1655 1623 1752 1658 vide-

393 1685 468 1723 tur,
499 1683 537 1714 ut
568 1680 779 1724 significaret
811 1677 963 1722 gloriam
998 1677 1111 1712 Mario
1145 1678 1331 1723 contigisse
1353 1678 1516 1722 fortuito,
1539 1692 1648 1726 neque
1669 1694 1753 1727 pru-

395 1741 512 1775 denter
535 1739 628 1773 initis
650 1737 800 1782 consiliis
822 1736 948 1784 deberi.
1432 1738 1436 1742 '
1533 1763 1536 1766 .

486 1799 588 1834 XCV.
613 1801 645 1841 ς.
668 1799 703 1833 1.
750 1809 831 1842 quos
853 1798 906 1831 uti
928 1807 968 1830 ex
991 1796 1093 1831 Latio
1118 1801 1150 1832 et
1174 1809 1197 1832 α
1219 1797 1318 1832 sociis
1341 1799 1503 1843 cogeret]
1529 1800 1627 1834 Haec
1648 1811 1755 1836 enun-

397 1858 502 1894 ciatio
532 1871 639 1903 quum
670 1869 711 1892 eo
741 1857 885 1891 consilio
908 1856 1025 1890 addita
1048 1857 1111 1899 sit,
1145 1862 1184 1892 ut
1205 1869 1259 1891 res
1282 1858 1327 1892 ad
1350 1859 1480 1892 Sullam
1501 1863 1655 1902 spectans
1676 1861 1756 1896 illn-

397 1922 545 1962 stretur,
568 1918 754 1952 relativum
777 1916 924 1949 debebat
946 1916 1158 1951 nominativo
1181 1918 1330 1962 positum
1353 1919 1397 1952 ad
1419 1918 1512 1952 hunc
1532 1919 1673 1962 referri,
1695 1922 1755 1955 sed

397 1989 459 2022 per
490 1977 729 2012 attractionem
765 1985 844 2009 eum
875 1985 1014 2016 casum,
1045 1987 1147 2020 quem
1187 1977 1352 2012 omissum
1384 1988 1509 2016 nomen
1539 1980 1758 2015 secundariae

397 2037 643 2072 enunciationis
673 2037 854 2082 poscebat,
884 2035 1056 2077 obtinuit,
1086 2036 1128 2070 de
1162 2048 1230 2081 quo
1251 2040 1444 2071 structurae
1465 2047 1591 2080 genere
1620 2037 1692 2072 dixi
1714 2039 1759 2073 ad

400 2108 432 2132 c.
454 2097 575 2139 XCIII,
599 2097 634 2134 7.
680 2098 899 2141 Quamquam
923 2092 1090 2129 ascribis
1113 2107 1180 2130 non
1203 2095 1379 2130 intellecta
1401 2095 1528 2128 multos
1549 2096 1759 2140 corruptelas

400 2157 531 2202 genuit.
577 2157 666 2191 Nam
695 2168 817 2190 veram
850 2155 1053 2198 scripturam
1075 2155 1315 2190 tantummodo
1345 2155 1452 2189 habet
1474 2155 1591 2189 Guelf.
1614 2155 1648 2192 3.
1671 2157 1759 2192 Tur.

401 2217 435 2253 1.
458 2216 568 2254 Paris.
592 2228 647 2258 x.;
675 2217 712 2250 in
747 2216 865 2250 multis
899 2226 982 2249 vero
1005 2214 1066 2249 'est
1096 2216 1171 2260 qui
1203 2216 1255 2250 uti
1278 2218 1355 2257 etc„
1389 2225 1436 2248 sc.
1455 2217 1495 2248 ut
1518 2216 1614 2250 Sulla
1636 2227 1761 2260 prono-

403 2276 496 2311 mine
527 2277 790 2322 significaretur.
836 2275 892 2310 Ex
919 2275 975 2308 his
997 2279 1112 2309 autem
1143 2274 1315 2316 nonnulli,
1338 2284 1444 2316 quum
1465 2274 1603 2309 scribae
1621 2286 1760 2314 accusa-

403 2336 513 2370 tivum
537 2337 654 2370 deesse
676 2336 851 2380 viderent,
883 2347 926 2370 ex
948 2334 1207 2379 interpolatione
1227 2335 1357 2368 habent
1384 2335 1631 2381 exercitum
1661 2346 1762 2379 coge-

405 2397 480 2438 ret,
506 2395 568 2430 alii
591 2400 728 2441 cogeret
751 2396 1022 2437 exercitum,
1058 2395 1122 2429 alii
1158 2395 1342 2430 auxilia
1365 2399 1519 2440 cogeret,
1543 2393 1604 2428 alii
1626 2399 1763 2440 cogeret

406 2455 610 2496 milites,
641 2456 702 2490 alii
724 2456 898 2490 milites
929 2446 1027 2500 cogn,
1043 2466 1084 2488 ex
1106 2455 1232 2499 quibus
1262 2454 1464 2499 corruptelis
1492 2463 1595 2496 quam
1617 2454 1763 2488 secundo

406 2514 483 2548 loco
506 2515 682 2557 posuimus
706 2525 727 2548 a
749 2514 882 2549 Weisio
910 2514 947 2548 in
979 2517 1106 2549 textum
1136 2518 1275 2559 recepta
1307 2516 1368 2548 est.
1414 2513 1499 2548 Alio·
1514 2512 1618 2547 modo
1640 2523 1764 2557 peeca-

407 2576 483 2607 tum
513 2576 564 2607 est
595 2573 631 2606 in
661 2574 780 2607 multis
811 2574 909 2619 aliis,
943 2573 1002 2618 qui
1033 2573 1089 2608 his
1118 2574 1255 2618 quidem
1278 2572 1456 2607 vocabulis
1477 2572 1603 2616 spuriis
1622 2576 1763 2616 vacant,

408 2632 468 2667 ned
491 2643 554 2676 pro
577 2644 659 2677 quos
681 2633 810 2668 habent
839 2634 950 2679 quod3
980 2643 1070 2677 quae
1099 2633 1270 2678 scriptura
1289 2644 1395 2676 quum
1417 2635 1477 2667 aut
1508 2643 1590 2667 casu
1612 2635 1687 2667 orta
1708 2631 1763 2673 sit,

410 2695 471 2728 aut
491 2693 585 2728 malo
608 2692 760 2728 acumini
794 2693 1014 2728 librariorum
1037 2693 1201 2728 debeatur
1217 2719 1227 2737 ,
1259 2692 1318 2738 qui
1340 2696 1534 2737 sequentem
1556 2691 1766 2728 enunciatio-
1814 2700 1822 2703 '
