1826 3276
435 148 805 210 weuRTHA.·
863 160 995 206 GAP.
1022 159 1154 205 xlx.
1410 151 1514 206 12¹1-

95 301 150 331 ca
182 283 362 342 dividit,
396 282 596 328 secundo
631 282 743 326 mari
778 280 926 342 prima
962 278 1143 339 Cyrene
1180 283 1271 337 est,
1315 278 1492 324 colonia

93 382 363 440 Ther-aeon,
407 396 461 426 ac
501 380 718 440 deinceps
758 378 877 423 duae
926 377 1108 438 Syrte8‚
1162 376 1368 436 interque
1415 392 1492 422 eas

92 479 253 542 Leptis
266 513 280 536 ,
316 478 483 525 deinde
508 478 760 524 Philaenon
797 492 929 534 arae,
966 490 1104 535 quem
1136 475 1289 520 locum
1331 474 1494 538 Aegy-

91 646 214 671 errare
234 647 306 671 non
328 634 463 680 potuit,
485 643 702 678 quamquam
725 631 862 677 potuit,
883 641 952 665 non
976 633 1112 665 mutata
1132 631 1326 674 sententia,
1359 642 1496 666 memo-

93 697 172 733 riae
194 698 294 743 lapsu
315 697 428 731 satius
452 707 517 740 pro
539 695 663 729 melias
686 693 814 727 dicere.
861 691 1000 736 Quibus
1022 691 1113 726 haec
1138 703 1209 726 non
1243 692 1327 727 satis
1361 691 1496 728 faciunt

92 760 225 795 frustra
254 757 429 794 auxilium
459 760 575 802 petent
597 766 620 790 a
643 753 804 790 Sallustii
825 752 1084 795 imitatoribus3
1118 764 1202 788 nam
1225 754 1412 799 vulgatam
1435 766 1497 788 ex-

93 821 221 867 pressit
241 817 405 864 Appulei.
428 818 472 852 de
495 817 628 852 Mundo
652 828 687 860 p.
712 814 770 850 68.
798 815 843 849 de
859 819 994 850 rectore
1012 815 1140 860 quippe
1165 815 1317 849 omnium
1342 827 1430 856 noa,
1455 821 1496 851 ut

94 883 148 918 ait
162 879 243 924 ille,
265 881 416 915 silere
437 880 561 914 melius
579 883 653 920 est,
677 877 739 911 sed
755 876 810 911 vel
825 887 955 921 parum
973 877 1110 918 dicere3
1145 880 1268 911 contra
1301 876 1495 921 Quintilia-

91 954 178 979 num
211 941 370 987 sequitur
402 941 612 986 Hieronym.
643 939 710 983 Ep.
743 939 787 972 ad
809 938 962 972 Paullin.
997 939 1086 974 0111.
1118 950 1222 983 super
1247 950 1314 984 quo
1331 943 1497 973 tacere

93 1006 218 1041 melius
230 1009 316 1050 pato
329 1028 341 1046 ‚
359 1014 465 1048 quam
479 1013 596 1047 pauca
614 1001 784 1042 scribere5
806 1001 899 1035 unde
922 1000 952 1035 si
975 1012 1045 1035 non
1068 1000 1164 1035 aliud
1178 1027 1187 1045 ‚
1221 1001 1292 1035 hoc
1324 1003 1417 1035 certe
1446 1000 1497 1034 iu-

93 1067 289 1114 telligitur,
320 1065 395 1100 iam
425 1063 549 1109 primis
580 1066 722 1097 nostrae
753 1073 859 1097 aerae
888 1062 1015 1097 seculis
1048 1062 1110 1096 hic
1140 1062 1216 1097 illic
1253 1063 1429 1107 quaedam
1460 1062 1496 1096 in

95 1129 198 1165 codd.
230 1128 375 1164 turbata
405 1125 533 1169 fuisse,
566 1123 636 1158 nisi
667 1127 702 1158 et
733 1123 953 1168 Appuleium
986 1128 1021 1159 et
1052 1124 1314 1170 Hieronymum
1337 1124 1498 1159 Sallustii

94 1191 206 1226 verba
227 1187 432 1224 memoriter
455 1189 603 1228 tantum,
630 1196 744 1230 neque
767 1189 933 1220 accurate
962 1185 1121 1221 imitatos
1144 1197 1220 1221 esse
1243 1189 1403 1231 apparet.

187 1254 222 1296 §.
245 1250 280 1286 3.
306 1250 356 1285 ad
382 1248 639 1283 Catabathmon
662 1266 708 1271 —
734 1246 884 1280 secundo
909 1247 1001 1280 mari
1016 1247 1134 1292 prima
1158 1248 1289 1292 Cyrene
1306 1248 1373 1293 est]
1397 1249 1499 1283 Haec

94 1316 136 1349 ut
164 1316 260 1348 recte
285 1309 530 1355 intelligantur
560 1307 748 1344 tenendum
783 1311 837 1342 est
860 1307 1070 1343 Sallustium
1093 1308 1130 1343 in
1152 1309 1295 1344 Africae
1316 1313 1420 1355 parte
1441 1322 1500 1354 ea,

95 1385 187 1420 quae
220 1364 321 1408 mare
349 1371 645 1406 mediterraneum
679 1369 844 1416 attingit,
877 1370 1106 1406 describenda
1138 1370 1190 1405 ita
1211 1373 1362 1415 versari,
1387 1376 1427 1407 ut
1451 1372 1499 1408 ab

95 1435 230 1470 oriente
261 1434 438 1480 profectus
471 1435 507 1468 et
537 1432 638 1467 vultu
670 1432 771 1476 quasi
805 1432 843 1466 in
885 1432 1101 1467 occidentem
1145 1433 1258 1468 solem
1297 1445 1499 1478 conversus,

94 1497 253 1532 breviter
280 1507 371 1541 quae
400 1495 492 1529 inter
523 1494 728 1539 Aegyptum
759 1498 795 1528 et
824 1494 956 1529 fretum
986 1494 1155 1529 Herculis
1184 1494 1394 1530 interiacent
1417 1507 1500 1540 per-

96 1562 216 1595 currat
230 1582 241 1600 ,
261 1559 420 1593 locorum
444 1555 602 1591 ordinem
634 1556 680 1590 ad
714 1566 815 1590 oram
847 1556 958 1591 maris
988 1556 1136 1591 sitorum
1166 1567 1323 1592 servans.
1379 1558 1501 1602 Quare

98 1620 148 1655 ad
183 1619 441 1655 Catabathmon
470 1628 540 1651 non
571 1628 647 1651 esse
676 1621 791 1661 potest
808 1629 919 1662 prope
949 1618 1227 1659 Catabathmon5
1250 1617 1383 1652 erravit
1404 1618 1500 1652 enim

97 1681 260 1716 Handius
282 1681 327 1715 de
348 1678 501 1715 Particc.
525 1678 604 1712 Lat.
630 1677 711 1712 Vol.
733 1679 762 1712 I.
785 1690 819 1722 p.
843 1678 902 1714 90.
926 1679 1021 1714 huuc
1044 1678 1163 1714 locum
1186 1679 1231 1714 iis
1251 1689 1501 1723 annumerans,

98 1742 136 1776 in
172 1741 301 1787 quibus
332 1741 382 1776 ad
416 1740 634 1775 vicinitatem
666 1739 735 1774 loci
769 1739 902 1775 indicat
924 1742 970 1775 ab
995 1741 1186 1775 accedendi
1208 1740 1368 1783 notione3
1393 1742 1502 1776 Cata-

98 1803 271 1838 bathmon
301 1802 395 1837 enim
431 1802 571 1838 initium
602 1813 733 1846 ponens
763 1801 954 1836 Sallustius
986 1802 1032 1836 ab
1064 1813 1109 1836 eo
1140 1802 1287 1837 discedit
1316 1803 1432 1846 potius
1465 1803 1503 1837 in

98 1864 331 1910 descriptione
355 1868 482 1906 terrae,
505 1874 614 1908 quam
638 1863 784 1901 accedit.
819 1864 925 1908 Quod
948 1863 1100 1898 sentiens
1123 1862 1332 1898 ciacconius
1355 1863 1505 1900 coniecit

97 1926 322 1961 scribendum
344 1937 420 1961 esse
442 1939 467 1961 a
484 1926 740 1968 Catabathmo,
764 1928 806 1960 ut
829 1936 914 1961 sane
937 1928 1050 1959 exstat
1072 1923 1108 1958 in
1134 1924 1266 1959 VVassii
1299 1925 1375 1959 cod.
1399 1926 1441 1960 L.
1465 1925 1502 1961 3.

44 2000 46 2003 ·
99 1987 171 2022 Sed
194 1987 344 2033 vulgata
375 1998 444 2022 non
477 1990 530 2022 est
563 1986 798 2022 sollicitanda.
844 1987 902 2021 Ad
925 1986 1020 2021 enim
1045 1986 1088 2019 de
1111 1986 1233 2020 ordine
1260 1985 1410 2029 dicitur,
1433 1998 1503 2031 quo

99 2060 157 2084 res
185 2060 222 2083 se
250 2049 449 2094 excipiunt,
480 2060 550 2092 quo
585 2060 687 2083 sensu
721 2047 895 2083 Germani
932 2047 1211 2093 praepositiones
1246 2051 1314 2093 auf
1344 2052 1378 2083 et
1409 2050 1504 2083 nach

100 2113 282 2155 usurpant.
304 2110 352 2145 cf.
373 2109 449 2144 Cic.
474 2110 518 2144 de
541 2109 645 2146 Finn.
668 2110 741 2152 111,
767 2110 834 2152 16,
859 2109 918 2145 52.
943 2121 1088 2155 quorum
1104 2109 1188 2143 ordo
1212 2110 1372 2154 proxime
1402 2122 1504 2145 acce-

102 2172 176 2213 dit,
198 2175 240 2205 ut
261 2171 492 2206 secandas
515 2171 559 2206 sit
579 2171 638 2206 ad
655 2172 795 2217 regium
806 2172 1067 2217 principatum,
1103 2182 1208 2214 quem
1232 2171 1353 2206 locum
1378 2183 1506 2217 perpe-

101 2242 180 2267 ram
212 2242 236 2266 a
264 2231 459 2267 Goerenzio
491 2233 709 2268 intellectum
740 2236 835 2267 recte
865 2232 1058 2277 explicavit
1091 2231 1254 2267 Handius
1287 2233 1331 2266 de
1353 2233 1505 2270 Pan-tice.

102 2294 182 2328 Vol.
205 2293 232 2328 1.
256 2305 292 2338 p.
314 2293 374 2328 91.
399 2294 611 2329 Sallustium
633 2295 846 2329 verbotenus
867 2293 1024 2339 sequitur
1053 2294 1151 2329 Mela
1182 2294 1199 2328 1
1213 2321 1223 2338 ,
1260 2293 1294 2328 8.
1331 2294 1413 2328 iude
1444 2296 1507 2329 ad

105 2355 362 2390 Catabathmon
393 2355 581 2399 Cyrenaica
607 2358 787 2402 provincia
814 2361 877 2392 est.
909 2357 954 2389 cf.
985 2355 1076 2390 Plin.
1105 2356 1158 2390 H.
1189 2355 1234 2391 N.
1265 2356 1433 2399 XXVIII,
1466 2355 1504 2399 9,

103 2420 182 2462 post
208 2415 286 2452 init.
310 2417 554 2451 Dulcissimum
579 2419 636 2452 ad
667 2418 814 2452 hominis
842 2418 1048 2451 camelinum
1075 2418 1143 2453 lac.
1168 2437 1215 2442 —
1232 2417 1389 2452 Secundo
1413 2418 1507 2452 mari

104 2477 261 2521 Curtius,
286 2477 517 2512 Kunhartltus
540 2481 575 2512 et
597 2478 789 2514 Muellerus
816 2478 966 2524 pessime
988 2478 1041 2513 ita
1067 2478 1232 2523 capiunt,
1255 2478 1357 2522 quasi
1380 2482 1507 2514 auctor

104 2538 250 2573 dixerim
282 2542 362 2583 post
394 2539 669 2575 Catabathmum
712 2541 874 2585 Cyrenen
902 2539 1055 2584 primam
1086 2551 1180 2583 esse;
1212 2541 1382 2583 secundo,
1417 2542 1441 2576 i.
1473 2553 1506 2578 e.

106 2601 218 2636 altero
244 2600 336 2646 loco,
368 2600 445 2635 sive
476 2601 636 2645 proxime
668 2605 744 2646 post
772 2602 930 2646 Cyrenen
964 2614 1040 2636 esse
1062 2597 1172 2639 mare.
1218 2602 1298 2637 Non
1321 2603 1507 2638 meliorem

106 2661 279 2697 rationem
301 2661 382 2697 iniit
401 2662 464 2696 Fr.
487 2662 708 2705 Gronovius,
733 2674 776 2697 ex
801 2662 901 2697 cuius
933 2663 1079 2699 scholiis
1109 2664 1146 2698 in
1178 2663 1390 2700 Sallustium
1416 2665 1508 2700 Cor-

106 2721 177 2756 tius
197 2722 292 2756 hanc
312 2723 462 2767 protulit
483 2724 773 2769 explicationem,
799 2724 992 2759 Gerlachio
1015 2725 1220 2770 probatam,
1245 2725 1394 2760 secundo
1411 2726 1508 2760 mari

77 2832 79 2835 v
108 2782 242 2818 dietum
265 2795 343 2819 esse
365 2787 404 2819 ut
427 2785 576 2820 secando
585 2787 760 2830 flumine,
791 2785 927 2821 scilicet
948 2786 1033 2832 quia
1053 2798 1150 2822 mare
1169 2787 1215 2822 ab
1244 2787 1350 2822 Asiae
1369 2786 1505 2832 angulo
