1826 3276
542 176 1092 227 PRAEFATIO.
1462 198 1577 226 ¹1-

129 298 402 363 perstitione.
422 296 738 361 cogitandique
766 295 958 359 ignavia,
987 311 1106 355 quae
1136 309 1244 346 vero
1277 291 1506 346 invenien-

128 403 462 465 do-plurimum
497 401 662 458 officit,
696 414 835 461 quam
866 399 1125 461 longissime
1159 400 1273 449 absit
1290 435 1304 460 ‚
1337 402 1506 448 factum

125 511 233 567 <2³14v
263 511 314 552 ut
338 505 444 551 huic
476 504 554 551 uni
585 504 690 565 plus
723 503 938 550 deberem
957 535 972 560 ‚
1005 503 1327 563 quam-ceteris
1361 494 1508 550 omni-

111 609 233 665 'bus3
275 623 426 668 neque
461 621 600 669 aegre
637 604 718 650 tuli
753 606 901 652 multis
937 605 1049 651 loeis
1062 639 1076 664 ‚
1122 620 1314 666 quorum
1355 621 1508 653 veram

124 711 462 774 explicationem
514 723 590 754 me
635 706 875 768 sperabam
930 706 1127 767 primum
1173 709 1508 769 propositurum

122 829 249 872 esee,
285 812 476 859 eandem
522 811 580 857 ab
623 810 701 856 illo
743 808 1065 870 interpretandi
1098 810 1216 855 viam
1259 810 1386 870 prius
1419 813 1508 858 ini-

121 922 216 963 tam
248 931 357 969 esee.
425 915 546 961 Nam
574 929 714 973 quum
743 913 917 959 veritati
944 912 1076 958 unice
1105 912 1381 972 studuerim,
1415 930 1507 961 non

120 1023 414 1087 praeceptam
446 1017 556 1063 mihi
589 1017 744 1078 putavi
779 1015 921 1062 laudis
955 1016 1203 1075 materiem,
1239 1016 1321 1062 sed
1354 1018 1506 1078 potius

119 1137 208 1184 pro
242 1122 338 1168 veri
372 1121 543 1183 reperti
574 1124 842 1182 argumento
876 1118 1040 1177 habui,
1076 1119 1113 1163 si
1146 1119 1389 1165 rationibus
1424 1136 1507 1165 ac-

121 1229 274 1271 curate
302 1223 559 1286 ponderatis
586 1222 648 1268 ad
681 1237 948 1269 consensum
977 1237 1080 1268 cum
1108 1222 1263 1267 Fabr'o
1299 1222 1503 1269 ducerer.

119 1328 360 1376 Praeterea
403 1327 448 1373 in
492 1327 769 1388 singulorum
806 1325 1047 1372 verborum
1081 1325 1379 1387 explicatione
1413 1342 1505 1372 non

110 1430 216 1478 -sine
267 1430 460 1476 maxima
512 1430 700 1475 utilitate
747 1429 948 1474 consului
995 1429 1087 1474 duo
1133 1444 1303 1489 opera,
1344 1430 1504 1489 quibus

118 1532 245 1579 haud
270 1534 365 1580 scio
393 1549 452 1579 an
485 1533 722 1579 novissimo
756 1538 962 1594 tempore
995 1531 1239 1592 plurimum
1272 1532 1332 1577 ad
1366 1548 1506 1579 accu-

120 1636 332 1682 ratiorem
374 1637 555 1699 ling-uae
595 1635 783 1683 Latinae
829 1635 1133 1697 cognitionem
1179 1635 1401 1680 collatum
1435 1636 1505 1692 sit,

120 1739 384 1786 Doederlini
426 1739 637 1798 alterum,
682 1739 742 1784 de
785 1720 1077 1800 originatione
1123 1743 1169 1784 et
1215 1743 1408 1799 cognata
1442 1738 1505 1783 si-

122 1843 408 1904 gnificatione
459 1857 625 1888 vocum
674 1841 934 1886 Latinarum
952 1874 966 1899 ‚
1013 1841 1204 1886 alterum
1245 1840 1412 1885 Handii
1445 1840 1506 1886 de

122 1945 351 2007 particulis
399 1945 594 2003 Latinis,
631 1959 746 2004 quos
785 1945 924 1989 libros
966 1959 1052 2004 par
1100 1949 1168 1989 est
1211 1943 1257 1987 in
1305 1944 1505 1989 omnium

121 2048 327 2094 manibus
359 2048 550 2106 versari,
596 2048 674 2109 qui
706 2049 820 2096 ultra
853 2048 1086 2110 vulgarem
1119 2045 1307 2092 modum
1344 2062 1507 2108 sapere

120 2151 291 2197 volunt.

259 2354 399 2412 Quod
423 2355 484 2403 ad
507 2322 783 2420 Fragmenta
816 2354 1012 2403 Sallustii
1045 2356 1223 2412 attinet,
1259 2371 1376 2416 quae
1403 2355 1506 2401 fue-

123 2464 225 2505 runt
252 2459 440 2506 fortasse
473 2461 551 2520 qui
583 2460 934 2512 hocivoiumine
969 2460 1100 2506 simul
1142 2475 1246 2505 cum
1277 2458 1400 2504 bello
1433 2459 1505 2504 Iu-

123 2562 336 2624 gurthino
370 2578 444 2609 me
490 2563 712 2609 editurum
749 2570 1085 2626 exspectarent,
1128 2578 1213 2608 nec
1254 2562 1376 2608 volui
1413 2562 1503 2607 iam

125 2679 244 2712 nunc
284 2666 502 2725 adiicere,
540 2682 627 2713 nec
660 2668 802 2729 potui.
870 2651 1070 2714 Primum
1106 2667 1224 2715 enim
1258 2664 1502 2712 verendum

123 2774 220 2815 erat
236 2802 248 2824 ,
282 2784 340 2817 ne
372 2771 427 2819 iis
461 2770 621 2819 additis
655 2771 786 2818 huius
820 2770 1051 2819 voluminis
1081 2770 1224 2817 moles
1256 2768 1386 2816 nimis
1419 2781 1501 2813 ex—
