1826 3276
382 173 468 216 59⁰
619 174 626 182 ·
745 128 1379 207 GSALLUSTJGRISPI

385 280 622 343 aliquando
664 276 879 321 amicitiae
919 282 1044 335 tuae,
1091 292 1180 336 qua
1214 277 1336 338 apud
1368 280 1562 324 animum
1593 296 1742 327 meum

349 379 493 435 4nihil
535 374 675 419 carius
719 373 879 417 habeo.
954 372 1008 416 ld
1050 373 1163 418 adeo
1208 374 1396 434 experiri
1437 376 1560 429 licet3
1605 391 1740 436 arma,

384 474 526 530 viros,
571 469 829 531 pecuniam,
883 474 1110 529 postremo
1156 470 1367 529 quicquid
1414 470 1559 516 animo
1602 471 1741 532 lubet,

385 632 518 677 ipsum,
550 627 711 673 quicquid
743 629 813 668 est,
843 631 977 662 exstare
1008 630 1179 663 asseveret
1201 627 1420 673 (germanice
1442 630 1549 665 es‘ist
1567 629 1629 665 der
1651 616 1743 675 Fon,

384 704 420 726 es
442 691 550 734 findet
575 689 687 732 Stati)
700 714 710 730 ‚
732 688 814 721 huic
836 687 991 732 generati
1011 688 1142 722 notioni
1163 693 1278 723 certae
1298 689 1442 724 actionis
1466 690 1614 724 verbum
1635 690 1743 724 subii-

383 751 485 792 citur,
508 749 598 793 quod
621 749 677 781 vel
701 759 762 791 per
783 753 822 782 ut
845 748 1048 791 particulam
1071 752 1122 782 est
1144 749 1249 782 verbo
1271 749 1509 795 coniungitur,
1541 750 1599 784 vel
1627 750 1740 784 infini-

382 812 456 846 tivo
485 809 635 854 positum
667 820 709 841 ex
737 808 800 841 ino
833 809 966 852 pendet.
1012 807 1142 842 Prioris
1170 811 1383 850 structurae,
1414 821 1502 853 quae
1532 804 1743 854 frequentior

382 876 445 913 est,
468 871 555 903 haec
577 871 655 901 sunt
678 869 856 912 exempla:
882 868 954 901 Cic.
978 868 1020 900 de
1043 867 1140 901 Orat.
1163 868 1218 911 11,
1242 868 1298 910 36,
1322 869 1401 903 152.
1448 870 1547 911 Est,
1570 875 1616 904 ut
1636 871 1741 914 pleri-

382 942 447 975 que
468 929 657 974 philosophi
679 929 774 961 nulla
798 928 990 962 tradant
1012 933 1196 972 praccepta
1220 929 1372 972 dicendi,
1398 934 1431 963 et
1455 929 1656 964 habeant
1677 941 1742 974 pa-

381 995 498 1025 ratum
520 993 633 1023 tamen
655 988 737 1032 quid
760 988 802 1022 de
824 999 958 1032 quaque
979 999 1018 1022 re
1041 989 1168 1022 dicant.
1193 984 1291 1022 Orat.
1314 999 1346 1021 c.
1371 987 1428 1030 59,
1450 988 1529 1023 199.
1576 990 1654 1024 Est
1677 1001 1743 1023 au-

381 1056 473 1091 tem,
507 1053 555 1083 ut
583 1049 622 1082 id
653 1047 798 1081 maxime
831 1048 1003 1083 deceat.
1037 1060 1070 1091 p.
1102 1048 1196 1082 Coei.
1223 1059 1254 1081 c.
1278 1047 1334 1088 20,
1358 1046 1415 1082 48.
1465 1048 1608 1090 Quando
1625 1048 1741 1092 suit,

382 1115 431 1144 ut
453 1109 541 1154 quod
565 1108 642 1141 licet
665 1119 731 1140 non
755 1108 912 1141 liceat.
935 1108 977 1141 de
998 1107 1114 1141 Divin.
1137 1107 1174 1148 Ι,
1198 1106 1263 1148 56,
1285 1105 1364 1141 128.
1411 1107 1492 1142 Non
1524 1111 1590 1142 est
1619 1107 1742 1152 igitur,

381 1175 429 1204 ut
451 1169 646 1202 mirandum
669 1167 740 1200 sit.
765 1167 850 1200 Ter.
873 1167 1019 1201 Phorm.
1041 1168 1086 1208 Π,
1110 1167 1143 1209 1,
1167 1166 1224 1200 40.
1264 1167 1311 1200 Si
1333 1171 1420 1208 est,
1443 1167 1578 1211 eulpam
1599 1172 1648 1201 ut
1670 1168 1743 1201 An-

382 1231 478 1274 tipho,
501 1229 537 1262 in
560 1239 595 1261 se
620 1227 878 1261 admiserit.
926 1228 1024 1271 Quae
1047 1226 1180 1259 dicendi
1202 1225 1290 1259 ratio
1313 1229 1352 1260 ut
1373 1229 1492 1270 aperte
1511 1226 1653 1261 inservit
1674 1226 1743 1261 cir-

382 1287 640 1332 cumscriptioni
663 1286 832 1329 simplicis
854 1286 953 1327 verbi
977 1287 1082 1329 (nam
1105 1290 1175 1328 est,
1201 1290 1240 1320 ut
1264 1286 1384 1319 deceat
1406 1297 1446 1320 re
1467 1297 1534 1320 non
1557 1286 1674 1321 differt
1697 1286 1742 1321 ab

383 1351 492 1390 dccet,
517 1349 614 1391 etc.),
639 1358 681 1380 eo
703 1347 843 1389 quidem
866 1346 1009 1380 consilio
1038 1346 1170 1388 factae,
1199 1348 1238 1378 ut
1268 1345 1430 1379 intentius
1451 1345 1605 1379 animum
1627 1347 1672 1380 ad
1693 1346 1741 1388 id,

382 1409 475 1452 quod
509 1408 548 1442 fit
578 1410 638 1441 aut
669 1407 805 1452 agitur,
839 1407 1058 1441 advertamus
1088 1406 1144 1449 (v.
1173 1405 1398 1438 Ramshornii
1427 1405 1582 1454 Gramm.
1606 1406 1684 1440 Lat.
1707 1407 1742 1449 §-

380 1468 462 1510 204,
486 1466 520 1501 5.
545 1478 579 1510 p.
602 1465 711 1510 680.)‚
734 1466 783 1501 ita
807 1466 901 1506 idem
923 1463 1084 1505 efficitur,
1107 1463 1167 1497 ubi
1189 1469 1240 1499 est
1264 1465 1370 1498 verbo
1391 1464 1580 1498 infinitivus
1601 1465 1744 1499 subiici-

380 1531 449 1561 tur.
496 1526 550 1559 Ad
571 1526 639 1558 hoc
662 1530 777 1559 autem
800 1537 908 1570 genus
930 1525 1017 1557 haec
1039 1523 1197 1566 exempla
1219 1523 1404 1566 pertinent:
1440 1524 1525 1559 Cato
1556 1524 1598 1558 de
1627 1525 1674 1559 R.
1695 1526 1740 1560 R.

379 1586 492 1630 praef.
515 1585 549 1618 1.
590 1586 670 1618 Est
700 1583 871 1617 interdum
900 1587 1142 1627 praestare
1169 1584 1372 1618 mercaturis
1392 1595 1466 1618 rem
1490 1595 1673 1628 quaerere,
1704 1586 1742 1620 πὶ

380 1651 452 1681 tam
482 1645 708 1689 periculosum
738 1644 823 1685 siet,
854 1647 888 1678 et
917 1644 999 1677 item
1023 1643 1201 1686 fenerari,
1231 1644 1263 1676 si
1283 1648 1354 1678 tam
1377 1643 1552 1678 honestum
1573 1636 1661 1680 siet.N
1677 1645 1741 1687 Sil.

377 1706 456 1741 Itan.
490 1706 577 1745 ΧΠ,
607 1702 687 1737 695.
733 1703 890 1737 Fuerit
912 1703 1065 1737 delere
1090 1703 1310 1748 Saguntum,
1338 1703 1606 1748 Est-aequare
1628 1707 1740 1750 Alpes,

379 1767 606 1809 imponere
629 1763 767 1796 vincula
787 1774 884 1796 sacro
907 1763 1083 1804 Eridano,
1110 1763 1301 1805 foedare
1330 1765 1442 1804 locu83
1464 1765 1612 1800 etiamne
1633 1776 1740 1810 para-

380 1827 429 1860 bit
451 1829 516 1859 etc.
546 1823 644 1869 Virg,
677 1823 755 1858 Ecl.
788 1823 833 1864 X,
865 1822 923 1857 46.
970 1823 1044 1857 Nec
1073 1823 1138 1857 sit
1168 1824 1279 1856 mihi
1309 1824 1511 1859 credere.
1535 1825 1690 1869 Propert.
1712 1826 1740 1866 1,

378 1886 446 1928 20,
467 1884 523 1918 13.
569 1885 643 1918 Nec
665 1884 720 1917 mi
728 1883 771 1916 hi
793 1883 859 1917 sit
881 1883 984 1917 duros
1009 1888 1138 1917 montes
1160 1888 1194 1918 et
1210 1883 1352 1928 frigida
1381 1894 1467 1917 saxa
1489 1884 1641 1919 Adire.
1675 1884 1741 1918 Ti-

378 1946 465 1980 bun.
489 1945 516 1986 1,
539 1943 574 1986 7,
598 1943 656 1978 24.
702 1944 797 1977 Tune
819 1934 929 1976 mih‘i
949 1954 1032 1977 non
1053 1944 1159 1977 oculis
1181 1943 1243 1977 sit
1266 1943 1473 1977 timuisse
1493 1945 1588 1979 meis'.
1622 1945 1741 1989 Quum

378 2006 489 2050 igitur
513 2008 562 2038 est
583 2008 762 2048 praestare
785 2002 877 2037 idem
900 2004 1016 2038 valeat
1047 2006 1151 2046 atque
1177 2007 1352 2047 praestat,
1371 2003 1486 2046 suerit
1513 2004 1626 2038 delere
1648 2004 1740 2038 idem

379 2069 483 2108 atque
513 2065 696 2107 deleverit,
733 2063 838 2098 facile
869 2066 980 2107 patet,
1011 2063 1114 2098 istam
1145 2062 1348 2097 sententiam
1380 2062 1497 2097 addito
1530 2063 1742 2107 pronominis

380 2125 495 2159 dativo
519 2135 587 2158 non
609 2123 758 2164 mutari,
788 2123 848 2157 sed
876 2118 1074 2166 generalem
1099 2122 1172 2156 vim
1195 2134 1266 2157 esse
1288 2122 1386 2156 verbi
1408 2122 1452 2156 ad
1473 2125 1603 2157 certam
1623 2134 1741 2167 perso-

378 2195 456 2219 ram
487 2183 658 2229 restringi.
704 2184 822 2227 Qum-e
850 2193 967 2217 sensus
999 2183 1106 2217 nostri
1135 2182 1204 2216 loci
1231 2182 1430 2227 germanice
1453 2182 1503 2217 sic
1525 2185 1577 2217 est
1597 2183 1741 2217 redden-

378 2245 462 2278 dus:
486 2255 572 2289 mag
595 2255 631 2278 es
653 2243 832 2278 immerhin
848 2245 912 2286 fu'r
934 2243 1024 2277 mich
1047 2243 1108 2276 der
1132 2243 1211 2276 Fall
1233 2243 1317 2281 sein,
1339 2243 1461 2277 ,deiner
1483 2242 1591 2284 Hillse
1614 2242 1740 2276 einmal

378 2304 517 2347 bedurst
539 2317 582 2338 zu
604 2304 726 2346 haben,
750 2303 842 2348 quod
864 2313 963 2337 sensu
985 2313 1052 2337 non
1075 2302 1191 2337 differt
1209 2309 1232 2337 α’
1254 2302 1465 2346 simpliciore
1486 2301 1738 2336 enunciationet

376 2375 464 2408 mag
493 2363 549 2397 ich
580 2364 759 2398 immerhin
788 2363 832 2389 -ὲ
860 2363 998 2407 bedurft
1028 2363 1151 2397 haben.
1213 2363 1291 2397 Hac
1325 2361 1606 2405 interpretatione
1635 2361 1761 2401 simul,

378 2423 631 2458 declaravimus
652 2424 725 2458 vim
747 2422 966 2471 coniunctivi‚
990 2435 1059 2467 quo
1084 2423 1311 2468 significatur,
1333 2423 1420 2456 nihil
1442 2422 1588 2463 obstare,
1611 2421 1738 2466 quomi-

377 2494 442 2518 nus
465 2484 596 2528 aliquid
618 2484 916 2523 concedentium
941 2485 989 2518 cf.
1011 2495 1115 2528 supra
1137 2495 1168 2518 c.
1192 2483 1325 2524 XXXI,
1349 2482 1383 2517 8.
1436 2482 1507 2516 Sed
1528 2492 1612 2515 sane
1629 2483 1738 2524 fue-

378 2544 444 2577 rit
464 2543 557 2587 plebi
578 2554 642 2577 sna
663 2545 861 2586 restituere,
885 2543 974 2588 quod
996 2544 1070 2578 sine
1094 2544 1264 2589 sanguine
1287 2543 1410 2576 civium
1433 2542 1549 2576 ulcisci
1568 2541 1735 2586 nequitur.

378 2603 481 2637 Catii.
507 2615 538 2637 c.
561 2603 633 2646 LII,
657 2603 714 2637 12.
759 2604 859 2638 Sint
881 2615 965 2638 sane
988 2603 1144 2638 liberales
1168 2615 1208 2637 ex
1230 2603 1393 2636 sociorum
1408 2602 1572 2646 fortunis.
1590 2600 1678 2637 ieie.
1700 2599 1737 2634 in

378 2665 476 2697 Verr.
507 2665 534 2705 Ι,
567 2665 623 2705 14,
657 2657 713 2697 37.
763 2664 877 2697 Malus
906 2663 989 2697 civis
1021 2663 1083 2697 Cn.
1116 2663 1226 2697 Carbo
1251 2663 1337 2706 suit.
1370 2662 1531 2696 Fuerit
1553 2661 1653 2701 aliis,·
1674 2660 1738 2694 tien·

377 2724 512 2767 quando
535 2734 605 2757 esse
625 2722 764 2767 coepit?
793 2723 891 2757 Adde
912 2722 991 2758 Silii
1014 2723 1040 2757 1.
1061 2723 1087 2758 1.
1109 2722 1145 2758 et
1167 2723 1214 2757 cf.
1237 2725 1329 2767 Aug.
1355 2720 1557 2756 Grotefendi
1579 2721 1736 2755 Gramm.
