1826 3276
403 190 486 232 120
762 185 1161 229 c.sA1.LusT1
1191 187 1412 251 cnlsrl

405 302 664 355 decessere,
697 308 742 344 et
766 300 982 360 Iugurtha
1010 307 1160 345 contra
1187 303 1389 347 timorem
1414 304 1544 347 animi
1563 299 1767 364 praemia

406 396 580 441 sceleris
627 394 840 454 adeptum
870 409 966 440 sese
1002 395 1144 454 videt,
1179 403 1347 442 certum
1379 405 1518 458 ratus,
1555 400 1679 458 quod
1713 414 1767 444 ex

409 491 557 535 amicis
601 489 722 549 apud
762 491 1046 535 Numantiam
1092 498 1351 552 acceperat,
1405 494 1553 538 omnia
1593 495 1767 540 Romae

406 586 576 631 venalia
621 600 738 642 esse,
784 585 911 629 simul
959 592 1004 630 et
1049 587 1223 632 illorum
1265 588 1649 648 pollicitationibus
1688 605 1768 635 ac-

402 761 657 805 }Iavercampi‚
700 761 819 795 multis
859 761 977 796 Guelf.
1018 763 1158 799 Fabric.
1191 765 1224 799 1.
1258 765 1360 798 Rem.
1394 765 1427 800 2.
1457 765 1576 800 Struv.
1615 765 1697 799 Bas.
1734 764 1767 798 4.

404 818 527 858 Turio.
549 823 583 856 1.
607 821 640 854 3.
673 823 707 854 et
736 820 971 863 compluribus
1001 823 1092 856 Itan.
1123 823 1261 857 Relicui
1291 825 1421 858 habent
1447 825 1649 867 discessere,
1679 824 1770 867 quod

404 883 542 921 Cortius
565 880 705 924 recepit.
755 881 964 915 Gerlachius
986 881 1022 915 iu
1046 886 1142 916 textu
1175 883 1313 927 quidem
1345 885 1515 918 decessere
1549 884 1678 935 edifm’
1710 883 1769 917 sed

403 944 454 978 ita
476 942 622 982 titubat,
646 944 685 974 ut
706 939 743 973 iu
765 941 970 974 Commentt.
995 953 1028 985 p.
1051 942 1131 976 246.
1155 954 1224 986 qua
1247 943 1282 976 in
1306 956 1345 977 re
1367 945 1455 978 haec
1476 944 1586 978 verba
1607 943 1770 977 differant

402 1016 439 1039 se
462 1004 585 1038 docere
606 1011 673 1035 uon
698 1011 797 1043 posse
818 1000 1040 1043 profiteatur,
1066 1002 1159 1044 quod
1180 1014 1282 1036 nemo
1305 1003 1510 1046 mirabitur,
1534 1001 1698 1047 quiquid
1712 1003 1771 1036 ille

376 1071 379 1074 ’
403 1063 446 1097 «le
468 1062 504 1096 vi
528 1063 571 1096 de
594 1064 627 1094 et
651 1060 705 1094 dis
726 1060 931 1094 vocularum
955 1064 1082 1095 statuat
1103 1063 1330 1105 recordatur3
1364 1074 1399 1098 v.
1422 1073 1527 1108 supra
1549 1063 1594 1097 ud
1618 1064 1656 1105 1,
1678 1063 1712 1096 4.
1730 1065 1770 1110 ‚et

402 1122 518 1158 Iahnii
546 1121 684 1155 Annall.
716 1118 839 1162 philol.
871 1123 906 1153 et
934 1120 1079 1165 paedag.
1113 1132 1145 1155 a.
1177 1122 1278 1156 1829.
1302 1123 1379 1158 Vol.
1402 1123 1448 1157 ΙΙ.
1471 1123 1573 1158 Fano.
1597 1122 1630 1158 1.
1655 1133 1689 1166 p.
1711 1121 1768 1158 64.

402 1183 442 1218 Si
464 1182 546 1226 quid
569 1181 662 1214 valet
683 1179 791 1222 ratio,
819 1190 928 1223 eaque
950 1179 1060 1213 nitens
1091 1181 1252 1224 loquendi
1282 1193 1384 1224 usus,
1415 1192 1483 1216 nou
1510 1181 1608 1216 aliud
1635 1180 1771 1224 scripsit

403 1247 526 1278 auctor
548 1251 653 1284 quam
677 1239 861 1273 decessere.
906 1239 995 1274 Nam
1018 1251 1082 1284 pro
1105 1241 1270 1284 peculiari
1293 1242 1336 1276 de
1359 1245 1394 1276 et
1424 1242 1477 1276 dis
1508 1251 1636 1275 vocum
1667 1245 1769 1285 pote-

402 1306 491 1338 state
513 1301 685 1336 discedere
708 1304 760 1333 est
782 1300 818 1333 in
850 1301 971 1334 varias
999 1305 1119 1344 partes
1149 1302 1265 1341 abire,
1288 1302 1346 1334 vel
1368 1301 1507 1336 omniuo
1531 1301 1638 1336 alium
1661 1302 1770 1336 locum

400 1368 540 1408 petere,
570 1361 621 1395 ita
650 1363 689 1394 ut
718 1361 892 1395 mutati
926 1361 990 1394 loci
1023 1359 1120 1394 notio
1150 1361 1373 1404 praeminent.
1404 1362 1448 1395 cf.
1481 1371 1512 1395 c.
1537 1360 1620 1395 XIII
1633 1382 1650 1403 ,,
1667 1360 1701 1394 1.
1725 1361 1770 1395 z'n

403 1424 512 1458 duas
532 1421 687 1466 partis
712 1420 959 1455 discedunt
982 1421 1167 1454 Numidae.
1192 1421 1359 1463 XXVIII,
1382 1421 1417 1456 3.
1446 1421 1620 1455 Numidae
1633 1421 1771 1464 insectis

402 1483 503 1516 rebus
525 1481 698 1515 domum
722 1481 982 1515 discedunt.
1015 1480 1108 1521 LIV,
1144 1480 1178 1514 4.
1212 1481 1387 1516 Numidae
1417 1492 1499 1526 quo
1535 1481 1768 1524 cuiusque

400 1542 579 1576 animus
602 1541 719 1583 fert,
745 1533 784 1573 eo
808 1540 1072 1574 discedunt.
1095 1539 1180 1576 ibid.
1202 1543 1234 1583 §.
1258 1540 1315 1575 1⁰.
1342 1540 1574 1575 Numidae·s'n
1587 1550 1770 1584 proxumos

400 1602 494 1636 collis
518 1599 782 1635 discedunt.
806 1600 901 1641 LVI,
924 1599 958 1634 6.
983 1600 1107 1634 milites
1127 1601 1326 1645 Iugurthini
1351 1601 1474 1644 paucis
1497 1601 1631 1634 amissis
1660 1607 1770 1643 pro-

392 1663 504 1707 fugi
536 1659 790 1695 discedunt.
836 1658 918 1692 Inde
940 1661 1036 1702 patet
1059 1670 1121 1693 cur
1147 1659 1281 1693 dicatur
1309 1659 1551 1693 discedere
1584 1659 1628 1692 ab
1651 1660 1769 1701 armis,

401 1722 476 1755 Cat.
511 1719 674 1762 XXXIV,
708 1719 743 1753 1.
776 1719 946 1760 XXXVI,
978 1717 1014 1753 2.
1045 1719 1123 1767 lug.
1156 1719 1261 1761 XXI,
1284 1718 1342 1761 4.,
1367 1719 1609 1753 discedere
1628 1720 1768 1761 victum,

400 1780 443 1813 de
475 1789 544 1823 quo
575 1788 611 1815 v,
645 1778 690 1811 ad
721 1778 795 1812 Cat.
828 1778 960 1820 XLIX,
991 1779 1045 1822 2.,
1079 1779 1328 1813 discedere
1358 1779 1395 1812 in
1425 1779 1654 1822 sententiam,
1677 1779 1769 1823 quod

399 1839 578 1885 tetigimus
607 1838 651 1872 etl
683 1838 758 1872 Cat.
794 1838 834 1879 L,
865 1837 899 1872 4.
933 1838 1059 1873 Contra
1090 1839 1252 1873 decedere
1275 1838 1451 1883 significat
1472 1839 1646 1873 relicto
1669 1850 1768 1883 quem

399 1901 475 1945 quis
508 1899 663 1933 tenuit
693 1899 785 1932 loco
817 1899 935 1939 abire3
969 1909 1076 1942 quare
1106 1898 1246 1942 proprie
1278 1899 1320 1931 de
1342 1898 1606 1943 magistratibus
1628 1898 1767 1940 dicitur,

399 1960 459 2004 qui
491 1957 706 2003 provinciam
737 1956 951 2000 relinquunt,
982 1958 1027 1991 cf.
1060 1959 1320 1992 Drakenborch.
1350 1958 1393 1992 ud
1417 1958 1494 1992 Liv.
1521 1958 1688 2000 XXVIII,
1710 1958 1768 2000 28,

397 2020 433 2056 7.
458 2023 493 2054 et
518 2019 562 2053 ad
584 2018 721 2058 XXIX,
744 2016 814 2058 20,
839 2017 872 2051 5.
896 2017 1048 2062 Herzog.
1070 2018 1116 2052 ad
1131 2019 1226 2052 Caes.
1243 2018 1286 2051 B.
1304 2018 1346 2052 G.
1362 2018 1461 2059 vm,
1485 2015 1548 2060 49,
1571 2017 1619 2051 in.
1636 2017 1766 2051 Bremi.

397 2077 443 2112 ad
466 2077 550 2119 Nep.
574 2076 677 2110 Attio.
700 2088 730 2110 c.
756 2077 821 2120 lv,
846 2077 879 2111 1.
903 2077 1082 2112 Daehuius
1105 2079 1150 2112 ad
1174 2078 1282 2112 eiusd.
1306 2078 1382 2111 Cat.
1406 2077 1445 2119 1,
1468 2077 1501 2111 4.
1522 2077 1698 2113 Kuehuer.
1721 2077 1768 2112 ud

397 2137 470 2172 Cic.
501 2136 635 2170 Tusco..
661 2136 716 2178 ΙΙ,
747 2136 813 2177 25,
837 2136 894 2170 61.
919 2137 1068 2171 Ellendt.
1093 2138 1137 2171 ad
1158 2139 1258 2173 Brut.
1284 2149 1315 2171 c.
1338 2137 1374 2179 1,
1398 2136 1432 2172 1.
1456 2137 1636 2171 Consimili
1657 2137 1768 2183 signi-
1800 2134 1802 2137 ”

397 2196 557 2240 ficatioue
589 2195 631 2229 de
665 2205 712 2239 eo,
741 2195 885 2239 dicitur,
915 2195 976 2240 qui
999 2197 1137 2240 locum,
1161 2197 1220 2231 ubi
1239 2199 1367 2232 diutius
1382 2198 1515 2232 versari
1534 2198 1689 2240 volebat,
1711 2209 1767 2232 re-

400 2255 557 2299 linquere
579 2253 727 2289 iubetur.
753 2254 840 2290 Sall.
864 2255 940 2300 lug.
965 2257 1124 2300 xxvlu,
1147 2257 1181 2294 2.
1205 2258 1400 2300 decrevere,
1425 2258 1477 2292 uti
1502 2257 1614 2302 legati
1634 2257 1671 2291 in
1693 2257 1766 2291 die-

402 2314 463 2348 bus
495 2315 668 2358 proxumis
699 2316 814 2349 decem
847 2315 955 2350 Italia
986 2318 1275 2352 decederent.
1307 2317 1455 2358 XXXV,
1490 2315 1522 2350 8.
1553 2317 1627 2361 ipse
1647 2315 1767 2360 paucis

400 2374 518 2408 diebus
546 2377 721 2418 profectus
751 2381 824 2419 est,
849 2376 958 2410 iussus
985 2378 1028 2410 ab
1049 2383 1170 2412 senatu
1191 2377 1298 2411 ltalia
1321 2377 1548 2412 decedere.
1572 2376 1764 2419 xxxwu,

398 2434 434 2469 9.
480 2435 533 2468 Ex
564 2434 706 2478 propria
728 2439 898 2480 potestate
932 2437 1032 2471 fluxit
1061 2437 1245 2471 translatus
1275 2447 1376 2480 usus,
1407 2447 1476 2480 quo
1509 2435 1551 2468 de
1571 2434 1766 2468 omittendis

398 2493 442 2528 iis
465 2494 568 2527 rebus
590 2501 777 2539 usurpatur
790 2521 801 2538 ‚
825 2507 914 2539 quae
936 2498 1065 2532 tuenda
1088 2501 1122 2531 et
1144 2497 1324 2531 retinenda
1346 2499 1445 2538 sunt,
1476 2494 1765 2538 quemadmodum

400 2554 522 2588 Cicero
545 2554 631 2588 dixit
653 2555 688 2589 in
715 2557 813 2590 Verr.
836 2557 891 2597 Il,
916 2557 982 2599 17,
1004 2555 1060 2591 43.
1084 2558 1125 2590 de
1149 2559 1220 2591 suis
1244 2557 1373 2591 bonis
1399 2556 1550 2590 omnibus
1572 2554 1765 2589 decede-

399 2626 465 2653 re,
496 2618 556 2648 aut
590 2615 667 2649 Liv.
702 2615 773 2657 111,
803 2615 872 2657 33,
905 2616 960 2652 1⁰.
994 2617 1269 2661 decessitque
1305 2618 1403 2651 iure
1424 2627 1503 2658 suo,
1526 2615 1587 2649 ubi
1608 2615 1764 2649 Draken-

399 2674 566 2708 borchius
589 2675 692 2718 plura
714 2674 818 2708 huius
840 2677 977 2719 generis
1006 2678 1163 2720 exempla
1195 2675 1320 2711 attunt.
1367 2675 1460 2709 Huic
1490 2674 1567 2709 usui
1597 2677 1764 2718 cognatus

401 2738 452 2770 est
481 2734 530 2776 is,
554 2745 622 2778 quo
651 2734 768 2769 Latini
799 2734 868 2768 hoc
893 2737 1037 2771 verbum
1059 2740 1208 2780 ponunt,
1242 2739 1280 2770 ut
1303 2735 1496 2780 significent
1523 2734 1674 2777 aliquem
1697 2744 1764 2767 mm
