1826 3276
450 174 818 220 IUGURTHA.
878 173 1011 221 cAP.
1036 175 1236 220 'xcvm
1444 180 1527 222 521

137 290 276 336 modo
311 291 621 337 loborantibus
655 295 743 339 suis
779 309 1054 350 succurrere,
1079 293 1228 339 'modo
1262 292 1416 352 hostis,
1450 295 1530 340 ubi

137 389 463 434 confertissumi
499 391 791 448 obstiterant,
835 391 1072 451 in1vadere3
1122 407 1256 436 manu
1295 393 1531 438 consulere

137 487 362 545 militibus,
398 488 609 547 quoniam
640 489 864 550 imperare
900 489 1173 537 conturbatis
1201 489 1408 535 omnibus
1424 496 1530 535 'non

134 589 323 646 poterat.
394 584 584 644 lamque
627 585 739 631 dies
767 591 1054 647 consumptus
1101 592 1220 647 erat,
1274 603 1415 647 quum
1459 594 1566 636 ιιι-2

162 710 165 711 ’
227 707 262 750 §-
283 705 319 740 2.
354 704 499 751 Iamque
533 706 607 742 dies
638 715 856 753 consumptus
886 710 978 754 erat]
1012 708 1112 742 Haec
1135 709 1245 744 verbu
1266 708 1399 744 iustum
1422 710 1531 745 hexa-

132 767 238 802 metri
267 767 409 802 initium
442 768 582 803 efficere
614 769 688 803 iam
720 769 921 805 observavit
956 771 1167 806 Glareanus.
1224 770 1294 805 Sed
1327 770 1530 806 dimidiatos

131 839 253 862 versus
276 827 451 862 interdum
475 829 623 874 reperiri
646 841 715 864 non
739 835 792 865 est
813 831 956 873 mirum,
981 843 1091 876 quum
1115 832 1203 866 adeo
1227 831 1356 876 integri
1377 832 1529 876 scripto-

131 888 230 924 ribus
259 889 472 933 exciderint3
503 902 538 927 v.
564 892 607 926 ud
633 892 708 926 Cat.
734 893 840 934 xlx,
865 892 899 928 5.
933 893 1052 937 ibique
1075 892 1206 928 notatis
1231 892 1322 927 udde
1345 892 1529 938 Spalding.

130 949 176 985 ad
199 948 432 995 QuintilJIK
458 951 493 995 4,
517 951 576 988 52.
603 952 742 988 Noiten.
767 953 850 988 Lex.
873 954 1056 989 Antiburb.
1081 967 1116 999 p.
1138 953 1244 989 1800.
1283 975 1330 981 --
1367 953 1530 990 Structu-

129 1022 192 1046 rae
214 1022 344 1057 quum
367 1016 487 1047 tamen
514 1013 659 1048 barbari
681 1014 772 1048 nihil
797 1017 1043 1051 remittere
1066 1006 1159 1050 ratio
1183 1015 1305 1051 eudem
1329 1016 1393 1057 cst,
1421 1026 1530 1059 quam

129 1070 313 1118 tetigimu-
340 1073 386 1107 ad
421 1085 452 1111 c.
487 1075 568 1117 ΧΠ,
601 1075 636 1110 5.
667 1088 702 1121 p.
732 1074 805 1119 64„
837 1076 905 1111 nisi
937 1076 1030 1122 quod
1054 1074 1235 1110 indicativi
1257 1074 1448 1120 praesentis
1471 1075 1530 1110 vel

128 1133 278 1179 perfecti
308 1133 388 1168 loco
421 1135 619 1171 infinitivus
648 1136 839 1172 historicus
877 1138 1010 1183 positus
1046 1140 1120 1179 est,
1157 1147 1227 1181 quo
1261 1135 1361 1170 illius
1392 1136 1530 1179 turbae,

129 1194 254 1230 multis
284 1206 404 1230 rerum
434 1196 732 1232 vicissitudinibus
763 1198 941 1244 agitatae,
974 1202 1099 1234 nutura
1132 1197 1284 1232 vividius
1308 1196 1529 1232 describitur.

129 1257 237 1291 Hunc
269 1255 436 1291 infinitivi
469 1268 573 1292 usum
605 1258 761 1303 primus,
796 1263 836 1294 ut·
865 1261 1024 1303 videtur,
1057 1259 1246 1295 Sallustius
1267 1258 1336 1293 sibi
1358 1258 1530 1303 permisit,

129 1316 314 1362 aliquoties
336 1317 481 1362 Livius,
506 1319 644 1364 saepius
668 1319 827 1355 Tacitus.
851 1321 899 1355 cf.
927 1321 1004 1358 Liv.
1031 1322 1076 1366 11,
1102 1321 1161 1363 27,
1185 1321 1220 1357 1.
1260 1320 1376 1354 Victor
1400 1324 1450 1354 ἰοί
1471 1320 1528 1353 ἱπ-

128 1383 187 1414 tra
206 1390 340 1424 paucos
369 1380 444 1414 dies
480 1380 578 1415 bellis
610 1375 791 1415 Romanus
820 1382 993 1426 promissa
1016 1382 1166 1416 consulis
1178 1381 1360 1426 fidemque
1384 1384 1528 1414 senatus

127 1441 370 1486 exspectabat,
403 1453 535 1486 quum
565 1442 698 1487 Appius
726 1459 770 1469 -—
801 1442 856 1476 ius
879 1443 923 1477 de
948 1443 1089 1478 creditis
1109 1441 1265 1487 pecuniis
1289 1441 1453 1474 dicere.
1478 1439 1528 1473 id.

51 1496 54 1499 ¹
126 1501 196 1543 lv,
210 1500 269 1544 51,
293 1501 328 1538 4.
354 1503 473 1536 Iacere
495 1503 633 1537 tamdia
656 1503 781 1547 irritas
804 1505 1021 1546 sanctiones,
1057 1515 1148 1550 quae
1181 1503 1225 1537 de
1248 1503 1320 1537 suis
1343 1501 1529 1536 commodis

119 1564 324 1607 ser-rentur,
357 1575 490 1608 quum
519 1563 706 1599 interim
734 1565 779 1599 de
804 1566 979 1611 sanguine
1003 1571 1038 1600 et
1061 1563 1228 1609 supplicio
1252 1574 1313 1597 suo
1338 1563 1450 1597 latam
1475 1563 1528 1597 le-

126 1634 209 1670 gem
232 1623 416 1667 confestim
441 1625 654 1659 exerceri
684 1630 719 1660 et
741 1630 881 1660 tantam
912 1627 983 1660 cim
1013 1622 1209 1666 habere}
1237 1623 1300 1658 ubi
1327 1622 1529 1658 Gronovius

127 1685 276 1720 contulit
298 1685 356 1729 vl,
378 1683 438 1728 27,
460 1685 495 1720 6.
534 1686 674 1732 Fugere
696 1691 854 1730 senatum
878 1691 1002 1729 testes,
1033 1687 1174 1721 tabulas
1195 1685 1373 1731 publicas,
1407 1695 1528 1718 census

126 1747 309 1792 cuiusque,
337 1765 382 1772 -
415 1758 552 1792 quum
580 1747 772 1782 interim
795 1749 1000 1783 obaeratam
1022 1747 1157 1792 plebem
1181 1745 1422 1780 obiectari
1446 1746 1528 1778 aliis

127 1812 232 1853 atque
261 1808 345 1842 aliis
376 1808 541 1843 hostibus.
573 1808 694 1843 Tacit.
729 1809 870 1844 Annali.
904 1809 952 1850 ¹1,
983 1808 1040 1849 31,
1064 1808 1099 1844 1.
1141 1808 1358 1854 cingebatur
1383 1806 1526 1841 interim

125 1870 237 1905 milite
260 1870 405 1914 domus,
434 1887 477 1894 -
505 1881 633 1914 quum
658 1870 744 1905 Libo
769 1889 811 1897 —
837 1881 1012 1906 vocare
1031 1880 1277 1914 percussorem,
1298 1879 1526 1913 prensare

125 1939 300 1966 servorum
323 1931 486 1973 dextras,
521 1931 734 1966 inserere
763 1932 940 1977 gladium.
966 1932 1010 1974 11,
1034 1930 1092 1973 4⁰,
1118 1931 1152 1965 l.
1191 1931 1414 1976 Vulgabatur
1437 1930 1526 1965 inte-

125 1993 192 2026 rim
211 2004 278 2038 per
300 1991 445 2027 Italiam
467 1996 642 2028 servatum
666 2004 806 2027 munere
830 1993 933 2027 deum
958 1979 1170 2040 Agrippam,
1195 2003 1321 2038 quum
1352 1992 1526 2026 Tiberium

51 2081 55 2086 .
126 2065 253 2099 anceps
285 2065 372 2088 cura
401 2053 607 2088 trahere.
632 2054 692 2096 lv,
715 2053 774 2096 5⁰,
796 2056 831 2090 4.
863 2054 1061 2100 Ing-ruebat
1093 2066 1161 2088 nox
1193 2054 1307 2087 nimbo
1341 2058 1454 2097 atrox,
1481 2071 1526 2079 —

127 2126 253 2161 quum
289 2114 442 2150 Sabinus
475 2115 742 2158 circumire,
784 2116 972 2150 hortari
1005 2120 1073 2151 etc.
1108 2115 1175 2156 Vl,
1208 2115 1273 2156 44,
1305 2114 1340 2148 2.
1383 2115 1526 2159 Iamque

125 2177 238 2210 multa
260 2187 368 2210 manu
387 2166 588 2221 propinqua
613 2177 794 2212 Seleuciae
818 2177 1044 2219 adventabat,
1060 2188 1200 2222 vquum
1227 2176 1405 2211 Tiridates
1429 2175 1472 2209 di
1481 2186 1525 2209 s-

127 2237 259 2272 trahi
290 2237 452 2271 consiliis.
487 2237 548 2278 xl,
570 2237 628 2281 34,
653 2238 687 2272 2.
725 2238 802 2272 Iam
828 2243 904 2273 erat
929 2239 965 2272 in
986 2243 1128 2283 aspectu
1154 2238 1372 2279 Messallina,
1398 2248 1525 2282 quum

127 2299 392 2343 obstrepere
415 2304 608 2334 accusator.
632 2299 724 2341 xlv,
750 2298 786 2340 5,
808 2300 842 2333 1.
885 2299 956 2335 Nec
979 2301 1126 2334 multum
1151 2303 1229 2334 erat
1249 2309 1437 2344 progressa
1461 2309 1526 2331 na·

126 2360 192 2402 m'ae,
216 2379 260 2385 —·
295 2371 424 2405 quum
458 2360 543 2394 dato
573 2361 676 2406 signo
707 2373 843 2395 ruere
873 2366 1001 2395 tectum
1033 2362 1109 2395 loci.
1140 2360 1274 2395 Hister.
1306 2359 1369 2401 111,
1400 2358 1459 2400 31,
1490 2358 1525 2393 1.

128 2421 206 2456 Iam
229 2421 384 2468 legiones
406 2421 444 2456 in
466 2421 675 2456 testudinem
706 2423 1016 2468 glomerabantur,
1049 2434 1181 2467 quum
1215 2423 1526 2466 languescere

125 2483 314 2529 paullatim
356 2482 623 2517 Vitellianorum
658 2484 776 2518 animi.
816 2484 869 2518 Ad
899 2483 1046 2518 eandem
1079 2482 1295 2529 analogiam,
1324 2482 1382 2516 sed
1406 2484 1526 2516 tumen

129 2544 250 2589 paullo
287 2543 456 2579 audacius
495 2547 530 2578 et
568 2543 605 2578 in
641 2543 715 2579 ulia
745 2544 1032 2579 enunciationum
1063 2543 1341 2579 conformatione
1376 2543 1525 2579 Tacitus

127 2604 306 2640 coniunxit
337 2606 397 2640 ubi
424 2610 458 2640 et
487 2610 672 2651 postquam
702 2616 785 2640 cum
818 2606 1015 2650 infinitivo,·
1049 2604 1096 2639 cr.
1126 2605 1216 2639 Anu.
1247 2606 1292 2648 11,
1325 2606 1360 2648 4,
1383 2606 1418 2640 2.
1456 2605 1527 2640 Sed

128 2668 204 2703 abi
225 2668 452 2703 minitari
474 2668 686 2702 Artabanus.
712 2667 788 2710 xil,
808 2666 867 2710 51,
891 2667 925 2701 1.
956 2667 1040 2700 Ubi
1063 2667 1196 2712 quati
1218 2672 1337 2703 uterus
1360 2672 1393 2701 et
1416 2668 1526 2701 visce—

128 2740 171 2764 ra
191 2729 387 2765 vibrantur.
409 2729 470 2771 111,
494 2728 553 2771 26,
578 2728 613 2763 2.
656 2728 899 2774 Postquam
931 2728 1034 2762 exui
1063 2729 1279 2774 aequalitas,
1305 2731 1338 2762 et
1359 2738 1424 2772 pro
1448 2739 1525 2761 mc-

129 2791 242 2826 destia
276 2802 319 2826 ae
348 2791 481 2838 pudore
515 2790 659 2825 ambitio
693 2794 728 2826 et
755 2789 806 2824 uis
829 2789 1023 2824 incedebat.
1049 2807 1095 2816 -—
1131 2790 1245 2835 Atque
1269 2788 1430 2835 adiungit
1451 2801 1525 2824 rem
