1826 3276
403 185 487 227 12²
771 181 816 224 C.
847 182 1159 227 SALLUSTI
1189 183 1405 229 GRISPI

403 303 533 357 ptum
567 310 737 340 vorsus*
762 297 898 340 finem
937 297 1094 356 imperi
1136 299 1335 344 habuere
1373 278 1765 362 Carthagiuieuaoe,

370 396 512 453 4post
553 392 664 435 aliae
709 391 901 435 Punicae
947 393 1093 439 urbeS.
1180 393 1341 438 Cetera
1386 395 1483 440 loca
1523 410 1663 455 usque
1706 397 1766 441 ad

400 533 591 568 repressum
608 522 644 555 in
659 526 794 566 partem
816 522 910 556 illam
922 547 934 564 ‚
958 534 1045 567 qnae
1062 530 1112 559 est
1137 525 1387 569 Carthaginem
1413 534 1552 569 verm,
1569 530 1736 570 feratu
1748 539 1765 561 r

401 589 437 618 et
453 583 610 626 fluat!
640 582 708 615 Sed
732 581 833 615 unice
865 593 949 616 vera
981 583 1111 617 Wassii
1141 584 1310 619 sententia
1341 587 1414 629 est,
1445 585 1506 629 qui
1535 587 1680 623 ostendit
1698 587 1766 622 ista

401 645 511 677 verba
532 641 733 687 significare
753 642 938 676 secundum
955 653 1069 684 mare,
1098 643 1153 676 vel
1175 644 1296 688 siquis
1311 645 1492 679 secundum
1507 656 1605 680 marc
1625 651 1766 691 pergat,

401 703 476 738 sive
494 703 600 737 muris
618 712 716 736 oram
734 706 910 745 sequatur.
954 702 1044 736 Nam
1068 706 1105 737 ut
1127 705 1273 738 secundo
1280 705 1427 748 flumine
1442 715 1510 739 non
1532 706 1646 740 solum
1657 705 1702 739 de
1721 704 1766 739 iis

402 762 550 812 dicitur,
574 760 634 804 qui
657 760 730 811 ipso
752 759 896 794 flumine
917 761 1279 806 deorsum'feruntur‚
1311 775 1401 808 quae
1425 763 1594 799 Gronovii
1616 767 1668 799 est
1688 775 1766 799 seu·-

403 821 509 856 tentia
524 846 536 863 ‚
558 821 616 855 sed
640 820 746 854 etiam
769 820 811 853 de
834 819 897 862 iis,
921 821 982 864 qui
1002 821 1155 857 fluminis
1178 827 1328 859 tractum
1342 824 1416 859 sive
1437 825 1619 858 decursum
1633 824 1671 857 ἰπ
1686 824 1764 868 ripa

402 886 606 926 sequuntur,
630 880 676 916 cf.
699 880 797 913 Caes.
823 881 866 914 Β.
891 881 936 914 G.
963 881 1045 923 vn,
1068 881 1125 916 58.
1145 886 1272 927 refecto
1298 889 1419 929 ponte,
1451 895 1553 930 quem
1580 883 1764 928 superiori-

401 942 463 977 bus
485 942 603 976 diebus
641 941 753 974 hostes
789 940 1022 983 resciderunt,
1055 945 1238 978 exercitum
1280 945 1475 980 transducit
1506 948 1549 979 εἴ
1571 943 1765 978 necundo

395 1003 594 1046 flumine
610 1001 813 1044 (veramente
833 1001 972 1044 lae'ings
995 1002 1089 1036 dem
1111 1003 1290 1047 Flusse)
1312 1004 1360 1037 ad
1376 1003 1551 1038 burctiam
1571 1003 1765 1045 iterfecere

400 1061 528 1106 coepit,
550 1060 600 1094 ita
622 1059 712 1110 nihil
734 1060 849 1094 obstat
870 1061 1052 1103 quominus
1066 1062 1223 1097 Sallustii
1245 1063 1352 1097 verba
1373 1063 1519 1097 eundem
1541 1073 1678 1098 sensum
1698 1062 1766 1096 ha-

397 1122 512 1172 beant.
562 1119 631 1164 Qui
654 1120 746 1154 enim
768 1120 819 1155 ita
839 1121 905 1155 iter
926 1121 1032 1164 facit,
1055 1124 1095 1155 ut
1115 1133 1205 1164 non,
1226 1122 1334 1156 maris
1357 1132 1420 1156 ora
1439 1122 1579 1164 relicta,
1599 1120 1766 1156 interiora

397 1173 512 1215 terrae
539 1183 655 1224 petat,
688 1181 746 1215 sed
778 1181 854 1226 pari
885 1191 1020 1225 semper
1050 1180 1232 1216 intervallo
1264 1192 1287 1216 a
1318 1181 1408 1216 mari
1437 1181 1545 1224 absit,
1565 1181 1598 1216 is
1618 1180 1765 1216 aermnae

397 1242 488 1275 mori
510 1240 578 1274 iter
597 1240 695 1275 facit.

494 1301 689 1344 Theraeon]
713 1301 751 1334 ln
773 1300 871 1334 codd.
897 1303 931 1334 et
953 1299 1029 1334 edd.
1053 1300 1212 1335 omnibus
1248 1299 1413 1335 scribitur
1437 1301 1613 1342 neu-eon,
1630 1310 1673 1335 ac
1693 1302 1765 1334 sta-

397 1361 462 1396 tim
495 1365 575 1405 post
606 1360 796 1400 Philenon3
826 1360 885 1394 sed
917 1359 1174 1405 diphthongum
1198 1361 1311 1404 poscit
1332 1371 1460 1406 graeca
1480 1359 1652 1396 scribendi
1673 1359 1763 1394 ratio

400 1423 582 1467 Θηραῖοι,
626 1420 812 1462 Φίλαινοι,
851 1430 960 1462 quare
998 1420 1103 1454 etiam
1144 1419 1217 1454 sine
1255 1421 1354 1456 codd.
1383 1432 1504 1454 verum
1535 1418 1765 1464 reposuimus.

399 1483 572 1516 Graecam
593 1480 743 1526 genitivi
770 1480 921 1514 formam
951 1480 1053 1513 Conr.
1083 1480 1190 1523 Leop.
1225 1480 1458 1514 Schneiderus
1493 1481 1652 1515 Gratum.
1683 1481 1761 1515 Lat.

397 1543 444 1577 T.
467 1543 512 1576 11.
536 1542 576 1576 P.
599 1542 625 1575 1.
641 1553 677 1585 p.
707 1539 764 1574 83.
795 1542 888 1574 recte
921 1540 1082 1574 observat
1112 1539 1149 1573 iu
1180 1539 1371 1574 rarioribus
1399 1542 1534 1574 tantum
1566 1539 1764 1575 nominibus

395 1600 645 1648 geographicis
678 1599 787 1634 fuisse
818 1599 1017 1634 admissam.
1084 1599 1138 1632 De
1170 1599 1298 1642 Cyrene
1329 1597 1570 1632 Ther-aeorum
1599 1596 1761 1637 colonia,

395 1663 502 1697 Batto
534 1662 624 1694 duco
653 1659 710 1695 01.
745 1660 901 1695 XXXVI.
925 1659 1000 1694 sivo
1021 1669 1053 1693 a.
1075 1657 1156 1692 631.
1180 1667 1212 1693 a.
1235 1658 1320 1692 Chr.
1342 1669 1376 1691 n.
1398 1657 1552 1698 condita,
1574 1667 1608 1691 V.
1631 1656 1760 1691 Herod.

394 1724 466 1764 lv,
491 1720 559 1755 145
581 1730 655 1763 sqq.
681 1719 796 1754 Strab.
820 1719 937 1761 xvn,
969 1718 1003 1751 3.
1027 1730 1061 1762 p.
1084 1717 1163 1752 497.
1189 1717 1349 1751 Tauchu.
1373 1728 1406 1760 p.
1430 1716 1533 1752 1194.
1555 1717 1600 1752 Β.
1623 1717 1678 1751 od.
1701 1716 1763 1750 Al-

395 1783 523 1817 meloV.
555 1781 602 1814 cf.
633 1780 793 1815 Boeckh.
828 1779 872 1813 ad
902 1779 1002 1815 Pind.
1031 1779 1136 1823 Pyth.
1161 1778 1217 1813 IV.
1251 1777 1386 1820 Explic.
1414 1788 1448 1820 p.
1471 1775 1552 1811 263.
1576 1775 1658 1811 265.
1682 1775 1760 1810 Gar.

394 1842 527 1878 Ritteri
551 1840 754 1885 Geograph.
776 1840 818 1873 P.
842 1840 872 1876 Ι.
894 1849 983 1882 quae
1006 1839 1163 1881 Africam
1186 1837 1448 1880 complectitur,
1477 1847 1511 1880 p.
1534 1835 1760 1871 sas-‚9422

394 1901 571 1937 Mannerti
603 1902 733 1944 Geogr.
766 1900 892 1934 Graec.
931 1901 965 1932 et
996 1898 1100 1932 Rom.
1137 1897 1230 1931 'rom
1260 1897 1302 1930 X.
1335 1897 1376 1930 P.
1408 1897 1450 1931 112
1483 1907 1520 1940 p.
1542 1894 1590 1930 57
1617 1906 1691 1939 sqq.
1714 1913 1760 1920 —

395 1965 513 2006 Syrtes
534 1971 576 1995 ac
600 1961 790 1994 Philaenon
810 1971 892 1994 aras
910 1958 1003 1992 infra
1017 1956 1210 1992 accuratius
1225 1955 1389 1991 describit
1403 1959 1524 1990 auctor
1538 1967 1568 1990 c.
1584 1955 1761 1990 LXXVIII

395 2027 432 2057 et
453 2022 622 2062 Lxxlx3
645 2020 705 2054 sed
727 2030 829 2064 quem
852 2018 1044 2052 Philaenon
1067 2016 1138 2050 aris
1167 2017 1282 2050 locum
1314 2015 1374 2049 hic
1406 2016 1579 2061 assignat,
1610 2015 1761 2051 multum

396 2083 554 2116 diversus
583 2080 721 2114 videtur
755 2081 800 2114 ab
832 2090 895 2119 eo,
929 2087 1032 2122 quem
1063 2075 1185 2110 relicui
1216 2075 1399 2119 scriptores
1433 2086 1570 2110 summo
1598 2085 1762 2109 consensu

394 2143 545 2178 tradunt.
591 2140 680 2176 Nam
712 2139 772 2184 qui
804 2139 871 2173 has
901 2146 979 2172 aras
1009 2140 1299 2177 commemorant,
1330 2137 1426 2170 velut
1455 2134 1602 2170 Ptolem.
1634 2134 1703 2175 lv,
1724 2133 1759 2171 4.

394 2202 523 2240 Strabo
548 2201 663 2243 xvu,
685 2199 719 2234 3.
744 2211 777 2244 p.
802 2198 881 2233 495.
905 2197 1063 2232 Tauchn.
1085 2208 1121 2240 p.
1145 2195 1248 2231 1193.
1270 2196 1312 2232 Β.
1335 2196 1390 2231 ed.
1424 2195 1595 2229 Alnwlov.
1617 2193 1712 2229 Mela
1731 2194 1760 2235 1,

395 2263 432 2297 7.
453 2262 544 2297 ΡΙίιι.
567 2261 614 2297 Η.
638 2259 680 2295 Ν.
704 2261 755 2304 V,
779 2259 813 2294 4.
837 2257 1028 2293 clarissime
1050 2257 1170 2290 docent
1193 2265 1250 2289 eas
1284 2255 1320 2288 in
1349 2258 1502 2290 extremo
1535 2253 1614 2288 sinu
1646 2245 1761 2298 Syrtis

396 2332 546 2367 magnae
561 2345 573 2364 ,
595 2331 665 2364 qua
688 2319 779 2354 inter
800 2317 1065 2363 septentrionem
1087 2320 1123 2350 et
1145 2315 1312 2350 orientem
1336 2315 1380 2350 ud
1406 2316 1559 2350 Baream
1585 2316 1621 2348 et
1652 2313 1761 2357 Gyre-

397 2382 535 2416 naicarn
569 2379 701 2426 vergit,
732 2378 814 2412 sitas
844 2388 937 2418 esse,
970 2387 1080 2420 neque
1111 2376 1181 2410 alio
1215 2376 1292 2410 loco
1322 2378 1450 2418 ponunt
1479 2371 1700 2414 recentiores,
1722 2376 1760 2407 ut

397 2440 572 2475 Cellarius
603 2439 687 2475 Not.
720 2437 804 2472 Orb.
836 2439 905 2473 aut.
935 2436 1001 2478 lv,
1033 2435 1068 2470 3.
1098 2447 1132 2479 p.
1165 2434 1248 2470 855.
1280 2436 1333 2469 ed.
1371 2435 1488 2469 Schw.
1530 2431 1758 2475 D’Auviuius,

398 2499 612 2541 Heerenius,
645 2499 724 2533 Car.
756 2497 913 2532 Ritterus
947 2496 1068 2540 Africa
1099 2508 1134 2540 p.
1166 2495 1246 2530 934.
1279 2494 1458 2535 Sicklerus
1481 2493 1610 2538 Googr.
1633 2495 1701 2527 ant.
1725 2504 1757 2537 p.

398 2559 480 2594 82⁰.
511 2558 584 2594 alii.
642 2559 693 2592 Ex
724 2557 880 2592 Sallustii
913 2560 1030 2592 autem
1061 2555 1175 2590 verbis
1207 2554 1370 2589 coniicias
1390 2564 1469 2588 eum
1491 2556 1570 2597 post
1589 2552 1759 2587 minorem

401 2620 541 2654 demum
563 2617 719 2662 Syrtim,
743 2621 804 2652 aut
827 2620 920 2652 certe
941 2619 1019 2660 post
1038 2615 1175 2659 Leptim
1196 2625 1361 2659 magnam
1383 2614 1447 2648 has
1467 2623 1548 2648 aras
1566 2613 1758 2656 collocare;

400 2690 482 2714 nam
514 2678 582 2712 isto
615 2676 735 2712 ordine
763 2677 950 2720 procedere
971 2675 1046 2710 eius
1067 2674 1298 2710 narrationem
1318 2673 1498 2708 ostendunt
1517 2664 1626 2708 verba
1646 2673 1760 2716 prima

403 2757 448 2764 -
471 2749 512 2772 ac
530 2738 686 2781 deinceps
702 2756 745 2763 -—
762 2737 886 2772 deinde
903 2756 946 2763 —
958 2741 1058 2780 post,
1082 2746 1191 2779 eoque
1213 2734 1406 2768 Glareanus
1435 2732 1600 2768 Nostrum
1632 2732 1758 2767 erroris
