1826 3276
440 185 808 230 IUGURTHA.
869 183 1001 230 CAP.
1028 176 1206 228 XXXI.
1296 206 1299 211 s
1443 186 1529 228 175

132 304 305 350 animus
341 303 400 348 ab
440 303 620 365 ignavia
655 308 791 362 atque
821 302 1031 347 socordia
1064 305 1303 361 corruptus
1337 299 1414 358 sit,
1451 301 1529 360 qui

96 425 99 427 ·
130 418 189 447 ne
223 417 340 447 nunc
375 400 586 461 quidem,
618 401 822 446 obnoxiis
853 400 1063 456 inimicis,
1099 398 1357 460 exsurgitis,
1393 404 1529 458 atque

131 499 266 544 etiam
302 513 419 544 nunc
446 498 608 542 timetis
633 513 734 555 eos,
771 496 931 558 quibus
962 514 1040 544 vos
1066 497 1200 542 decet
1225 497 1386 542 terrori
1415 511 1525 542 esse.

129 655 175 690 ad
209 655 247 693 h.
269 666 301 691 c.
332 656 365 698 §.
386 654 445 689 1⁰.
474 658 508 689 et
534 654 609 689 Cat.
626 654 754 695 LVIII,
779 653 836 689 21.
863 653 926 688 ubi
941 653 1080 689 Coi-tius
1110 652 1328 698 comparavit
1344 654 1431 688 Hor.
1451 653 1528 688 Sat.

127 717 184 760 Π,
208 716 254 759 8,
281 715 343 751 34.
381 715 503 750 lustin.
522 715 610 757 XX,
638 715 680 756 3,
703 713 739 748 5.
784 715 882 749 Curt.
899 715 963 759 IV,
992 714 1035 757 4,
1067 714 1123 749 13.
1170 715 1269 748 Flor.
1290 715 1360 756 111,
1391 713 1435 754 3,
1466 714 1526 749 18.

125 779 182 813 De
199 777 364 813 adiectivi
379 780 414 811 et
430 775 590 811 adverbii
607 775 644 809 in
666 775 729 810 tali
746 787 837 809 nexu
854 775 1054 810 discrimine
1073 776 1224 811 conferri
1243 775 1351 810 etiam
1369 779 1525 819 possunt,

124 850 215 884 quae
230 837 432 874 observavit
451 837 623 874 Goerenz.
649 837 693 871 ud
722 835 794 870 Cic.
821 835 865 869 de
890 836 993 869 Finn.
1011 836 1050 881 1,
1074 837 1138 879 13,
1165 836 1223 872 44.
1254 838 1381 872 Facile
1404 843 1526 873 autem

124 903 241 946 patet,
269 902 310 934 ut
325 898 412 934 satis
428 897 612 932 commode
630 896 761 931 dictum
779 902 833 931 est
857 897 973 939 inulti,
997 897 1048 932 ita
1065 909 1132 931 non
1151 898 1221 933 dici
1239 899 1396 943 potuisse
1408 900 1524 942 foedi.

123 962 214 998 Nam
222 962 411 1006 foeditatis
426 959 523 994 notio
539 970 609 1012 uoq
622 958 658 992 in
674 959 825 992 subiecto
842 959 1028 1003 conspicua
1041 963 1092 993 est
1106 971 1187 993 cum
1201 960 1310 993 verbo
1326 960 1526 1004 coniuncto,

122 1024 183 1058 sed
209 1023 346 1058 nonnisi
375 1023 411 1057 in
437 1020 584 1054 actionis
606 1020 734 1053 modo
758 1020 924 1054 cernitur.
970 1019 1062 1054 Nam
1087 1020 1145 1064 qui
1165 1022 1345 1064 perierunt
1368 1021 1524 1065 inulti,

122 1083 231 1119 iidem
253 1087 290 1120 et
309 1083 414 1119 inulti
429 1086 558 1122 ειιηίς
582 1081 642 1115 sed
662 1081 723 1125 qui
738 1084 789 1125 s⁰
801 1092 819 1115 e
831 1082 854 1115 d
865 1092 884 1115 e
905 1081 1101 1126 perierunt,
1125 1086 1310 1127 propterea
1328 1093 1397 1116 nou
1417 1087 1525 1118 sunt

117 1146 283 1190 soch—
309 1144 425 1179 Vostri
441 1144 638 1187 defensores
656 1142 876 1188 intelligendi
894 1143 978 1178 Tib.
999 1146 1034 1176 et
1051 1143 1089 1177 C.
1099 1143 1264 1179 Gracchi.
1294 1144 1415 1187 Quare
1441 1156 1524 1189 per-

121 1205 269 1250 spicitur
287 1205 391 1239 multi
399 1231 410 1248 ,
434 1205 529 1250 quod
556 1204 593 1238 in
620 1203 757 1248 aliquot
780 1203 881 1240 codd.
904 1215 968 1248 pro
986 1205 1090 1239 inulti
1109 1209 1240 1248 exstat,
1262 1216 1332 1240 non
1357 1217 1432 1239 esse
1449 1217 1523 1241 me-

120 1267 322 1301 morabilem
344 1266 543 1308 lectionem,
565 1269 605 1300 ut
624 1266 740 1300 Faber
763 1269 890 1306 censet,
913 1265 975 1300 sed
992 1266 1122 1301 calami
1141 1267 1294 1311 lapsum,
1319 1267 1524 1312 saepissime

119 1327 157 1362 in
174 1327 278 1362 codd.
301 1327 467 1371 obvium3
496 1329 542 1364 cf.
566 1328 612 1362 nd
633 1338 663 1360 c.
684 1327 831 1370 vass,
858 1326 892 1361 2.

210 1391 244 1432 ς.
267 1388 302 1424 3.
353 1390 398 1424 ab
421 1389 588 1436 ignavia]
610 1387 914 1432 praepositionem
938 1387 1099 1422 Hondius
1122 1386 1157 1421 in
1183 1386 1275 1423 libro
1299 1390 1343 1424 ‹le
1365 1391 1518 1426 Pan-ticc-

45 1454 47 1456 ’
117 1450 213 1485 Lati.
237 1451 316 1486 Vol.
339 1450 367 1486 1.
391 1464 424 1496 p.
442 1451 500 1486 26.
536 1455 632 1485 recte
654 1449 743 1484 vidit
769 1461 812 1484 eo
837 1449 983 1484 consilio
1007 1449 1158 1494 positam
1184 1460 1277 1492 esse,
1302 1455 1341 1485 ut
1363 1453 1521 1498 corrupti

117 1511 227 1546 animi
250 1524 376 1548 caussa
400 1518 436 1548 et
466 1514 568 1559 origo
590 1510 707 1558 magis
730 1510 970 1556 significetui-3
1003 1511 1049 1547 cf.
1073 1511 1248 1557 Heusing.
1271 1512 1317 1546 ad
1340 1512 1413 1547 Cic.
1444 1514 1518 1550 Off.

118 1573 154 1615 1,
180 1573 226 1618 2,
247 1573 305 1609 12.
328 1574 465 1609 Bromi.
488 1575 535 1612 ed
558 1574 647 1618 Nep.
672 1573 716 1606 de
741 1573 862 1618 Regg.
887 1584 919 1608 c.
937 1573 1007 1616 111,
1030 1572 1064 1607 3.
1094 1572 1202 1607 Periit
1225 1585 1250 1607 a
1274 1575 1402 1608 morbo.
1428 1575 1519 1610 For-

116 1634 233 1680 biger.
255 1636 305 1670 ad
333 1636 470 1671 Lucret.
493 1635 565 1678 111,
588 1634 672 1670 833.
696 1634 785 1668 Hor.
810 1634 885 1670 Sat.
899 1634 933 1677 1,
959 1633 1002 1676 4,
1025 1633 1084 1668 26.
1111 1635 1327 1669 Rumshorn.
1357 1636 1519 1675 Gramm.

117 1697 197 1732 Lat.
223 1698 256 1739 §-
282 1697 363 1732 15⁰.
390 1709 425 1742 p.
440 1694 525 1732 285.
550 1696 584 1730 d.
615 1715 662 1722 —
695 1695 764 1730 Pro
788 1695 943 1729 obnoxiis
966 1695 1072 1740 longe
1094 1695 1238 1739 plurimi
1260 1697 1362 1733 codd.
1386 1697 1520 1734 habent

116 1758 272 1800 obnoxii,
306 1759 399 1802 quod
430 1757 510 1792 ΑΜ.
533 1755 714 1791 Manutius
744 1767 928 1799 perperam
959 1756 1135 1798 defendit3
1167 1768 1248 1792 nem
1279 1760 1456 1802 quomodo
1488 1761 1519 1795 is

114 1818 176 1863 qui
198 1817 368 1854 obnoxius
387 1823 450 1861 est,
473 1819 543 1852 hoc
564 1817 781 1862 singularem
805 1817 1016 1863 exsurgendi
1038 1828 1200 1852 caussam
1223 1818 1357 1853 habere
1379 1821 1518 1865 potest?

114 1879 245 1915 Contra
279 1880 392 1915 altero
425 1878 577 1914 obnoxio
609 1878 717 1913 facilc
750 1882 802 1913 est
830 1878 934 1913 alteri
963 1889 1001 1913 se
1032 1878 1210 1913 extollere.
1257 1880 1379 1925 Quare
1417 1882 1518 1916 unice

114 1932 239 1975 {eruum
263 1944 317 1975 est
339 1941 510 1983 obnoxiis,
546 1941 638 1984 qnod
672 1938 709 1972 in
732 1939 868 1984 aliquot
896 1939 1015 1982 Rivii,
1046 1939 1200 1975 Manutii
1223 1944 1259 1976 et
1282 1942 1394 1977 Cottii
1417 1945 1517 1980 codd.

112 2011 158 2036 ac
188 2005 371 2046 praeterea
402 2001 437 2036 in
469 2001 557 2036 Naz.
583 2001 727 2035 Pembr.
763 2002 856 2046 Reg.
890 2002 1017 2035 Arond.
1051 2001 1168 2035 Mark.
1202 2005 1248 2037 Α.
1282 2003 1375 2050 Teg.
1411 2005 1517 2041 Misn.

113 2062 198 2096 Bas.
215 2062 248 2098 1.
273 2062 385 2097 Puris.
409 2063 445 2098 b.
469 2074 499 2097 c.
523 2074 557 2097 x.
580 2074 610 2096 z.
643 2066 678 2096 et
706 2063 885 2098 nonnullis
912 2062 1047 2098 Oxonn.
1083 2066 1208 2098 exstat.
1241 2064 1364 2109 Neque
1397 2070 1517 2102 tomen

115 2135 195 2158 cum
219 2123 363 2167 Curtio,
387 2123 526 2170 Longio
549 2127 584 2159 et
608 2124 800 2159 Gerlachio
831 2123 1079 2169 explicuerim=
1112 2136 1220 2168 quum
1245 2124 1380 2160 inimici
1404 2127 1515 2162 vestri

113 2185 235 2220 delicti
255 2186 425 2221 conscie
436 2186 537 2220 ntia
571 2185 674 2220 vobis
703 2186 854 2222 subiecti
886 2186 967 2222 sint.
1013 2185 1143 2220 Sensus
1166 2186 1282 2231 potius
1305 2192 1373 2223 est:
1406 2200 1517 2234 quum

113 2232 284 2281 maleficii
307 2250 382 2281 tam
405 2246 584 2281 manifesti
607 2249 800 2289 teneantur,
823 2253 863 2283 ut
885 2249 958 2283 iam
982 2259 1020 2282 se
1041 2248 1246 2284 submittere
1269 2249 1429 2285 debeant.
1462 2251 1516 2285 De

112 2307 295 2345 vocabulo
308 2307 474 2342 obnoxius
497 2318 532 2342 v.
556 2308 603 2343 ud
627 2308 705 2343 Cat.
730 2308 892 2351 xbvnl,
917 2309 953 2344 5.
978 2309 1056 2344 Liv.
1079 2310 1220 2353 xxm,
1242 2310 1308 2352 12,
1331 2309 1367 2345 9.
1401 2311 1440 2346 Si
1459 2322 1517 2346 re-

111 2369 258 2410 ticeam,
296 2373 360 2404 aut
391 2369 560 2414 superbus
592 2373 656 2403 aut
685 2369 914 2404 obnoxius
944 2371 1080 2406 videar.
1118 2382 1155 2406 v.
1178 2371 1446 2407 Drakenborch.
1469 2372 1515 2408 ad

112 2429 199 2472 v11,
221 2428 289 2472 3⁰,
312 2428 348 2465 2.
374 2449 420 2455 —
443 2430 514 2464 Pro
538 2430 727 2475 exsurgitis
751 2430 830 2465 Vin.
853 2430 889 2465 2.
914 2431 1056 2466 Vrotisl.
1079 2431 1113 2466 2.
1139 2433 1232 2478 Bag.
1259 2436 1295 2468 et
1318 2433 1425 2471 Bodl.
1447 2434 1516 2471 ha-

111 2490 196 2525 bent
225 2491 432 2536 insurgitis,
467 2490 562 2535 quod
595 2490 754 2525 wis-sius
784 2497 951 2536 tanquam
975 2490 1275 2538 ἐμφατικώτερον
1299 2496 1421 2531 multis
1451 2498 1513 2531 (le-

113 2552 241 2593 t'endit3
272 2552 331 2586 sed
352 2551 492 2586 Cottius
514 2550 702 2596 vulgatam
725 2552 814 2586 bene
837 2557 955 2587 tuetur
982 2553 1065 2589 coll.
1089 2553 1164 2591 cic.
1185 2555 1278 2601 Epp.
1304 2559 1349 2593 ad
1370 2558 1510 2594 Famm,

113 2613 199 2656 ΧΠ,
223 2614 291 2658 10,
315 2613 349 2650 9,
387 2613 599 2648 auctoritate
631 2618 750 2647 vestra
780 2614 975 2658 respublica
1009 2622 1231 2662 exsurget
1262 2623 1297 2653 et
1331 2619 1369 2653 in
1392 2620 1510 2666 aliquo

112 2679 211 2710 statu
233 2674 410 2710 tolerabili
432 2674 604 2708 consistet.
651 2673 768 2718 Tacit.
793 2674 947 2711 Historr.
970 2675 1024 2718 11,
1046 2676 1118 2720 76,
1149 2688 1172 2712 a
1193 2679 1285 2714 med.
1319 2692 1363 2715 ne
1385 2686 1510 2717 contra

114 2736 192 2770 Gaii
222 2735 380 2780 quidem,
414 2740 478 2770 aut
513 2734 655 2769 Claudii
686 2735 742 2770 vel
774 2735 924 2771 Neronis
957 2736 1096 2772 domum
1129 2742 1430 2787 exsurgimus.
1462 2762 1508 2768 --

114 2797 233 2831 Etiam
255 2807 365 2838 nunc,
388 2796 412 2831 i.
430 2806 461 2830 e.
484 2807 573 2830 nunc
597 2795 707 2844 adeo,
732 2794 951 2833 illustratum
972 2799 1018 2834 ad
1043 2799 1148 2835 Catil.
1163 2800 1218 2842 11,
1244 2802 1276 2836 1.
1301 2803 1346 2836 cf.
1373 2803 1445 2837 Cic.
1470 2814 1504 2847 p.
