1826 3276
340 176 423 215 312
704 169 750 211 C.
779 167 1096 212 SALLUSTI
1128 169 1346 213 GRISPI

342 257 478 331 modo
513 283 639 328 scalis
678 281 891 342 aggredi,
935 296 1100 341 cupere
1141 283 1358 343 proelium
1400 284 1598 328 manibus
1631 284 1701 328 fa-

311 381 463 427 5eere.
533 377 701 423 Contra
740 391 794 420 ea
839 377 1054 437 oppidani
1093 378 1137 421 in
1180 391 1423 437 proxumos
1459 390 1564 424 saxa
1605 380 1702 423 vol-

346 513 424 554 post
446 508 603 542 manibus
619 496 741 551 facere
763 506 931 541 edidimus
953 507 1159 542 auctoritate
1181 507 1287 542 Fabr.
1308 506 1343 542 2.
1365 496 1434 542 lncss
1453 507 1488 545 l.
1506 508 1644 543 Martin.
1662 508 1706 542 B.

345 569 447 603 Publ.
471 568 609 602 Pembr.
632 567 748 600 Mark.
773 569 816 602 Λ.
839 565 986 600 Balliol.
1008 567 1100 612 Reg.
1123 568 1283 602 Arondel.
1307 569 1415 602 Laud.
1443 569 1477 603 1.
1499 568 1533 602 2.
1556 566 1589 603 32
1637 569 1706 603 Re-

347 626 432 661 licui
465 637 584 660 omnes
617 627 747 660 hahent
780 627 826 660 in
857 626 1014 660 manibus
1039 628 1182 669 facere,
1214 638 1319 671 quam
1350 620 1555 672 scripturam
1583 627 1712 662 frustra

346 687 549 730 interpretes
580 686 715 720 student
747 685 929 720 defendere
961 685 1131 720 eiusmodi
1162 687 1268 729 locis,
1299 684 1419 734 quales
1439 684 1527 723 'sunt
1546 688 1647 722 Caes.
1665 688 1711 721 Β.

351 748 396 781 G.
418 747 462 788 11,
486 746 544 780 19.
599 747 642 780 Ut
664 746 736 780 iam
759 747 805 780 in
828 745 1037 780 manibus
1059 747 1184 780 nostris
1208 747 1320 790 hostes
1341 749 1624 783 viderentur.
1647 747 1712 783 Sil.

352 807 429 850 XII,
453 806 532 841 196.
579 806 659 840 Stat
681 817 820 850 campus
854 809 887 839 et
916 816 1037 847 arma,
1061 806 1109 840 Et
1135 807 1233 841 Mars
1263 808 1307 841 in
1339 808 1557 843 manibus.
1579 807 1655 842 Liv.
1671 808 1715 848 ll,

350 867 418 909 30,
442 866 499 900 12.
551 866 617 900 Ubi
645 866 702 899 ad
733 862 902 900 manuni
939 865 1146 900 venisset
1184 867 1300 902 hostis.
1330 867 1416 912 Nep.
1438 868 1582 901 Eumen.
1607 867 1656 909 V,
1679 866 1712 900 2.

354 925 476 971 Neque
507 937 659 971 unquam
682 925 738 960 ad
771 937 945 959 manum
976 927 1194 962 accedere
1225 927 1348 961 licebat
1358 939 1372 968 ‚-
1403 926 1528 971 quibus
1559 929 1598 960 ut
1627 924 1716 959 nihil

353 986 442 1021 inter
463 981 502 1020 se
523 985 606 1030 ipsis
628 988 680 1020 est
701 995 893 1025 commune,
916 986 967 1020 ita
988 986 1143 1020 maxima
1166 990 1217 1020 est
1239 985 1480 1020 dissimilitudo
1503 996 1582 1019 cum
1603 989 1720 1019 nostro

355 1047 447 1080 loco.
493 1045 611 1089 Quum
642 1048 760 1078 autem
790 1056 913 1078 manus
941 1043 1076 1079 dicatur
1107 1045 1149 1078 de
1180 1046 1369 1079 certamine
1394 1038 1591 1080 cominius
1608 1048 1717 1089 facto,

355 1105 393 1140 in
414 1107 578 1149 promptu
599 1108 650 1138 est
667 1107 788 1148 facere
809 1105 956 1138 verbum
981 1103 1270 1147 praepositionem
1296 1116 1364 1139 non
1387 1104 1584 1146 admittere;
1612 1115 1722 1148 neque

358 1175 401 1199 ea
424 1175 505 1198 usu·
527 1168 578 1198 est
600 1165 748 1199 Tacitus
768 1164 804 1198 in
827 1163 1008 1199 simillima
1032 1163 1181 1198 dictione
1201 1165 1290 1200 Ann.
1306 1165 1387 1206 xli,
1407 1163 1466 1206 30,
1482 1163 1516 1199 1.
1564 1164 1724 1209 Pugnam

359 1236 466 1259 manu
489 1225 658 1268 capessiit.
705 1224 793 1259 otta
815 1228 867 1258 est
889 1226 1005 1258 autem
1029 1233 1070 1258 ex
1092 1235 1126 1256 m
1149 1223 1267 1258 littera
1288 1225 1347 1258 vel
1370 1227 1568 1270 antegressa
1593 1225 1650 1258 vel
1672 1235 1723 1258 se-

359 1289 505 1330 quente,
539 1283 637 1318 cuius
667 1284 807 1328 generis
838 1284 1056 1327 corruptelae
1084 1284 1278 1326 permultae
1298 1283 1335 1317 in
1357 1283 1534 1318 codicibus
1550 1283 1726 1327 reperiun-

360 1349 434 1388 tur,
467 1345 521 1379 cst*
548 1344 722 1378 Drakenb.
746 1344 790 1378 ad
813 1342 887 1378 Liv.
924 1343 973 1384 V,
996 1341 1063 1384 23,
1086 1341 1122 1377 5.
1154 1343 1273 1385 xxu,
1296 1341 1353 1387 55,
1377 1343 1410 1378 3.
1435 1348 1469 1379 et
1488 1339 1656 1379 Goerenz-
1681 1345 1726 1379 ad

361 1403 433 1440 Cic.
457 1403 586 1438 Acadd.
611 1405 656 1445 11,
674 1403 733 1445 12,
755 1403 810 1438 38.

453 1463 488 1507 §.
513 1463 548 1498 5,
597 1463 727 1498 Contra
750 1467 819 1504 ea]
853 1463 908 1496 Ea
931 1462 1028 1496 abest
1049 1472 1070 1497 a
1093 1462 1169 1497 Vin.
1191 1462 1223 1497 1.
1247 1466 1283 1497 et
1305 1459 1420 1497 Acads
1434 1462 1621 1507 Vulgatam
1643 1462 1729 1496 Tel-

363 1524 458 1558 lerus
480 1523 516 1558 iu
547 1522 662 1563 lndice
694 1535 728 1567 p.
753 1522 834 1557 322.
861 1532 1044 1566 perperam
1074 1521 1317 1564 interpretatur
1346 1522 1589 1567 gegenseitig‚
1623 1525 1730 1565 quum

364 1583 480 1628 potius
503 1583 549 1618 sit
572 1595 614 1617 es:
637 1583 750 1616 altera
770 1586 893 1627 parte,
917 1580 974 1614 cui
997 1580 1110 1614 sensui
1134 1580 1240 1615 etiam
1262 1581 1390 1615 sufficit
1410 1585 1529 1615 contra
1553 1580 1590 1615 vi
1612 1581 1732 1615 adver-

366 1643 416 1678 bii
440 1641 609 1687 positum3
634 1642 676 1675 de
699 1642 909 1686 pleonastico
931 1639 1142 1684 pronominis
1164 1651 1229 1674 usu
1251 1641 1295 1675 cf.
1313 1640 1571 1675 Drakenborch.
1595 1640 1639 1674 ad
1655 1640 1731 1674 Liv.

366 1700 508 1746 111,'57,
530 1699 564 1737 1.
583 1701 705 1737 Bremi
728 1704 762 1735 et
777 1700 956 1735 Daehnius
978 1700 1023 1734 ad
1046 1701 1133 1745 Nep.
1155 1701 1271 1735 Praef.
1296 1703 1329 1744 §.
1350 1700 1385 1735 6.
1407 1700 1545 1736 Waleh.
1565 1700 1732 1734 Emendd.
1807 1733 1809 1739 ,

366 1762 467 1797 Ιιὶνν.
491 1773 526 1806 p.
551 1761 630 1796 250.
677 1755 837 1795 Handius
867 1765 982 1795 tamen
1015 1760 1059 1794 (le
1090 1760 1237 1794 Particc.
1262 1761 1338 1796 Lat.
1365 1761 1443 1795 Vol.
1463 1760 1508 1794 11.
1530 1771 1565 1804 p.
1586 1759 1666 1794 124.
1690 1770 1733 1793 ea

366 1834 435 1857 non
459 1823 634 1856 abundare
655 1820 763 1862 dicit,
785 1820 844 1854 sed
862 1820 910 1854 ‘ad
933 1819 1168 1854 antecedentia
1191 1822 1358 1864 spectare,
1381 1820 1450 1854 hoc
1470 1831 1591 1854 sensu:
1615 1823 1735 1854 contra

370 1894 434 1924 ea,
457 1893 544 1927 quae
568 1894 591 1916 a
615 1881 780 1915 Romanis
800 1881 925 1926 parari
948 1879 1112 1921 diximus3
1146 1889 1256 1924 neque
1286 1879 1502 1914 diffitendum
1533 1882 1603 1921 est,
1630 1878 1734 1913 istam

369 1941 545 1978 rationem
573 1939 704 1976 habere
737 1952 805 1985 quo
845 1940 948 1975 alteri
979 1940 1204 1985 praeferatur.
1229 1956 1272 1965 -
1305 1938 1344 1972 In
1376 1938 1490 1973 verbis
1517 1939 1735 1982 sequentibus

371 2002 469 2037 codd.
492 2005 672 2045 tantopere
704 2001 918 2044 discrepant,
949 2003 988 2034 ut
1021 1999 1082 2034 vix
1110 1999 1270 2042 expedias
1291 1998 1374 2042 quid
1395 2002 1519 2033 auctor
1539 1997 1735 2043 scripserit3

371 2061 484 2097 variis
506 2065 621 2096 tamen
651 2059 831 2104 scripturis
853 2070 895 2094 ac
919 2047 1161 2105 probabilibus
1184 2059 1457 2102 corruptelarum
1481 2058 1609 2093 caussis
1631 2070 1736 2093 accu-

371 2126 447 2158 rate
469 2121 691 2156 consideratis
714 2120 900 2155 Sallustius
922 2120 972 2154 ita
994 2119 1169 2163 scripsisse
1191 2118 1346 2159 videtur,
1371 2121 1408 2152 ut
1429 2117 1466 2152 in
1487 2122 1580 2153 textu
1602 2130 1738 2164 expres-

372 2182 502 2218 simus:
532 2186 716 2226 praetcrea
747 2182 823 2224 pice
857 2186 890 2215 et
921 2170 1082 2224 suzpriure
1105 2179 1244 2213 taedam
1266 2178 1410 2212 mixtam
1431 2179 1571 2214 ardenti
1591 2180 1738 2214 mittere.

373 2243 428 2278 lta
451 2237 543 2280 certe
565 2245 674 2276 exstat
695 2240 732 2275 in
755 2241 852 2278 codd.
874 2240 1020 2275 Barber.
1042 2239 1078 2274 2.
1103 2239 1135 2273 3.
1159 2239 1193 2273 4.
1218 2237 1273 2279 5.;
1298 2237 1455 2282 proxime
1477 2239 1642 2272 accedunt
1662 2239 1737 2273 Vat·

377 2300 411 2336 5.
438 2305 472 2336 et
495 2300 590 2336 Leid.
615 2301 657 2335 A.
682 2301 725 2335 Β.
750 2300 788 2335 C.
811 2300 866 2342 Ν.,
890 2301 951 2344 qui
971 2300 1007 2335 in
1033 2301 1155 2335 ceteris
1177 2298 1411 2342 conspirantes
1432 2309 1496 2342 pro
1517 2298 1655 2332 ardenti
1675 2297 1740 2332 ha-

376 2363 458 2397 bent
479 2361 662 2400 ardentia3
693 2363 767 2394 tum
798 2359 835 2393 in
862 2359 1001 2395 Vratisl.
1025 2361 1057 2395 1.
1092 2360 1197 2394 Fabr.
1219 2358 1340 2400 Rivii,
1367 2359 1455 2393 Tur.
1477 2358 1510 2394 1.
1538 2361 1590 2392 est
1605 2358 1740 2410 picem

379 2428 411 2456 et
433 2422 593 2465 sulphure
611 2419 753 2455 taedam
776 2419 917 2454 mixtam
940 2421 1077 2455 ardenti
1098 2432 1168 2460 m.,·
1191 2419 1226 2453 in
1249 2417 1390 2453 Fabric.
1407 2418 1441 2452 2.
1464 2414 1582 2452 struv.
1598 2418 1740 2453 Eccard.

380 2482 496 2516 Guelf.
519 2481 553 2516 ⁷.
578 2480 612 2514 9.
638 2479 757 2514 Leidd.
782 2481 825 2514 1).
851 2480 890 2514 Ε.
909 2476 948 2515 F.
967 2481 1013 2515 H.
1032 2481 1059 2514 1.
1079 2482 1122 2514 Κ.
1145 2480 1268 2514 Palatt.
1292 2477 1326 2512 2.
1352 2477 1386 2513 5.
1410 2477 1444 2512 7.
1468 2478 1558 2522 Reg.
1581 2478 1689 2512 Laud.
1706 2478 1739 2512 2.

380 2541 481 2576 Bodl.
509 2539 626 2574 Berol.
651 2540 683 2574 1.
720 2527 835 2574 Misn.¹
856 2546 892 2574 et
921 2540 1029 2575 Paris.
1061 2552 1092 2574 z.
1126 2551 1172 2573 m.
1205 2550 1272 2572 sec.
1295 2550 1331 2583 p.
1361 2537 1479 2582 picem
1510 2538 1671 2582 sulphure
1702 2543 1743 2574 et

381 2602 498 2636 taeda
520 2601 661 2634 mixtam
693 2601 832 2634 ardenti
839 2613 852 2641 ‚-
883 2599 917 2634 in
935 2600 1040 2634 Fabr.
1065 2602 1096 2634 1.
1122 2601 1190 2634 Inc.
1216 2600 1247 2636 1.
1271 2601 1371 2634 Rem.
1394 2599 1427 2633 1.
1450 2599 1545 2632 Vrat.
1567 2598 1602 2633 3.
1626 2598 1742 2632 Guelf.

382 2660 438 2694 12.
466 2660 547 2694 Bas.
572 2659 606 2693 4.
642 2657 756 2693 Parim
779 2660 821 2694 A.
844 2660 887 2694 Ε.
919 2659 1034 2693 Berol.
1057 2660 1090 2693 2.
1120 2671 1157 2703 p.
1187 2661 1310 2704 picem
1339 2658 1500 2704 sulphure
1531 2662 1573 2693 et
1603 2657 1744 2692 taedam

382 2720 525 2754 mistam
549 2718 684 2754 ardenti
692 2724 713 2760 ‚·'
737 2719 772 2754 in
796 2719 943 2755 Goerlit.
979 2731 1015 2764 p.
1047 2720 1148 2765 pice,
1180 2719 1339 2764 sulphure
1371 2722 1409 2754 et
1439 2718 1580 2754 taedam
1603 2717 1744 2752 mixtam
