1826 3276
345 167 429 207 566
700 143 1106 202 c.sAL1.UsT1
1143 157 1366 201 calsrl

348 278 417 320 lae
451 281 496 320 et
529 274 754 334 plerisque
791 272 1025 331 placuere3
1065 273 1197 332 pauci
1230 273 1421 317 ferocius
1454 273 1709 330 decernunt,

348 371 512 415 scilicet
540 368 683 427 ignari
710 366 1001 411 humanarum
1029 383 1191 426 rerum,
1226 346 1341 426 quae
1369 369 1513 412 fluxae
1541 373 1585 411 et
1609 380 1710 412 mo-
1768 381 1770 383 ·

319 466 460 511 3biles
495 478 672 523 semper
706 463 750 505 in
784 462 972 507 advorsa
1005 469 1239 508 mutantur.
1311 462 1521 508 Ceterum
1554 462 1716 517 Mauri,

352 558 596 618 impetratis
633 558 851 615 omnibus,
889 563 977 602 tres
1011 559 1205 603 Romam
1238 559 1435 622 profecti
1463 563 1582 611 sunt,
1617 534 1718 601 cum

356 653 438 699 Cn.
476 651 665 697 Octa-vio
684 631 838 710 vRufo,
875 653 951 711 qui
987 659 1192 711 quaestor
1228 653 1496 714 stipendium
1527 653 1572 699 in
1595 652 1716 697 Afri-

357 764 455 792 cam
500 752 778 808 portaverat3
830 747 919 791 duo
964 748 1023 792 ad
1053 752 1222 810 vregem
1263 749 1463 794 redeunt.
1542 747 1720 821 Ex‘his

357 924 509 968 peiorem
539 923 645 959 etiam
674 923 797 958 fecisse
831 923 1059 968 Sellingium,
1090 925 1124 960 et
1149 926 1287 970 copula,
1311 935 1417 968 quae
1423 924 1460 958 in
1482 923 1603 968 paucis
1624 924 1724 960 codd.

357 995 401 1018 ex
422 984 687 1028 interpolatione
709 984 754 1018 ob
779 984 870 1018 male
892 983 1104 1019 intellectam
1130 989 1339 1020 structuram
1349 982 1441 1028 post
1454 987 1502 1028 fit
1523 984 1664 1029 legitur,
1690 983 1728 1018 iu

358 1043 510 1079 auctoris
539 1045 646 1078 verba
678 1044 788 1079 illata.
835 1044 914 1078 Alio
944 1046 1048 1079 modo
1071 1046 1262 1079 Muellerus
1284 1044 1456 1088 peccavit,
1479 1044 1538 1088 qui
1560 1044 1666 1078 verbo
1677 1045 1727 1087 fit

360 1103 484 1144 deleto,
507 1103 543 1137 in
567 1115 635 1147 quo
659 1103 861 1147 Bipontinos
883 1110 1019 1139 secutus
1042 1109 1112 1147 est,
1148 1105 1248 1139 colon
1275 1108 1353 1148 post
1376 1105 1522 1138 Romam
1543 1105 1666 1149 posuit,
1690 1107 1728 1138 ut

361 1173 462 1197 voces
486 1164 529 1197 ab
553 1165 688 1198 consule
713 1175 756 1197 ex
777 1165 1060 1208 postulabantur,
1094 1165 1184 1208 quod
1216 1176 1334 1198 rursus
1355 1165 1392 1199 in
1413 1166 1630 1209 postulantur
1652 1175 1749 1215 mu·-

361 1223 472 1266 tavit,
509 1225 683 1267 pendeant.
730 1224 799 1258 Sed
832 1224 900 1258 hoc
922 1234 989 1257 non
1017 1228 1068 1257 est
1091 1224 1250 1259 criticam
1272 1229 1381 1259 artem
1405 1223 1649 1269 perpendendis
1673 1235 1730 1258 ve-

362 1286 474 1317 terum
497 1283 666 1318 librorum
689 1283 892 1318 testimoniis
914 1294 1092 1325 exercere,
1126 1285 1185 1318 sed
1208 1297 1249 1319 ex
1270 1285 1414 1318 libidine
1435 1286 1553 1319 omnia
1565 1284 1732 1318 miscere.

364 1342 467 1385 Quod
490 1353 607 1376 omnes
629 1346 745 1376 autem
768 1343 812 1376 do
834 1343 963 1386 duplici
988 1344 1173 1377 mandato
1176 1348 1237 1378 aut
1258 1345 1429 1388 postulato
1454 1332 1651 1393 legatorum
1673 1343 1733 1377 hic

365 1401 426 1445 egi
449 1405 590 1445 putant,
633 1403 781 1435 multum
813 1402 1000 1443 falluntur,
1028 1402 1185 1436 Sallustii
1215 1403 1395 1448 ingenium
1423 1403 1639 1447 ignorantes,
1673 1403 1733 1446 qui

365 1471 429 1504 pro
459 1460 588 1505 insigni
619 1461 800 1495 brevitatis
830 1466 906 1495 arte
936 1461 1053 1495 verbis
1083 1462 1242 1496 inanibus
1272 1462 1408 1496 omissis
1437 1463 1554 1496 statim
1585 1462 1734 1506 exponit,

369 1520 452 1563 quid
476 1520 510 1554 in
534 1522 594 1555 illo
618 1521 764 1554 militari
787 1521 950 1563 consilio,
985 1532 1007 1555 a
1029 1523 1168 1555 consule
1189 1522 1331 1564 habito,
1363 1526 1478 1556 actum
1510 1533 1552 1555 ac
1573 1523 1737 1557 constitu-

368 1586 441 1614 tum
465 1581 520 1614 sit.
568 1582 684 1624 Quare
702 1582 747 1623 fit
775 1581 883 1613 verbo
915 1581 1027 1614 deleto
1055 1590 1122 1614 non
1145 1580 1393 1614 solumxomnis
1415 1581 1601 1622 verborum
1623 1581 1738 1626 gratia

369 1639 470 1683 perit,
493 1640 551 1673 sed
575 1639 763 1674 sententiae
786 1640 838 1673 vis
861 1640 1090 1683 narrandique
1112 1651 1168 1674 ars
1191 1641 1347 1674 funditus
1370 1641 1514 1675 tollitur.
1534 1653 1583 1666 -τ
1603 1641 1739 1675 Interea

371 1702 438 1732 est·
462 1699 569 1732 donec
591 1700 700 1744 legati
724 1701 876 1734 Romam
899 1701 988 1735 irent
1011 1711 1053 1735 ac
1074 1701 1235 1735 redirent.
1258 1719 1304 1726 --
1339 1702 1395 1736 Ea
1418 1712 1486 1736 nou
1508 1703 1570 1742 est,
1594 1703 1632 1734 ut
1653 1701 1740 1735 Cor-

371 1758 440 1792 tius
470 1760 565 1802 vult,
595 1765 742 1804 utraque
772 1762 1041 1816 postulata,
1068 1762 1129 1795 sed
1162 1766 1362 1813 utrumque,
1393 1772 1440 1798 sc.
1473 1764 1508 1794 et
1537 1764 1740 1804 potestatem

374 1818 475 1852 eundi
497 1820 649 1853 Romam
666 1822 804 1862 factam
828 1832 911 1861 esse,
941 1812 975 1855 et
996 1821 1150 1854 inducias
1173 1822 1361 1863 postulatas
1384 1821 1529 1855 concedi.
1574 1821 1652 1854 Hoc
1673 1832 1741 1854 non

375 1877 470 1912 assei
472 1881 550 1911 utus
573 1879 726 1924 Langius
751 1891 793 1914 ea
817 1880 948 1915 mutari
969 1881 1076 1915 vult·
1066 1893 1102 1914 ιιι
1126 1892 1198 1923 eae,
1223 1884 1262 1915 ut
1283 1882 1484 1924 pronomine
1507 1881 1742 1915 tantummodo

374 1938 419 1971 ad
450 1938 608 1972 inducias
637 1941 864 1987 respiciatur,
896 1940 978 1984 quia
999 1942 1159 1985 placuere
1183 1941 1224 1974 de
1247 1942 1328 1975 data
1350 1943 1502 1975 Romam
1524 1939 1626 1973 eundi
1644 1943 1742 1983 pote-

375 2001 464 2031 state
493 2002 642 2041 nequeat
672 2000 833 2046 intelligi.
881 2001 948 2035 Sed
979 2000 1161 2044 quominus
1188 2001 1224 2034 id
1250 2000 1457 2045 intelligeret
1479 2000 1651 2044 Longius,
1674 2011 1742 2034 non
1773 1994 1775 1997 ’
1821 1994 1824 2002 ’

377 2057 448 2091 alia
479 2069 535 2099 re,
569 2058 635 2092 nisi
666 2071 829 2103 perverso
860 2061 1009 2104 quodam
1038 2072 1138 2094 sensu
1168 2055 1353 2104 impeditus
1382 2061 1528 2095 videtur.
1550 2079 1595 2085 -
1620 2061 1744 2094 Decer-

377 2123 463 2152 nunt
486 2118 644 2152 absolute
668 2120 819 2163 positum
842 2120 1021 2165 significat„
1043 2122 1245 2154 sententiam
1269 2121 1399 2162 dicunt,
1422 2126 1557 2155 censent
1565 2132 1579 2161 ,-
1601 2121 1646 2155 cf.
1675 2121 1744 2154 Ga-

379 2177 431 2212 til.
453 2189 482 2210 c.
507 2179 547 2220 L,
572 2179 604 2212 4.
653 2179 789 2212 Silanus
811 2179 854 2213 de
878 2180 951 2222 his,
976 2180 1041 2224 qai
1056 2181 1093 2214 in
1115 2181 1275 2214 custodiis
1297 2182 1517 2221 tenebantur,
1540 2180 1745 2224 supplicium

380 2239 581 2271 sumendum
613 2238 903 2273 decreverat.
957 2240 1163 2274 Accusativo
1196 2239 1321 2274 obiecti
1352 2240 1468 2274 addito
1501 2232 1594 2274 vaiet
1623 2240 1747 2273 consta·-

381 2298 545 2332 tuendum
576 2309 784 2343 proponere,
820 2300 986 2342 suadere3
1019 2300 1090 2334 Cic.
1115 2301 1204 2344 Epp.
1229 2301 1272 2333 ad
1298 2301 1434 2334 Famm.
1456 2300 1484 2340 1,
1507 2299 1543 2342 3,
1565 2299 1605 2332 3.
1647 2299 1746 2333 Com-

382 2358 504 2391 mendo
524 2359 588 2392 tibi
611 2359 682 2392 eius
706 2360 822 2393 omnia
845 2361 1008 2404 negotia,
1031 2361 1268 2404 inprimisque,
1291 2365 1347 2401 ut,
1369 2371 1458 2404 quae
1483 2360 1524 2393 Τ.
1549 2359 1680 2392 Annius
1703 2360 1747 2393 de

385 2417 457 2451 eine
490 2428 527 2451 re
560 2418 786 2462 decrevit,
818 2430 861 2453 ea
890 2421 1090 2464 comprobes.
1139 2420 1224 2454 Sall.
1259 2419 1333 2454 Cat.
1365 2421 1421 2461 Ll,
1453 2418 1508 2453 18.
1555 2419 1689 2458 Iniuria
1711 2425 1754 2454 te·

384 2477 539 2521 subegit,
583 2488 692 2522 genus
729 2491 860 2524 poenae
890 2490 1014 2513 novum
1045 2480 1300 2513 decernere.
1353 2479 1498 2523 Fragm.
1534 2478 1683 2512 Historr.
1718 2479 1747 2522 1,

385 2535 442 2577 19,
473 2535 505 2570 5.
556 2537 625 2578 Qui
656 2539 808 2583 legatos,
840 2550 984 2583 pacem,
1018 2540 1232 2574 concordiam
1265 2545 1299 2574 et
1322 2540 1394 2573 alia
1418 2539 1647 2573 huiuscemodi
1670 2539 1749 2572 de-

387 2601 644 2631 creverunt.
667 2617 713 2623 -
738 2598 873 2633 Scilicet
896 2611 963 2633 non
986 2599 1187 2644 simpliciter
1210 2599 1360 2644 explicat
1381 2603 1460 2633 ante
1485 2596 1599 2640 «licta,
1622 2599 1682 2632 sed
1703 2597 1750 2632 si-

387 2657 462 2690 mul
483 2657 626 2691 inservit
646 2656 778 2692 ironiae
801 2662 834 2693 et
856 2659 1086 2704 indignationi
1108 2663 1180 2694 tam
1202 2661 1304 2694 rudes
1329 2663 1363 2693 et
1384 2659 1609 2693 humanitatis
1630 2669 1749 2702 exper—

387 2719 438 2751 tes
459 2716 554 2752 viros
575 2716 612 2751 in
634 2717 778 2752 consilio
801 2717 926 2762 fuisse3
949 2719 995 2753 cf.
1019 2723 1184 2754 annotata
1206 2720 1250 2754 ad
1273 2731 1302 2753 c.
1326 2719 1452 2763 XXXI,
1477 2717 1531 2752 19.
1554 2730 1588 2763 p.
1610 2717 1688 2753 189.
1705 2737 1749 2744 —
