1826 3276
490 157 852 222 mcuanuA„
913 155 1038 202 GA‘P.
1068 159 1271 203 Lxxv1.
1468 163 1554 206 405
1627 189 1635 200 ,.

161 295 292 335 nare,
346 292 534 339 parare3
587 290 772 338 prorsus
829 275 888 320 ab
940 275 1139 334 utrisque
1183 275 1292 321 nihil
1337 277 1551 322 relicuum

114 386 121 393 ’
159 377 271 422 fieri.
339 375 549 434 Denique
584 373 812 430 Romani,
836 372 980 418 multo
1015 378 1119 417 ante
1152 373 1310 419 labore
1342 374 1586 435 proeliis-5

158 489 249 534 que
293 473 492 534 fatigati,
538 476 653 531 post
689 469 783 514 dies
822 469 1149 530 quadraginta,
1187 486 1322 530 quam
1354 486 1410 516 eo
1443 486 1552 518 vcn-

156 638 254 679 cent,
277 645 369 679 quac
390 632 618 668 nullo-modo
642 629 838 676 potuissent
860 629 971 673 oriri,
1002 630 1034 667 si
1058 630 1247 666 Sallustius
1270 632 1320 666 ita
1343 633 1551 679 scripsisset,

156 700 195 732 ut
218 692 429 731 Gerlachius
451 691 611 728 coniecit.
657 691 779 734 Neque
802 691 992 726 obscurum
1011 694 1084 733 est,
1108 691 1217 725 verba
1238 702 1260 726 a
1283 693 1394 728 Basil.
1419 694 1552 730 editore

154 757 322 792 damnata
354 752 610 803 perspicuitatis
648 763 773 804 caussa
811 752 856 788 ab
889 754 1033 787 anctore
1073 751 1193 786 addita
1225 764 1323 797 csse3
1355 767 1424 790 non
1457 757 1551 792 enim

155 827 275 853 omnes
297 819 410 851 turres
431 825 536 858 super
556 824 726 859 aggerem
746 812 1030 858 imponebantur.
1054 831 1099 837 —
1131 813 1248 848 Verba
1271 826 1356 860 opus
1380 821 1414 851 ct
1437 817 1551 852 admi-

153 879 280 914 nistros
301 877 415 914 tutari
436 875 593 920 plerique
616 874 715 909 codd.
740 877 858 909 tenere
883 875 1058 909 videntur.
1109 875 1319 911 Gerlachius
1343 880 1485 921 tamen,
1508 889 1552 912 ne

152 939 302 978 minima
331 937 474 983 quidem
496 935 733 981 discrepantia
763 935 801 970 in
823 946 920 970 varr-
954 936 1050 970 lectt.
1083 940 1222 979 notata,
1255 935 1293 972 in
1325 941 1422 974 textu
1444 939 1553 974 edidit

153 1010 240 1048 opus
265 1001 314 1036 ad
336 1000 510 1034 ministros
534 997 668 1039 tutari,
701 996 802 1040 quasi
829 1007 950 1032 omnes
973 995 1009 1030 in
1039 1007 1083 1031 ea
1106 997 1280 1041 scriptura
1302 999 1551 1043 conspirarent,

152 1066 189 1097 ct
215 1060 308 1097 nihil
335 1062 426 1095 essct
455 1070 520 1093 cur
549 1057 759 1102 displiceret.
807 1057 878 1092 Sed
901 1057 953 1092 ita
975 1060 1114 1092 tantum
1145 1058 1267 1094 inveni
1298 1059 1335 1093 in
1357 1060 1478 1098 Bcrol.
1500 1061 1551 1105 1.,

151 1123 188 1158 in
211 1122 318 1158 Misn.
339 1132 447 1163 vero,
477 1119 598 1154 Vinar.
622 1118 656 1153 1.
682 1121 718 1153 et
743 1118 844 1156 Leid.
866 1119 918 1153 M.
952 1121 1005 1153 est
1036 1129 1123 1163 opus
1158 1119 1465 1157 administris
1496 1127 1551 1157 tu·

151 1181 238 1224 tari,
261 1180 299 1216 in
322 1180 464 1216 Fabric.
487 1179 523 1215 2.
546 1190 631 1224 opus
654 1182 689 1214 et
712 1179 1116 1214 administrantes
1139 1184 1191 1222 t.,·
1221 1180 1258 1215 in
1281 1180 1356 1217 Inc.
1379 1182 1412 1215 1.
1432 1182 1552 1217 Guelf.

152 1242 209 1280 12.
232 1245 269 1278 et
290 1241 388 1278 laid.
412 1241 452 1276 C.
476 1251 531 1286 op.
553 1245 589 1276 et
611 1240 850 1275 ministros
874 1243 926 1280 t„·
948 1239 986 1274 in
1009 1251 1079 1275 nno
1110 1241 1189 1275 Vat.
1211 1239 1246 1275 5.
1271 1253 1357 1287 opus
1379 1243 1554 1278 ministros

150 1305 288 1347 tutari,
321 1302 431 1338 ceteri
463 1305 582 1336 autem
615 1300 733 1336 Italici
765 1312 847 1335 cum
880 1301 1031 1346 vulgato
1054 1301 1252 1336 consentire
1274 1304 1448 1338 videntur.
1498 1305 1554 1338 Ex

150 1366 208 1403 hin
229 1370 271 1402 nt
292 1368 388 1411 patet
409 1363 574 1408 copulam
597 1361 728 1407 exigna
750 1360 850 1395 codd.
874 1362 1084 1397 auctoritate
1115 1373 1139 1398 a
1162 1364 1353 1399 Gerlachio
1385 1365 1554 1400 omissam

149 1439 239 1472 mse,
261 1426 312 1462 ita
333 1424 441 1461 etiam
464 1422 631 1468 loquendi
655 1433 739 1457 usus
761 1421 867 1466 plane
889 1421 999 1464 obest,
1023 1423 1210 1468 quominus
1234 1424 1271 1458 id
1294 1425 1378 1467 fiat;
1402 1437 1437 1460 v.
1462 1436 1555 1470 quae
1588 1440 1601 1443 ⁷*

150 1489 195 1524 de
216 1487 366 1533 copulae
387 1486 504 1530 ellipsi
526 1485 619 1520 inter
641 1485 712 1519 dno
734 1483 911 1517 vocabula
934 1483 1008 1518 dixi
1032 1485 1078 1519 ad
1102 1496 1133 1519 c.
1158 1485 1363 1529 xxxvlll,
1391 1485 1427 1522 9.
1451 1490 1486 1522 et
1509 1487 1554 1522 nd

143 1550 261 1593 Jaxn,
282 1549 318 1585 1.
366 1548 446 1584 Non
469 1546 586 1581 minus
615 1544 811 1581 inconsulte
834 1544 1011 1580 ministros
1034 1545 1204 1590 scriptum
1228 1558 1293 1592 pro
1318 1548 1552 1594 administros,

143 1611 244 1657 qnod
278 1608 457 1645 codicibus
485 1617 599 1651 aeque
622 1617 665 1641 ac
688 1605 854 1649 loquendi
885 1616 950 1640 usu
981 1607 1219 1642 confirmatur.
1267 1609 1306 1642 In
1339 1621 1378 1643 re
1404 1610 1554 1645 militari

149 1673 247 1708 enim
270 1670 478 1706 administer
500 1671 536 1704 et
567 1667 817 1702 administrare
849 1666 1230 1711 peculiariter’dicitur
1252 1669 1294 1703 de
1317 1669 1379 1712 iis,
1404 1671 1465 1714 qui
1488 1682 1552 1706 ne-

150 1733 252 1781 gotia
273 1732 443 1776 cuiusque
465 1728 604 1776 generis
632 1729 677 1764 ad
706 1727 842 1761 bellum
873 1731 935 1762 aut
967 1739 1124 1773 pugnam
1158 1729 1370 1774 pertinentia
1401 1732 1553 1775 obeunt3

149 1796 196 1829 cf.
221 1793 316 1829 infra
338 1804 370 1828 c.
393 1791 502 1834 xcu,
525 1791 560 1826 9.
609 1790 744 1824 Milites
765 1800 876 1834 neque
899 1799 964 1833 pro
996 1800 1099 1834 opere
1125 1789 1331 1833 consistere,
1362 1803 1473 1836 neque
1497 1794 1551 1828 in-

149 1855 358 1892 mssfflvineas
387 1853 463 1888 sine
493 1852 649 1899 periculo
685 1850 1040 1886 administrare.
1085 1850 1182 1884 Caes.
1220 1850 1265 1886 Β.
1299 1850 1344 1885 G.
1376 1851 1458 1894 vll,
1492 1851 1550 1887 81.

139 1915 411 1961 ,Galli'fundis,
434 1914 599 1960 sagittis,
624 1910 802 1957 lapidibus
823 1915 959 1945 nostros
983 1904 1026 1946 de
1049 1912 1143 1946 vallo
1166 1912 1374 1954 deturbare,
1398 1913 1552 1958 reliqna-

151 1991 239 2026 quc,
272 1989 369 2025 qnae
402 1975 452 2013 ad
483 1974 781 2020 oppugnationem
801 1971 1001 2016 pertinent,
1038 1973 1392 2018 administrare.
1439 1973 1553 2019 Igitur

149 2040 188 2075 h.
211 2040 238 2075 1,
262 2037 483 2079 administri,
516 2047 565 2071 sc.
590 2035 724 2080 operis,
758 2033 983 2078 intelligendi
1006 2037 1086 2068 sunt
1118 2033 1178 2078 qni
1203 2033 1324 2068 vineas
1347 2037 1494 2078 agerent
1517 2038 1552 2069 et

150 2108 322 2144 aggerem
356 2093 513 2133 iacerent
543 2100 578 2132 et
610 2096 648 2131 in
687 2095 764 2140 ipso
795 2106 931 2141 aggere
962 2094 1160 2139 oppidanos
1191 2094 1449 2140 impugnarent.
1497 2095 1551 2130 Do

151 2159 261 2199 vincis
280 2169 327 2194 nc
354 2159 508 2194 turribus
536 2169 572 2194 V.
596 2158 642 2192 ad
674 2168 706 2193 c.
731 2157 837 2198 xxi,
859 2156 902 2197 33
934 2156 978 2190 de
1015 2156 1207 2202 aggeribus
1238 2156 1283 2191 cf.
1315 2157 1471 2202 Herzog.
1504 2156 1549 2191 ad

152 2220 254 2256 Caes.
274 2219 320 2254 B.
345 2219 389 2256 G.
412 2220 459 2264 11,
486 2219 544 2254 12.
567 2230 602 2263 p.
626 2217 708 2253 123.

244 2282 278 2323 S.
309 2279 406 2316 4.ss
427 2278 463 2315 5.
510 2279 711 2324 festinare,
744 2278 905 2325 parare]
942 2278 1124 2313 Festinare
1157 2277 1410 2323 explicavimus
1442 2279 1488 2314 ad
1515 2290 1546 2314 c.

150 2341 273 2383 mvl,
295 2340 330 2376 1.
358 2351 490 2386 parare
523 2341 568 2375 ad
591 2353 622 2377 c.
645 2341 725 2386 Lx,
750 2340 786 2377 1.
810 2358 858 2366 —-
890 2340 944 2374 ne
972 2351 1115 2385 prorsus
1147 2350 1234 2375 voce
1267 2340 1313 2375 cf.
1336 2340 1381 2375 ad
1417 2339 1494 2376 eat.
1517 2352 1547 2374 c.

151 2403 237 2445 XV,
268 2400 303 2436 5.
336 2421 383 2427 —
414 2401 718 2447 Praepositionem
747 2406 833 2437 ante
865 2401 1098 2444 Gerlachius,
1142 2411 1349 2445 comparans
1372 2401 1545 2436 Graecam

150 2466 361 2500 mentam
391 2465 516 2510 πολλῷ
546 2461 716 2509 πρόσθεν
748 2461 874 2510 πόνῳ,
906 2473 969 2507 per
1001 2461 1148 2507 hyphen
1176 2462 1333 2507 figuram
1365 2462 1544 2498 artissimo

151 2535 242 2560 nexu
271 2535 352 2560 cum
387 2525 505 2560 labore
528 2526 717 2560 cohaerere
739 2524 837 2562 dicit.
885 2523 955 2558 Sed
988 2523 1056 2558 ista
1090 2523 1231 2568 figura,
1265 2523 1312 2558 ab
1334 2523 1543 2568 antiquiori-

152 2585 220 2620 bus
235 2586 484 2631 grammaticis
505 2586 616 2621 nimio
639 2586 754 2622 studio
778 2585 936 2630 quaesita
950 2610 959 2627 ,
984 2583 1131 2630 ingenio
1153 2584 1298 2619 Latinae
1319 2584 1465 2630 linguae
1485 2595 1543 2619 re-

153 2649 285 2692 pugnat
312 2650 350 2682 ct
380 2658 507 2692 parum
537 2649 702 2682 accurata
733 2645 991 2692 grammaticae
1020 2644 1219 2690 cognitione
1240 2644 1383 2688 nititur,
1415 2656 1541 2690 quam-

151 2718 259 2752 quam
288 2719 358 2743 non
390 2707 548 2742 omnium
579 2708 760 2751 locorum,
791 2707 853 2750 qui
882 2708 952 2741 huc
973 2707 1186 2750 trahuntur,
1215 2707 1338 2742 cadem
1361 2710 1414 2742 cst
1435 2707 1539 2742 ratio.

155 2767 245 2804 Num
271 2767 309 2804 in
334 2769 458 2804 multis
479 2769 517 2803 id
535 2769 769 2813 vocabulum,
792 2768 883 2813 qnod
909 2779 989 2804 cum
1012 2768 1125 2803 altero
1144 2768 1181 2803 in
1204 2779 1324 2803 unum‘
1336 2767 1438 2813 quasi
1461 2778 1539 2802 cor-
