1826 3276
1401 0 1417 28 Χ

425 141 799 208 iUGURTHA.
858 162 983 208 eff.
1007 161 1172 207 xmx.
1403 170 1491 212 π’,

90 284 295 350 planities
332 281 510 329 deserta
544 281 734 345 penuria
760 252 935 342 aquae,
966 287 1148 344 praeter
1182 279 1355 329 flumini
1381 300 1488 346 pro-

89 386 262 447 pinqua
296 383 423 436 loca;
459 395 514 426 ea
549 379 716 448 consita
742 379 935 424 arbustis
970 394 1141 440 pecore
1176 387 1312 441 atque
1347 382 1489 428 culto·

88 483 211 529 ribus
245 479 657 540 frequentabantur.
713 505 717 509 <

227 577 394 625 XLIX.
469 576 615 638 Igitur
658 575 705 619 in
752 589 809 619 eo
855 574 972 619 colle
989 607 1002 631 ,
1057 589 1194 634 quem
1232 581 1488 624 transvorso

87 654 243 724 itinere
276 676 537 737 porrectum
573 671 822 728 docuimus,
858 669 1078 732 Iugurtha
1113 678 1348 719 extenuata
1378 691 1487 722 suo-

86 766 186 821 rum
218 772 314 818 acie
349 769 578 826 consedit,
609 768 864 831 elephantis
904 773 949 816 et
983 769 1103 830 parti
1138 771 1370 831 copiarum
1399 789 1487 834 pe-

87 939 254 972 ventac
275 932 398 970 exiret.
420 931 576 968 Historr.
606 931 660 976 11,
682 931 742 976 88,
764 935 851 969 extr.
904 932 974 969 Ubi
994 932 1178 968 lubrico
1209 934 1315 971 vtae
1343 937 1400 972 vel
1424 949 1487 973 oc-

87 1008 189 1033 cursu
221 995 369 1032 elimatus
400 994 642 1041 procidissent.
668 993 745 1029 Liv.
772 994 827 1037 Π,
851 993 917 1038 45,
941 994 1000 1031 10.
1031 995 1079 1040 11,
1102 993 1160 1038 56,
1184 993 1220 1031 5.
1266 997 1356 1033 Vide
1377 999 1487 1036 etiam

86 1055 306 1095 Boetticlieri
327 1055 413 1091 Lex.
437 1054 556 1093 Tacit.
576 1066 611 1090 v.
635 1054 798 1089 adiectio.
822 1053 859 1097 2,
882 1053 918 1091 6.
943 1067 979 1100 p.
1003 1055 1062 1091 35.

179 1118 307 1155 xm.
332 1117 367 1163 §.
390 1116 426 1152 1.
473 1121 675 1154 transvorso
697 1116 826 1152 itinere
845 1118 1061 1163 porrectum]
1096 1116 1121 1154 i.
1145 1128 1176 1152 e.
1201 1118 1263 1164 qui
1286 1122 1491 1158 transvorso

86 1183 178 1219 inter
202 1179 355 1216 fluvium
378 1181 414 1214 et
436 1181 592 1214 montem
615 1178 672 1224 (v.
697 1189 729 1214 c.
751 1178 908 1222 XLVIII,
931 1177 988 1224 3.)
1012 1183 1129 1214 tractu
1152 1179 1415 1227 porrigebatur,
1437 1182 1489 1220 ita

87 1247 128 1281 ut
149 1241 253 1278 collis
273 1243 365 1276 esset
386 1250 410 1275 a
432 1239 546 1275 latere
568 1238 743 1276 exercitus
768 1239 928 1284 Metelli,
956 1240 1095 1281 ,flumen
1116 1241 1287 1286 petentis,
1316 1243 1363 1280 cf.
1389 1255 1420 1280 c.
1444 1245 1487 1288 Ia,

85 1306 124 1342 1.
156 1305 410 1340 Tranwormm
433 1304 553 1336 auten
575 1304 628 1336 est
649 1301 707 1345 id,
739 1301 832 1345 quod
865 1300 998 1337 lineam
1020 1306 1154 1337 rectam
1178 1303 1224 1338 ad
1248 1304 1398 1349 angulos
1419 1316 1487 1350 pa-

86 1357 144 1403 sss
171 1368 281 1402 secat.
326 1363 519 1408 Perper-am
551 1361 665 1409 igitur
697 1361 907 1397 Gerlachius
937 1363 1025 1399 huic
1063 1364 1238 1399 vocabulo
1279 1365 1487 1410 explicando

85 1428 246 1474 obliquus
267 1423 454 1469 adhibuit,
487 1435 557 1470 quo
580 1423 804 1470 significatur
836 1423 965 1460 lineam
987 1427 1122 1460 rectam
1145 1425 1354 1471 imparibus·
1372 1438 1488 1474 angu—

85 1489 132 1525 lis
153 1487 279 1524 secari.
303 1505 351 1513 —
381 1486 658 1522 Extenuant
692 1486 768 1521 acie
802 1485 943 1521 cortine
965 1489 1061 1521 recte
1083 1486 1252 1531 explicat:
1288 1493 1430 1524 extensa
1452 1492 1489 1525 et

87 1560 197 1597 quum
221 1547 368 1583 minime
389 1548 549 1583 conferta
572 1550 635 1583 aut
657 1547 868 1584 condensata
893 1548 983 1593 acie,
1007 1548 1090 1583 coll.
1112 1549 1216 1586 Auct.
1241 1549 1284 1584 de
1307 1550 1351 1584 Β.
1376 1549 1487 1585 Afric.

89 1624 121 1648 c.
143 1610 237 1653 XIV,
260 1609 296 1644 1.
344 1608 635 1644 Adversas-iorum
665 1610 844 1655 equitatus
875 1621 949 1645 sese
982 1610 1165 1646 extendere
1198 1615 1233 1647 et
1263 1611 1303 1646 in
1326 1612 1487 1647 latitudi-

88 1683 168 1708 nem
187 1681 392 1718 promovere
414 1670 584 1716 collesque
606 1671 771 1716 amplecti
793 1676 829 1707 et
855 1671 1019 1706 Caesaris
1042 1672 1237 1717 equitatum
1261 1677 1488 1708 extenua-

87 1745 136 1770 re
157 1733 328 1779 simulque
359 1733 410 1767 ad
438 1732 721 1768 circumeundum
743 1744 947 1778 comparare
978 1743 1015 1767 se
1049 1737 1246 1778 coeperunt.
1280 1733 1328 1768 cf.
1364 1733 1488 1780 Veget.

89 1794 136 1839 11,
152 1792 188 1830 3.
211 1797 248 1829 et
267 1793 330 1836 m,
354 1792 411 1828 15.
434 1793 556 1828 Heius.
582 1794 627 1829 ad
651 1794 719 1831 Sil.
738 1794 768 1837 1,
790 1793 871 1829 396.
909 1794 1016 1829 Hunc
1037 1791 1343 1831 locumPtiscian.
1360 1795 1490 1838 XVIII,

88 1855 148 1898 25,
171 1854 255 1892 22³.
278 1866 316 1900 p.
338 1852 422 1891 215.
447 1855 499 1889 sic
520 1855 663 1891 laudat:
691 1856 866 1902 Iugurtha
897 1849 1089 1890 ettenuata
1111 1865 1251 1890 suorum
1276 1855 1354 1890 acie
1376 1867 1491 1890 mon-

89 1923 179 1955 tem
201 1916 402 1958 insedib-
425 1916 487 1952 sed
508 1915 584 1951 iam
608 1916 647 1951 G.
672 1917 810 1963 Popma
830 1920 926 1952 recto
947 1915 1083 1952 iudimt
1105 1915 1389 1951 Grammaticum
1413 1927 1491 1951 me-

44 1976 51 1980 *
90 1979 227 2016 moriae
254 1979 358 2024 lapsu
387 1977 550 2014 Sallustii
579 1979 693 2014 verba
721 1978 944 2024 pervertisse.
966 1998 1014 2006 -
1038 1979 1110 2014 Pro
1129 1978 1273 2024 propior
1295 1989 1360 2012 mo
1374 1982 1489 2013 ntem

90 2042 200 2079 Acad.
221 2040 328 2076 Rem.
351 2043 388 2075 et
411 2040 532 2076 Guelr.
557 2039 591 2074 8.
615 2051 664 2076 m.
688 2052 756 2076 sec.
783 2051 840 2086 pr.
871 2040 1007 2082 mouth·
1038 2039 1142 2075 male.
1177 2050 1212 2074 v.
1245 2039 1290 2075 ad
1326 2039 1432 2077 catil.
1458 2052 1491 2075 c.

92 2103 157 2148 XI,
179 2103 215 2138 1.
262 2100 359 2138 Male
380 2101 488 2137 etiam
516 2101 622 2146 pauci
645 2101 746 2138 codd.
767 2101 912 2148 propius
933 2111 999 2146 pro
1019 2101 1163 2147 propior
1170 2112 1184 2142 ‚-
1207 2112 1242 2137 v.
1267 2101 1313 2135 ad
1337 2113 1367 2136 c.
1394 2101 1491 2144 XXI,

92 2165 127 2201 1.
149 2163 349 2206 XXXVIII,
369 2163 405 2198 l.
424 2183 472 2190 -
497 2163 583 2198 Gum
607 2163 702 2198 omni
723 2165 884 2210 equitatu
908 2167 943 2198 et
964 2162 1140 2208 peditibus
1162 2162 1305 2197 delectis
1328 2174 1407 2198 suos
1422 2163 1493 2198 col-

92 2226 186 2261 locat
207 2235 328 2260 omnes
348 2224 462 2258 ferme
482 2224 583 2259 codd.
608 2227 746 2267 teneut3
773 2236 796 2260 a
819 2224 938 2262 Guelf.
962 2223 1020 2258 11.
1043 2227 1162 2259 tamen
1187 2229 1223 2260 et
1245 2224 1368 2267 abest,
1389 2224 1493 2269 quin-

92 2297 162 2332 que
184 2284 248 2321 alii
270 2285 343 2320 nnis
365 2284 499 2320 habent
520 2296 586 2330 pro
605 2296 707 2330 suos,
737 2285 880 2321 Fabric.
905 2285 940 2320 1.
964 2296 1044 2320 suos
1067 2285 1215 2335 omisit,
1249 2284 1331 2319 Sen.
1356 2284 1391 2322 1.
1417 2286 1491 2323 Inc.

90 2348 125 2384 2.
151 2346 272 2382 Guelf.
293 2345 329 2382 2.
353 2350 389 2382 et
404 2346 439 2382 3.
469 2347 563 2381 Med.
587 2346 622 2384 4.
645 2356 693 2381 m.
717 2358 786 2384 sec.
810 2349 846 2381 et
867 2346 978 2382 Barb.
1004 2346 1038 2381 2.
1072 2347 1223 2381 delectos
1246 2356 1311 2390 pro
1335 2346 1493 2383 delectis.

92 2409 149 2444 Ex
171 2408 299 2454 quibus
320 2407 574 2452 discrepuntiis,
596 2407 734 2442 nullam
757 2406 864 2442 totius
886 2407 958 2442 loci
985 2408 1221 2453 corruptelam
1245 2408 1492 2453 arguentibus,

93 2470 154 2507 sed
186 2469 302 2515 potius
333 2468 534 2504 multifaria
564 2467 760 2504 scribarum
793 2468 1014 2515 negligentia
1045 2468 1153 2514 ortis,
1187 2467 1328 2504 Cortius
1360 2481 1492 2505 novam

94 2531 265 2568 conflavit
288 2530 524 2576 scripturam,
560 2541 675 2565 sensu
697 2530 840 2576 quidem
871 2531 1023 2573 bonam,
1055 2531 1118 2566 scd
1149 2542 1171 2566 a
1194 2532 1290 2566 male
1313 2531 1495 2568 intellecta

94 2593 242 2638 vulgata
264 2596 301 2628 et
319 2591 443 2627 iudicii
467 2591 616 2626 libidine
635 2591 844 2637 profectam.
873 2591 1024 2637 Scripsit
1045 2591 1160 2627 euimz
1184 2604 1262 2628 cum
1284 2594 1379 2629 omni
1397 2594 1495 2639 equi-

94 2658 176 2690 tatu
195 2653 384 2700 pedites
413 2654 621 2699 dilectos
653 2653 866 2697 collocat,
889 2653 960 2688 hoc
981 2653 1136 2688 maxime
1162 2658 1374 2700 argumento
1397 2665 1493 2699 usus,

95 2727 204 2762 quum
225 2716 399 2763 Iugurtha
421 2718 563 2762 praeter
597 2714 793 2759 equitatum
815 2725 958 2750 omnem
980 2717 1015 2750 et
1037 2714 1173 2760 pedites
1203 2716 1357 2751 delectos
1380 2716 1496 2750 nullas

96 2777 217 2824 copias
238 2777 431 2819 habuerit.
451 2788 520 2812 non
543 2776 698 2822 intelligi
720 2787 810 2821 quoe
833 2780 1014 2822 praeterea
1037 2786 1144 2811 suos
1166 2787 1263 2813 cum
1287 2778 1361 2813 illis
1383 2778 1496 2812 collo-

1097 2849 1214 2893 18*
