1826 3276
426 188 508 228 432
560 194 562 196 ·
785 180 831 222 c,
859 179 1173 223 SALLUSTI
1201 180 1426 236 cmspx

428 298 599 357 legatos
642 293 700 336 ad
753 291 987 337 Bocchum
1035 294 1188 349 mittit,
1237 295 1503 355 postulatum
1519 327 1534 353 ‚
1579 313 1637 342 ne
1687 297 1778 341 sine

430 405 582 435 caussa
619 387 755 430 hostis
798 387 969 446 populo
1022 387 1226 432 Romano
1277 390 1428 443 fieret3
1480 390 1646 436 habere
1687 397 1780 436 tum

428 497 633 543 magnam
681 481 865 540 copiam‘
899 482 1115 526 societatis
1167 484 1468 542 amicitiaeque
1513 485 1779 546 coniungen—

429 580 527 632 dae,
562 591 676 635 quae
710 576 859 635 potior
892 575 1012 620 bello
1049 583 1183 631 esset3
1220 593 1488 637 quamquam
1517 580 1673 642 opibus
1697 581 1780 623 suis

429 672 684 728 confideret,
719 675 865 714 tamen
893 686 982 715 non
1013 671 1178 716 debere
1212 674 1377 717 incerta
1410 688 1494 734 pro
1530 674 1656 718 certis
1684 684 1781 718 mu-

428 820 498 854 sius
513 845 524 861 ‚
555 819 634 852 coll.
658 817 730 852 Cic.
764 818 806 851 de
830 818 906 853 Fin.
939 820 974 861 1,
999 819 1055 861 16,
1079 819 1146 859 50.
1185 821 1375 856 Temeritas
1398 826 1431 856 et
1454 821 1557 856 libido
1580 826 1614 855 et
1636 821 1782 865 ignavia

429 890 560 924 semper
582 878 734 911 animum
766 880 1044 914 excruciant.
1079 880 1162 913 ibid.
1187 881 1237 922 u,
1261 881 1316 922 16,
1340 881 1397 917 53.
1444 881 1561 916 Animi
1582 881 1783 914 conscientia

430 939 594 984 improbos
618 937 886 971 excruciari.
911 938 998 982 Epp.
1023 938 1064 972 ad
1088 939 1223 973 Famm.
1250 941 1339 982 xlv,
1361 940 1397 982 3,
1421 940 1454 975 1.
1503 940 1666 984 Conficior
1693 951 1782 974 moe-

428 1011 516 1041 rore,
539 1009 602 1032 nee
625 1008 678 1030 me
699 1008 798 1030 meae
821 997 978 1031 miseriae
1001 999 1116 1042 magis
1139 999 1416 1042 excruciant,
1439 1011 1541 1044 quam
1563 1004 1656 1034 tuae.
1688 999 1784 1032 Adde
1805 992 1808 995 ’

429 1059 543 1093 Tacit.
579 1057 664 1090 Ann.
687 1056 741 1096 Π,
763 1055 827 1097 31,
850 1056 882 1089 1.
906 1057 1019 1091 Plaut.
1043 1057 1119 1092 Mil.
1144 1059 1209 1099 lv,
1231 1058 1274 1098 2,
1296 1058 1356 1093 76.
1385 1059 1523 1093 Terent.
1550 1058 1653 1092 Andr.
1684 1058 1725 1099 V,
1748 1057 1782 1100 3,

428 1118 486 1153 15.
510 1118 597 1151 Eun.
618 1116 660 1158 V,
684 1114 720 1156 3,
742 1115 796 1148 11.
820 1116 946 1150 fleant.
970 1117 1030 1158 111,
1055 1117 1089 1161 1,
1112 1117 1146 1152 4.
1170 1118 1314 1151 Phorm.
1338 1118 1367 1159 Ι,
1389 1116 1423 1159 4,
1447 1117 1561 1152 10.—
1577 1118 1684 1152 Anxie
1706 1117 1731 1151 i.
1752 1129 1783 1154 e.

422 1172 630 1222 'perturbato
662 1178 697 1208 et
727 1175 858 1209 deiecto
892 1175 1028 1218 anim03
1058 1187 1092 1212 v.
1117 1177 1160 1210 ad
1184 1189 1214 1211 c.
1239 1176 1340 1216 LXV,
1362 1175 1396 1212 3.
1418 1197 1464 1204 ——
1489 1177 1696 1211 Traderetur
1716 1188 1783 1211 non

429 1249 508 1271 cum
539 1234 726 1269 editoribus
758 1235 896 1278 putabis
926 1247 988 1279 pro
1011 1237 1144 1270 tradita
1175 1241 1264 1270 esset
1298 1235 1449 1277 dictum
1482 1247 1563 1271 nam
1584 1236 1783 1280 imperfecto

427 1296 643 1342 significatur
664 1294 797 1328 Metelli
827 1294 1071 1338 cogitationem
1094 1295 1151 1328 vel
1183 1294 1295 1338 potius
1319 1295 1476 1330 Sallustii
1507 1296 1549 1329 de
1572 1296 1709 1330 Metello
1731 1295 1784 1329 iu-

429 1355 557 1391 dicium
595 1354 646 1387 ita
678 1363 714 1386 se
744 1353 875 1386 referre
907 1354 954 1391 ad¹
983 1354 1204 1396 praeteritum
1236 1358 1389 1398 tempus,
1421 1358 1459 1390 ut
1490 1356 1652 1390 tradendi
1674 1355 1785 1389 actio.-

428 1426 508 1449 nem
531 1414 710 1447 durantem
733 1411 878 1445 necdum
900 1413 1095 1447 absolutam
1113 1417 1224 1447 mente
1239 1414 1430 1456 intueatur3
1453 1420 1660 1458 quamquam
1679 1415 1784 1449 etiam

429 1476 539 1510 altera
562 1471 739 1516 cogitandi
770 1471 879 1514 ratio,
907 1483 986 1507 cum
1017 1477 1132 1508 nostra
1152 1473 1265 1518 magis
1287 1485 1460 1541 congrua,
1494 1478 1587 1509 reete
1607 1485 1644 1509 se
1667 1475 1782 1509 habet.

428 1535 470 1568 V.
487 1535 532 1569 ad
555 1545 585 1567 c.
608 1531 698 1570 LIX,
721 1530 756 1564 3.

517 1590 709 1628 LXXXIII.
740 1591 772 1631 §-
805 1589 837 1623 1.
883 1590 1078 1635 stultitiae]
1111 1591 1216 1626 Acad.
1244 1592 1340 1626 Vrat.
1374 1592 1409 1627 1.
1433 1592 1467 1627 3.
1498 1590 1644 1628 Eccsrd.
1667 1593 1782 1630 Guslr.

426 1655 461 1688 2
483 1650 653 1687 4.7.11.
677 1648 733 1683 12.
759 1649 863 1683 Fabr.
892 1649 925 1682 1.
954 1649 1081 1685 Arond.
1111 1652 1260 1686 stultitia
1281 1652 1432 1695 habeut,
1463 1652 1554 1696 quod
1576 1663 1784 1697 quamquam

428 1713 497 1748 dici
521 1713 651 1756 potest,
683 1710 798 1742 tamen
833 1711 952 1752 aperta
982 1713 1034 1744 est
1061 1711 1278 1755 interpolatio
1301 1723 1442 1754 eorum,
1466 1709 1525 1756 ‘qui
1546 1712 1583 1746 in
1604 1712 1783 1747 tritissima

426 1771 572 1820 genitivi
602 1780 666 1803 usu
699 1767 920 1802 offenderent.
952 1770 998 1804 cf.
1033 1782 1138 1814 supra
1173 1783 1202 1807 c.
1225 1771 1326 1812 XlV,
1347 1771 1383 1806 7.
1414 1771 1567 1822 Zumptii
1591 1771 1782 1806 Grammat.

428 1834 504 1868 Lat,
537 1834 569 1874 §-
593 1829 659 1870 73,
683 1826 737 1861 12.
771 1830 841 1862 not.
866 1827 901 1860 1.’
929 1839 963 1871 p.
987 1827 1067 1862 351.
1098 1829 1250 1875 Herzog.
1279 1831 1324 1865 ad
1355 1831 1453 1866 Caes.
1485 1825 1527 1864 Β.
1553 1831 1596 1865 G.
1628 1832 1701 1876 vn,
1724 1830 1780 1866 38.

429 1906 463 1938 p.
486 1891 564 1926 453.
587 1887 847 1923 Drakenborch.
871 1886 914 1920 ad
937 1886 1012 1920 Liv.
1037 1887 1174 1929 111‚7⁰‚
1198 1888 1252 1924 15
1277 1889 1338 1923 ubi
1363 1889 1537 1934 genitivus
1558 1889 1594 1924 in
1616 1901 1683 1924 uno
1705 1891 1782 1926 cod.

429 1951 588 1987 similiter
616 1948 652 1982 in
683 1945 933 1980 nominativum
963 1944 1168 1990 depravatus
1203 1948 1278 1983 t'uit.
1300 1967 1346 1974 —
1384 1949 1454 1983 Suo
1487 1949 1624 1983 Cortius
1651 1952 1784 1984 'temere

429 2011 568 2054 omisit,
601 2008 731 2054 quippe
756 2006 846 2049 quod
877 2009 911 2039 et
933 2006 1093 2040 omuibus
1117 2008 1214 2044 codd.
1245 2011 1468 2052 sustentetur,
1500 2012 1551 2051 et,
1581 2019 1783 2054 praegressa

429 2083 515 2107 voce
537 2071 706 2109 alienam,
737 2067 793 2100 cui
828 2065 1027 2109 opponitur,
1060 2066 1104 2099 ad
1132 2066 1318 2101 sententiae
1347 2067 1421 2101 vim
1451 2070 1485 2102 et
1506 2068 1784 2112 perspicuitatem

430 2129 660 2166 necessarium
683 2126 739 2161 sit.
784 2127 974 2170 Perperam
1005 2125 1175 2159 tamenin
1206 2126 1296 2171 Teg.
1337 2127 1440 2161 Misn.
1471 2130 1504 2161 et
1534 2127 1680 2173 Goerlit.
1702 2140 1782 2172 pro-
1821 2158 1824 2165 .

429 2203 553 2227 nomen
583 2189 733 2234 priorem
762 2188 881 2233 locum
913 2188 1020 2227 tenen
1050 2196 1132 2219 nam
1155 2185 1321 2228 primaria
1351 2186 1539 2221 sententiae
1560 2187 1613 2222 vis
1633 2187 1670 2222 in
1690 2177 1782 2233 peri-

430 2254 505 2287 culo
535 2250 640 2291 inest,
670 2259 738 2292 quo
769 2247 806 2281 in
837 2247 950 2281 aliena
979 2256 1018 2279 re
1045 2245 1219 2279 subeundo
1240 2247 1389 2281 stultitia
1418 2250 1558 2282 constat.
1580 2266 1627 2272 —
1654 2247 1782 2292 Populo

431 2314 586 2346 Romano
617 2307 759 2353 plurimi
789 2306 978 2351 optimique
1005 2304 1102 2339 codd.
1133 2308 1292 2348 tuentur3
1324 2307 1429 2350 pauci
1459 2317 1500 2340 ex
1522 2305 1783 2350 interpolatione

428 2371 558 2405 habent
586 2369 707 2415 populi
730 2367 899 2408 Romani,
934 2366 978 2400 ad
1008 2364 1194 2399 sententiae
1224 2365 1382 2412 vigorem
1415 2365 1591 2410 aliquanto
1612 2365 1782 2408 (ἰοῦσι-11ης

431 2442 463 2463 v
487 2431 583 2464 ade.
606 2429 681 2471 v,11
703 2426 737 2461 4.
759 2427 859 2468 etX,
879 2425 914 2460 5.
937 2424 1053 2466 cvm,
1073 2424 1108 2458 2.

523 2489 646 2522 hebere
679 2493 751 2522 tum
782 2485 969 2532 magnam]
1008 2485 1112 2524 Tum,
1154 2484 1245 2527 quod
1281 2460 1384 2528 longe
1413 2483 1554 2527 plurimi
1595 2470 1782 2529 optimique

430 2548 527 2583 codd.
550 2547 696 2587 babent,
729 2547 824 2580 velut
854 2545 1021 2580 Commel.
1053 2544 1135 2578 Naz.
1161 2545 1241 2578 Bas.
1264 2544 1298 2579 1.
1329 2544 1433 2577 Fabr.
1459 2543 1491 2577 1.
1514 2542 1592 2576 sen.
1614 2542 1648 2576 1.
1671 2542 1780 2576 Paris.

431 2610 466 2644 b.
491 2619 521 2640 e.
545 2618 575 2641 x.
599 2618 642 2648 z.‚
666 2607 775 2640 etiam
801 2606 919 2640 Berol.
950 2606 983 2639 1.
1006 2604 1040 2638 2.
1072 2608 1105 2638 et
1128 2603 1283 2646 Goerlit.,
1311 2602 1514 2637 Gerlaehius
1536 2601 1666 2646 primus
1687 2607 1780 2636 reete

431 2667 614 2711 intextum
645 2666 784 2709 recepit.
831 2665 941 2700 Ceteri
972 2664 1117 2698 editores
1148 2674 1264 2697 omnes
1296 2661 1503 2705 scripserunt
1534 2673 1628 2703 eum,
1658 2665 1696 2696 ut
1714 2661 1780 2695 mi-

432 2737 494 2759 nor
515 2725 614 2759 codd.
636 2735 716 2767 pars
745 2736 786 2758 ex
816 2723 1075 2768 interpolatione
1095 2723 1198 2757 valde
1222 2722 1335 2756 ieiuna
1357 2722 1482 2761 habet,
1506 2720 1626 2755 scribis
1647 2721 1701 2754 vel
1722 2730 1779 2754 ae-
