1826 3276
393 189 475 230 244
754 184 798 227 C.
827 184 1141 228 SALLUSTI
1168 185 1384 230 CRI'SPI

357 300 569 344 3deratus
597 297 760 341 animus
791 298 899 351 fuit3
932 298 1012 343 sed
1041 299 1159 343 bono
1182 299 1300 342 vinci
1334 298 1460 343 satius
1496 307 1576 358 est,
1609 315 1742 359 quam

354 394 508 438 4malo
543 406 667 435 more
699 392 897 436 iniuriam
929 393 1114 439 vincere.
1181 393 1321 453 Igitur
1355 406 1410 436 ea
1447 395 1630 439 victoria
1659 409 1743 439 no-

389 488 530 531 bilitas
566 501 621 530 ex
654 485 849 531 lubidine
881 502 959 531 sua
991 502 1070 531 usa
1102 487 1264 532 multos
1295 487 1487 546 mortalis
1515 489 1636 532 ferro
1669 495 1743 533 ant

388 582 500 642 fuga
528 581 739 637 exstinxit,
773 581 963 641 plusque
989 582 1037 625 in
1064 582 1280 640 reliquum
1310 581 1392 626 sibi
1421 582 1586 626 timoris
1610 595 1744 640 quam

389 715 467 739 rum
487 703 684 749 fragmento
705 702 842 738 habuit.
872 705 1031 739 Ceterum
1055 704 1098 738 de
1119 715 1220 739 sensu
1240 704 1367 739 horum
1388 704 1584 747 verborum,
1605 692 1757 738 eorum-V

389 776 458 808 que
479 775 567 798 nexu
591 775 670 798 cum
699 764 916 807 sequentibus
938 765 1040 799 valde
1062 765 1252 809 ambigitur
1280 763 1371 798 inter
1401 764 1560 800 editores.
1606 764 1744 798 Cor-tius

389 824 480 858 enim
511 834 553 858 ac
582 823 696 857 Faber
719 823 894 858 Gracchos
924 823 979 858 his
1008 823 1199 867 vituperari
1229 826 1370 868 putant,
1402 823 1530 868 quippe
1561 822 1631 868 qui·
1649 824 1743 857 malo

387 894 485 918 more
506 893 543 917 se
566 882 744 917 vindicare
773 883 985 925 studuerint3
1017 883 1171 928 Langius
1202 894 1284 918 vero
1306 887 1340 917 et
1364 883 1569 917 Gerlachius
1591 882 1744 917 iudicant

387 942 592 978 Sallustium
614 953 672 976 eos
701 942 815 986 potius
837 943 980 977 laudare
1004 942 1174 984 voluisse,
1197 943 1299 987 quod,
1321 948 1426 986 quum
1448 953 1584 977 summa
1603 942 1743 977 illorum

387 1002 614 1038 admiratione
635 1006 812 1044 teneatur,
844 1003 995 1036 maxime
1017 1006 1277 1038 consentaneum
1299 1008 1360 1039 est.
1404 1002 1656 1038 Sententiarum
1677 1011 1742 1036 au-

386 1066 475 1102 tem,
505 1061 673 1095 brevitate
702 1062 821 1104 paullo
851 1063 1109 1095 obscuraturum
1138 1062 1242 1104 plena
1269 1061 1360 1096 ratio
1382 1062 1470 1096 haee
1491 1060 1741 1096 esoewidetun
1804 1107 1810 1114 .

387 1121 433 1154 Et
455 1130 537 1154 sane
560 1120 701 1153 concedi
717 1121 818 1155 debet
831 1120 1000 1155 Gracchis
1017 1131 1085 1154 non
1107 1120 1191 1155 satis
1213 1121 1428 1156 moderatum
1452 1120 1607 1155 animum
1626 1119 1743 1159 fnisse,

387 1191 476 1224 quac
498 1190 553 1213 res
574 1179 657 1223 ipsis
680 1180 767 1214 adeo
787 1180 961 1214 interitum
985 1181 1124 1222 «ntum,-
1145 1181 1203 1214 sed
1225 1181 1273 1215 sic
1294 1192 1423 1226 quoque
1446 1180 1583 1226 egregia·
1597 1179 1743 1224 vis-ipu-

385 1239 488 1274 tandi
509 1243 609 1279 sunt;
639 1249 721 1273 uam
752 1239 842 1273 bono
871 1238 961 1273 vinci
993 1239 1099 1274 satius
1129 1243 1200 1282 est,
1233 1250 1338 1284 quam
1360 1251 1407 1274 m.
1433 1250 1480 1275 ιιι.
1504 1239 1565 1275 ini.
1588 1239 1743 1280 vincet-03

386 1299 453 1333 nisi
476 1299 567 1333 forte
587 1297 690 1332 malis
706 1298 959 1333 adversativam
972 1297 1172 1333 sententiam
1187 1299 1238 1335 sic
1251 1299 1446 1344 concipereae
1469 1299 1539 1341 sed,
1563 1299 1627 1334 eti
1635 1299 1742 1334 amsi

382 1363 522 1404 propter
545 1359 698 1392 animum
718 1369 787 1391 mm
808 1359 893 1393 satis
915 1359 1128 1392 moderatum
1151 1359 1333 1402 interiere,
1362 1364 1508 1395 tamen
1537 1358 1743 1394 bonovinci

385 1419 493 1453 satius
515 1422 586 1458 est,
620 1422 684 1451 etc·
730 1416 827 1451 Bono
849 1422 965 1452 autem
987 1429 1055 1452 non
1077 1429 1157 1452 cum
1180 1418 1311 1464 [mugio
1332 1419 1548 1453 referendum
1571 1419 1617 1455 ad
1637 1429 1742 1459 more,
1797 1411 1803 1419 ²

384 1478 444 1512 sed
467 1476 503 1511 vi
529 1475 733 1511 substantivi
755 1476 905 1520 positum
928 1477 1100 1523 significat
1131 1479 1213 1512 bono
1244 1478 1395 1519 Ιιοπιίιιίς
1433 1478 1479 1514 ct.
1505 1478 1607 1515 catil.
1628 1479 1683 1521 11,
1705 1478 1740 1512 6.

386 1536 458 1580 XI,
479 1535 514 1572 2.
544 1535 626 1576 XV,
648 1535 682 1568 2.
703 1535 807 1578 xlx,
825 1535 859 1571 2.
894 1537 1022 1572 Contra
1042 1539 1133 1572 malo
1156 1549 1247 1571 more
1269 1540 1343 1571 esta
1375 1536 1437 1578 ita,
1459 1541 1500 1572 nt
1519 1538 1633 1572 malus
1654 1547 1741 1574 mos.

383 1596 461 1630 sive
482 1595 613 1629 malum
637 1595 832 1638 exemplum
854 1596 987 1632 existat.
1032 1597 1087 1632 Ita
1109 1597 1214 1632 etiam
1236 1596 1381 1631 Tacitus
1401 1597 1535 1631 Annali.
1557 1597 1595 1639 1,
1617 1596 1684 1640 85,
1707 1597 1742 1630 4.

388 1655 488 1689 Miles
509 1655 664 1688 strictum
686 1654 807 1689 obtulit
829 1656 1011 1700 guadium,-
1040 1668 1179 1691 saeuum
1201 1657 1240 1690 id
1262 1657 1462 1701 malique
1483 1657 1616 1690 morie
1637 1656 1741 1691 etium

385 1713 614 1749 saevientibus
634 1714 755 1748 visum.
800 1712 916 1748 Minus
938 1720 1029 1750 recte
1042 1715 1178 1750 Cottius
1201 1720 1235 1750 et
1254 1716 1368 1752 Faber
1388 1719 1572 1759 utrumque
1591 1716 1742 1750 vocabu-

384 1775 460 1808 lum
482 1773 746 1816 interpretantur
765 1775 856 1807 malo
878 1773 990 1815 modo,
1011 1774 1113 1815 vitio,
1138 1775 1272 1810 iniuste.
1318 1775 1422 1810 Peius
1441 1775 1545 1810 etiem
1565 1775 1741 1819 Bipontini

387 1836 472 1869 bono
495 1833 667 1877 explicant
689 1832 730 1865 ob
763 1832 903 1875 bonum,
937 1845 1004 1868 non
1026 1834 1206 1870 sentientes
1234 1846 1314 1870 eum
1336 1835 1397 1878 qui
1421 1835 1505 1868 bono
1525 1835 1741 1868 vincatur

388 1893 501 1937 ipsum
523 1902 591 1926 non
613 1902 689 1926 esse
709 1892 858 1935 bonum,
880 1893 939 1927 sed
961 1897 1141 1937 propterea
1163 1893 1268 1936 vinci,
1286 1895 1382 1938 quod
1403 1902 1470 1927 non
1495 1892 1580 1928 satie
1605 1893 1686 1928 boni
1707 1892 1741 1927 ei

386 1951 487 1987 inest.

474 2013 506 2054 §-
522 2010 556 2045 4.
596 2012 693 2054 serre
723 2015 786 2046 aut
809 2013 906 2057 suga
938 2013 1113 2055 exstinxit]
1145 2013 1302 2057 Zeugma
1331 2011 1434 2046 facile
1460 2011 1606 2056 quinque
1630 2022 1739 2056 agno·-

385 2074 477 2112 scet3
510 2080 545 2104 v.
567 2070 612 2104 ad
634 2081 664 2104 c.
689 2070 788 2112 xlv,
821 2070 854 2105 4.
877 2075 912 2106 et
933 2071 966 2106 9.
996 2070 1191 2114 xxxvm,
1214 2070 1250 2108 9.
1285 2071 1446 2107 ceterum
1459 2073 1558 2116 fuga
1577 2073 1631 2105 eet
1659 2070 1683 2104 i.
1704 2082 1738 2114 q.

388 2131 547 2170 erilium5
578 2141 612 2164 v.
633 2129 678 2164 ad
702 2141 732 2163 c.
755 2130 837 2173 XL,
860 2129 894 2164 4.
917 2148 963 2155 —
989 2131 1132 2165 'rimeris
1158 2130 1364 2165 Gerlachius
1394 2134 1430 2165 et
1460 2131 1574 2164 Faber
1591 2135 1739 2164 censent

386 2190 526 2236 passiva
549 2192 718 2233 potestate
739 2189 888 2233 positum
911 2201 1001 2231 esse,
1036 2194 1074 2224 ut
1101 2200 1206 2234 supra
1230 2184 1372 2234 XXXV',
1392 2189 1427 2223 2.
1446 2195 1577 2230 matun
1606 2189 1738 2224 scilicet

384 2248 612 2285 severioribus
635 2248 773 2293 poenis,
795 2259 879 2293 quas
901 2253 1037 2284 senatus
1060 2261 1083 2285 a
1105 2249 1343 2284 Gracchorum
1365 2249 1486 2284 amicis
1503 2252 1680 2294 repeteret,
1702 2240 1738 2283 id
1798 2251 1803 2261 “

385 2307 550 2343 effectum
572 2319 664 2350 esse,
687 2312 726 2342 ut
747 2308 862 2354 magis
885 2320 908 2342 a
927 2310 1051 2354 populo
1073 2304 1332 2353 timeretur,
1365 2308 1650 2353 potentia-namen
1669 2319 1735 2343 non

385 2371 507 2409 aucta,
543 2368 624 2412 quia
646 2357 747 2414 ciuem
769 2367 871 2402 multi
893 2368 1055 2410 timeant,
1084 2379 1164 2403 eum
1188 2378 1326 2403 necesse
1352 2367 1397 2403 sit
1420 2372 1456 2403 et
1475 2367 1587 2411 ipsum
1609 2368 1737 2402 multos

384 2427 515 2462 timere.
561 2429 658 2462 Haec
678 2427 830 2471 speciose
851 2426 942 2463 dicta
965 2439 1038 2462 esse
1060 2439 1127 2462 non
1150 2439 1258 2472 ”⁰3⁰3
1277 2430 1390 2462 tamen
1413 2426 1627 2472 probabilius
1647 2429 1735 2461 mihi

384 2491 436 2521 est
466 2487 595 2521 timoris
627 2486 888 2532 intelligendum
918 2499 991 2522 esse
1023 2488 1066 2521 de
1095 2487 1238 2529 timore,
1272 2497 1340 2530 quo
1371 2491 1505 2522 senatus
1531 2486 1733 2531 agitaretur.

388 2547 503 2580 Timor
517 2546 607 2579 enim
624 2547 758 2589 passivo
780 2557 879 2580 sensu
893 2558 960 2581 non
975 2550 1067 2591 recte
1087 2547 1214 2591 opponi
1234 2550 1343 2590 potest
1360 2546 1545 2590 potentiae,
1565 2546 1734 2589 siquidem

384 2606 443 2649 qui
458 2606 547 2639 hanc
561 2606 700 2649 appetit,
722 2607 757 2639 id
780 2607 891 2650 ipsum
914 2606 988 2652 agit
1011 2610 1050 2640 ut
1071 2618 1094 2641 a
1115 2617 1220 2651 quam
1241 2604 1398 2649 plurimis
1419 2606 1603 2647 timentum·
1622 2617 1733 2649 neque

384 2669 482 2700 curat
504 2665 651 2699 aliorum
674 2667 833 2700 timorem
854 2666 926 2707 sui,
959 2666 989 2700 si
1011 2667 1114 2700 modo
1136 2665 1287 2709 potentia
1308 2665 1467 2709 gaudeat.
1511 2666 1605 2699 Tum
1626 2665 1731 2698 verba
1792 2706 1793 2709 Ἴ

383 2726 535 2759 timorem
558 2726 643 2759 sibi
664 2726 839 2761 addidit
860 2725 918 2759 vix
941 2725 1049 2760 alium
1071 2735 1207 2759 sensum
1228 2724 1359 2759 habere
1378 2729 1518 2767 possunt
1533 2724 1600 2758 nisi
1620 2724 1729 2758 hunc:
