1826 3276
476 167 834 215 IUGURTHA.
895 167 1023 213 CAP.
1054 167 1162 212 cm.
1428 171 1516 214 550
1549 208 1556 209 ff

123 288 263 350 gnita,
299 296 343 335 et
378 288 561 351 ingenia
593 285 877 344 validissuma
913 293 1054 331 erant.
1090 286 1182 332 Eos
1211 286 1271 331 ad
1301 287 1548 348 Marium,3

119 401 176 431 ac
218 386 408 444 deinde,
453 387 490 431 si
543 386 744 447 placeat,
790 384 987 429 Romam
1040 383 1219 444 legatos
1263 385 1330 430 ire
1365 386 1513 441 iubet3

120 484 399 546 agendarum
426 498 576 529 rerum
610 489 654 528 et
683 495 972 542 quocumque
1008 481 1148 526 modo
1184 482 1294 528 belli
1321 476 1530 546 compo?

116 638 269 681 orationi
292 648 431 689 rectae,
455 656 564 691 quam
588 643 768 690 scriptoris
791 642 960 678 iudicium
983 644 1208 689 moderatur,
1231 646 1357 682 inferri
1378 647 1513 691 solere3

117 709 182 743 aut
202 706 264 751 ita,
290 710 331 743 nt
353 719 418 754 per
440 707 646 753 scriptorem
670 705 788 751 ipsum
812 705 847 739 id
870 705 949 739 fieri
967 711 1138 750 appareat
1158 705 1390 754 (mittelbar),
1413 709 1516 745 cuius

115 767 170 803 rei
196 767 364 804 indicium
394 774 447 805 est
478 770 714 805 coniunctivus
749 773 784 803 et
813 768 1014 812 reflexivum
1036 778 1250 812 pronomen,
1282 772 1344 804 aut
1367 769 1438 812 ita,
1461 773 1514 813 ut,

116 830 312 866 obscuratis
342 828 525 876 scriptoris
555 828 716 874 partibus
746 833 781 865 et
811 830 916 875 plane
946 829 1133 875 neglectis,
1161 828 1213 871 is,
1239 829 1284 864 de
1305 841 1376 875 quo
1397 842 1515 867 sermo

116 895 189 934 est,
212 893 285 937 ipse
303 903 370 938 per
392 892 429 927 se
452 891 733 937 (unmittelbar)
756 892 916 937 cogitans
938 902 981 924 eo
1005 890 1111 924 modo
1133 888 1340 935 inducatur,
1364 892 1424 938 qui
1445 892 1514 929 soli

114 956 231 988 rectae
253 952 406 989 orationi
437 951 621 994 convenit,
653 952 722 987 nisi
753 953 847 997 quod
878 952 1054 997 personali
1085 952 1284 997 pronomini
1306 954 1516 990 reflexivum

113 1015 347 1051 substituitur.
396 1014 532 1060 Quodsi
555 1014 744 1049 statuimus
758 1014 950 1049 Bocchum
972 1013 1091 1058 ipsum
1114 1013 1166 1048 sic
1190 1014 1368 1050 dicturum
1390 1015 1514 1052 fuisset

115 1075 236 1121 „quia
260 1075 483 1122 reputabam,
507 1087 598 1120 quae
620 1075 709 1110 mihi
733 1075 872 1110 duobus
895 1074 1041 1125 proeliis
1062 1080 1253 1118 venerant,
1275 1076 1431 1123 quinquo
1452 1079 1514 1114 do-

113 1136 235 1182 legi,“
256 1137 349 1173 hauc
371 1137 486 1183 ipsam
510 1136 762 1184 cogitationem
796 1136 982 1171 traducens
1002 1135 1040 1170 in
1064 1136 1303 1173 narrationem
1325 1139 1517 1176 Sallustius

113 1192 203 1234 «uixit
224 1211 315 1244 quae
337 1200 431 1234 sibi
451 1220 498 1226 —
520 1202 771 1243 venerant,
794 1208 863 1232 nou
888 1209 919 1244 q.
943 1209 971 1232 s.
995 1197 1181 1240 venissent,
1203 1209 1316 1245 neque
1339 1213 1371 1247 q.
1396 1202 1441 1237 ei
1465 1221 1513 1228 —

114 1265 294 1294 venerant.
317 1260 364 1297 cf.
387 1271 496 1306 supra
519 1272 550 1296 e.
573 1261 664 1304 LXI,
689 1259 723 1297 1.
773 1259 815 1294 In
838 1259 892 1294 his
916 1259 1076 1303 urbibus,
1113 1271 1204 1305 quae
1236 1263 1286 1297 ud
1309 1274 1355 1298 se
1378 1264 1513 1309 dese-

113 1325 294 1362 eeront,
315 1322 498 1366 praesidia
524 1322 694 1366 imponit3
727 1332 811 1355 nam
834 1320 866 1356 si
889 1320 1052 1355 Metellus
1075 1321 1160 1366 ipse,
1183 1332 1252 1359 non
1277 1334 1320 1358 ex
1342 1324 1515 1369 scriptore

112 1382 276 1434 pendeus,
297 1383 511 1426 loqueretur,
532 1382 697 1416 dixissete
723 1380 884 1428 urbibus,
906 1391 998 1424 quae
1022 1381 1067 1416 ad
1090 1393 1146 1416 me
1166 1382 1382 1430 defecerant,
1394 1396 1514 1431 praes.

112 1442 276 1488 imposui.
311 1455 342 1478 e.
375 1443 504 1486 LXVI,
539 1442 574 1477 1.
636 1443 815 1488 Iugurtha
845 1442 1014 1486 civitatis,
1050 1454 1142 1488 quae
1165 1443 1212 1477 ub
1242 1454 1288 1477 se
1318 1436 1527 1487 defece?

110 1509 242 1547 ruat,
268 1505 460 1550 formidine
484 1522 529 1531 —
554 1505 732 1549 affectare.
768 1504 842 1539 Cic.
868 1505 911 1539 de
934 1505 1007 1540 Inv.
1033 1504 1072 1548 1,
1095 1503 1164 1548 33,
1186 1503 1247 1540 55.
1295 1505 1515 1550 Epaminon-

112 1565 180 1601 dos
201 1566 254 1608 ei,
290 1565 351 1611 qni
380 1565 471 1600 sibi
505 1576 547 1599 es·
579 1564 660 1610 Iege
689 1571 834 1610 praetor
864 1572 1192 1610 successerat,
1222 1567 1410 1601 exereitum
1443 1578 1514 1600 non

112 1628 267 1663 tradidit
275 1638 291 1669 ‚·
319 1626 395 1672 ipse
424 1625 690 1671 Epaminondas
720 1627 811 1661 haec
839 1627 993 1663 referens
1017 1628 1169 1664 diceret:
1194 1628 1248 1669 ei,
1271 1626 1333 1671 qui
1355 1626 1443 1660 mila·
1465 1646 1513 1653 —

111 1693 343 1731 successerat,
377 1699 433 1723 ex.
467 1699 536 1722 non
559 1687 700 1723 tradidi.
734 1687 793 1741 ld..
821 1688 911 1732 Epp.
939 1689 985 1723 ad
1016 1689 1121 1725 Attic.
1151 1690 1199 1734 Π,
1222 1688 1258 1723 7.
1307 1688 1425 1722 Cicero
1447 1687 1515 1723 tibi

111 1750 284 1792 mandat,
307 1753 349 1784 ut
373 1749 592 1785 Aristodemo
615 1750 709 1784 idem
734 1749 778 1784 de
800 1760 836 1784 se
859 1750 1081 1795 respondeas,
1114 1751 1206 1796 quod
1229 1750 1274 1785 de
1289 1752 1409 1794 fratre
1431 1760 1515 1784 suo

112 1811 240 1846 sororis
271 1815 358 1846 tuae
379 1812 461 1857 filio
493 1810 796 1857 respondisti.
832 1810 884 1845 Id.
914 1823 949 1856 p.
973 1813 1079 1847 Rosc.
1107 1812 1187 1847 Am.
1213 1824 1243 1846 c.
1269 1810 1303 1853 2,
1324 1810 1359 1846 6.
1410 1811 1514 1845 Hune

111 1873 179 1908 sibi
212 1884 255 1907 es·
290 1873 410 1908 animo
441 1874 661 1918 scrupulum,
702 1872 763 1918 qui
802 1884 851 1909 se
893 1873 969 1908 dies
999 1879 1182 1920 noctesque
1213 1873 1432 1909 stimulat
1463 1883 1514 1906 ae

109 1934 309 1981 pungit,
343 1938 386 1970 ut
420 1935 578 1969 evellatis
607 1935 783 1979 postulat,
815 1933 878 1969 ubi
901 1935 995 1980 Aug.
1018 1935 1193 1971 Matthias
1216 1933 1438 1979 comparavit
1459 1945 1513 1969 or.

109 1995 148 2031 in
181 1997 280 2032 Vei-r.
315 1993 359 2038 V,
389 1996 447 2038 ¹19,
481 1995 562 2031 129.
595 1999 632 2031 et
654 1996 699 2030 de
721 1995 805 2030 mv.
831 1996 858 2040 1,
883 1994 942 2038 54,
966 1996 1048 2032 122.
1095 1997 1153 2032 Ita
1182 1996 1430 2042 intelligendus
1461 2000 1514 2031 est

110 2057 220 2093 etiam
244 2057 341 2092 Iocus
363 2057 510 2102 Nepotis
533 2057 624 2091 Cim.
647 2068 679 2092 ο.
703 2057 774 2099 111,
797 2057 832 2093 1.
893 2058 1015 2093 Cimon
1038 2058 1161 2094 incidit
1184 2059 1221 2093 in
1248 2060 1397 2094 eundem
1420 2058 1513 2093 invi-

111 2119 226 2161 diam,
258 2130 364 2164 quum
385 2122 493 2164 pater
525 2129 650 2160 suus,
679 2129 728 2154 sc.
759 2118 892 2155 incidit.
915 2119 962 2154 ct.
987 2120 1219 2156 Ramshornii
1243 2121 1406 2158 Gramm.
1431 2120 1510 2155 Lat.

111 2183 146 2224 §-
169 2179 251 2216 158.
274 2179 310 2224 ⁵,
335 2192 367 2216 c.
389 2183 464 2214 not.
487 2179 521 2214 2.
545 2192 580 2224 p.
604 2179 687 2216 348.
711 2180 766 2217 ed.
791 2181 818 2216 Ι.
834 2203 879 2208 -
905 2182 1005 2224 Aliis,
1031 2182 1125 2227 quod
1148 2182 1183 2217 in
1208 2183 1330 2217 Guelf.
1354 2182 1388 2217 6.
1413 2193 1513 2216 com-

62 2270 66 2274 .
112 2245 289 2276 mutatum
320 2244 374 2276 est
408 2252 491 2276 eum
524 2242 615 2284 illis,
650 2241 688 2276 in
711 2243 860 2289 Berger.
893 2254 979 2277 vero
1009 2245 1044 2277 et
1068 2242 1186 2277 Misn.·
1207 2243 1323 2287 deest,
1346 2254 1368 2278 a
1392 2243 1512 2278 Curtio

111 2301 274 2337 eiectum.
321 2302 393 2337 Sed
415 2302 497 2337 aliis
519 2302 654 2338 addidit
675 2307 810 2346 auctor,
835 2308 874 2340 ut
898 2306 967 2340 duo
993 2304 1187 2339 amicorum
1211 2316 1344 2350 genera
1366 2315 1510 2340 aecus-a-

111 2362 183 2399 tius
206 2363 432 2408 discerneret,
455 2364 644 2409 respiciens
668 2365 713 2399 ad
737 2377 768 2401 c.
794 2366 868 2410 cn,
889 2365 1019 2401 151-
1052 2366 1272 2409 Necessarii,
1294 2377 1510 2411 quamquam

112 2424 222 2460 etiam
243 2425 408 2460 dicuutur
429 2426 554 2461 affines
573 2430 609 2462 et
631 2427 786 2473 cognati,
810 2431 927 2463 tamen
953 2427 990 2462 h.
1017 2428 1041 2462 I.
1065 2427 1182 2472 potius
1204 2430 1286 2463 sunt
1307 2427 1510 2467 ‚officiorum

113 2495 157 2520 ae
181 2485 406 2532 negotiorum
438 2485 591 2523 vinculis
620 2487 778 2530 astricti3
812 2489 858 2523 cf.
891 2489 1052 2532 Festum,
1079 2489 1238 2524 Gramm.
1262 2489 1343 2525 Lat.
1366 2490 1442 2524 Vol.
1464 2490 1510 2524 11.

113 2557 147 2591 p.
179 2546 261 2584 176.
292 2547 347 2582 ed.
381 2547 562 2593 Lindem„
590 2548 652 2593 qui
684 2549 791 2584 Gallo
824 2550 927 2585 Aelio
951 2554 1096 2585 auctore
1117 2577 1141 2595 ‚,
1151 2552 1339 2586 necessarii
1347 2577 1358 2596 ‚
1384 2551 1510 2596 inquit,

113 2609 210 2650 sunt,
253 2608 290 2643 iu
323 2620 410 2653 quos
437 2610 635 2645 necessaria
674 2611 796 2646 officia
828 2612 1055 2647 conferuntur
1090 2617 1227 2658 praeter
1259 2615 1440 2648 ceteros.“
1473 2623 1507 2646 ν.

114 2667 317 2704 Daehnium
349 2671 394 2705 ad
424 2670 510 2716 Nep.
547 2672 654 2707 Pans.
687 2684 718 2707 c.
749 2673 796 2716 11,
830 2673 866 2709 8.
900 2677 936 2709 et
968 2673 1112 2708 waheri
1136 2674 1290 2711 Exci-cit.
1313 2673 1406 2719 Styli
1429 2673 1508 2708 Lat.

114 2727 162 2763 Τ.
186 2729 213 2764 Ι.
238 2741 273 2775 p.
298 2729 379 2767 124.
403 2752 448 2758 -·
473 2733 527 2767 De
552 2734 682 2779 deligit
703 2734 813 2768 verbo
837 2745 874 2771 v.
901 2734 947 2769 ad
970 2734 1074 2770 Catil.
1099 2746 1131 2771 c.
1157 2736 1216 2780 vl,
1241 2735 1276 2771 6.
1301 2738 1336 2770 et
1358 2734 1402 2769 ad
1427 2734 1508 2779 lug.

113 2787 239 2834 xxm,
261 2790 296 2826 2.
320 2803 356 2837 p.
381 2791 460 2829 141.
484 2794 610 2837 xcm,
631 2794 667 2831 8.
691 2815 736 2822 —
769 2796 922 2843 Ingenio
949 2797 1262 2832 validissuma
1291 2799 1372 2830 suut
1404 2794 1511 2831 intro-
