1826 3276
356 179 413 224 22
725 181 771 222 G.
801 178 1121 222 SALLUSTI
1149 179 1365 222 CRISPI

357 295 399 339 in
446 300 645 338 senatum
688 295 996 353 pervenerint,
1050 293 1255 353 profecto
1302 293 1608 338 existimabunt
1649 286 1723 337 ma
1758 303 1771 318 v‘

357 383 500 448 magis
529 389 686 432 merito
720 403 853 446 quam
886 389 1064 447 ignavia
1096 388 1313 431 iudicium·
1340 389 1472 432 animi
1507 388 1595 431 mei
1623 396 1724 431 mu-

357 484 542 540 tavisse,
577 483 805 540 maiusque
839 483 1122 526 commodum
1158 498 1213 526 ex
1246 483 1338 526 otio
1371 496 1472 527 meo
1507 491 1645 541 quam
1669 493 1723 527 ex
1760 502 1762 504 ·

356 634 476 666 eadem
507 632 746 668 enuntiatione
777 634 924 669 mutavit
955 634 1062 669 etiam
1093 635 1165 670 Cic.
1197 636 1282 679 Epp.
1315 635 1359 669 ad
1390 634 1494 669 Attin.
1522 635 1559 675 1,
1583 634 1617 667 1.
1638 638 1722 668 ext-r.

362 692 464 726 Vides
485 694 594 737 enim,
627 695 662 727 in
680 706 743 737 quo
764 706 864 728 cursu
887 706 1060 736 snmus,
1084 701 1117 730 et
1134 707 1239 739 quam
1261 706 1374 729 omnes
1390 695 1528 739 gratias
1541 706 1608 727 non
1626 694 1725 728 modo

355 753 566 797 retinendas,
587 764 706 787 verum
725 756 830 788 etiam
850 755 1075 798 acquirendas
1093 759 1245 798 putem
1258 766 1317 789 us.
1363 755 1506 788 Poterat
1528 764 1610 788 sane
1631 753 1725 787 dice—

356 823 394 845 re
416 813 541 854 simus,
571 813 630 846 sed
653 818 691 848 ut
714 825 829 848 rerum
853 802 1108 854 condicionem,
1138 814 1250 857 qualis
1273 819 1348 848 tum
1370 818 1463 855 erat,
1494 813 1597 856 plane
1625 823 1726 856 prae-

355 876 487 906 nentem
510 873 668 914 sisteret,
691 884 808 906 sumus
830 873 1012 917 praetulit;
1039 873 1176 917 gratiae
1200 885 1283 906 vero
1306 873 1458 907 studium
1481 876 1647 917 quantum
1672 884 1725 906 cs-

354 935 406 966 cet
428 932 509 975 quia
529 933 663 966 Atticus
685 930 870 978 cogitando
895 938 1027 966 tantum
1053 933 1189 976 assequi
1218 936 1372 976 poterat,
1403 942 1515 976 neque
1538 931 1630 966 enim
1652 935 1725 964 stu—

355 992 404 1025 dii
435 992 638 1037 magnitudo
669 1004 730 1036 per
760 1004 796 1026 se
824 996 936 1036 potest
966 992 1134 1035 spectari,
1167 1004 1234 1025 non
1266 995 1400 1035 poterat
1422 991 1488 1025 nisi
1510 990 1727 1026 coniunctim

355 1052 537 1088 declarari.
583 1053 680 1086 Coel.
714 1052 776 1096 (in
800 1053 872 1085 Cic.
898 1053 986 1095 Epp.
1011 1052 1054 1085 ad
1078 1052 1216 1085 Famm.
1238 1051 1302 1086 lib.
1328 1051 1445 1094 vul.)
1479 1052 1544 1095 Ep.
1566 1051 1595 1092 l,
1619 1050 1652 1084 4.
1687 1052 1726 1084 Si

355 1113 437 1156 quid
455 1113 568 1146 maius
587 1117 702 1146 actum
721 1112 806 1153 erit,
831 1117 865 1145 et
882 1112 1163 1155 quemadmodum
1187 1115 1339 1144 actum
1364 1110 1449 1151 sit,
1483 1115 1516 1144 et
1541 1121 1630 1154 quac
1655 1111 1724 1144 exi-

356 1173 508 1206 stimatio
535 1178 671 1212 secuta,
704 1182 858 1215 quaeque
877 1171 920 1204 de
941 1182 979 1204 eo
999 1182 1075 1214 spes
1098 1177 1164 1204 est
1187 1171 1374 1215 diligenter
1390 1170 1454 1204 tibi
1469 1164 1722 1213 per-scribemus.

355 1230 438 1264 Ter.
461 1231 566 1265 Andr.
589 1231 647 1272 lv,
671 1231 704 1272 1,
731 1231 788 1265 26.
815 1231 936 1265 Nescis
957 1231 1094 1275 quantis
1116 1231 1152 1263 in
1171 1231 1273 1264 malis
1295 1241 1450 1263 verser
1471 1231 1593 1271 miser,
1615 1241 1726 1274 quan-

355 1296 472 1335 tosque
499 1292 553 1325 hic
579 1292 649 1325 suis
672 1292 821 1324 consiliis
843 1291 929 1324 mihi
955 1291 1154 1333 confecit
1177 1290 1442 1331 sollicitudines,-
1474 1288 1599 1332 quippe
1622 1289 1726 1322 Pam·

354 1350 473 1393 philus
503 1349 728 1384 commotiore
759 1350 875 1384 animo
904 1353 995 1383 totus
1030 1337 1083 1382 est
1115 1349 1150 1383 in
1180 1351 1285 1383 rebus
1307 1348 1454 1383 miseris.
1499 1348 1612 1383 Rutu.
1635 1349 1724 1392 Imp.

352 1409 396 1451 ΙΙ,
419 1409 454 1444 8.
479 1422 512 1454 p.
536 1410 614 1444 112.
643 1411 796 1452 Quaeres
819 1422 842 1444 a
871 1421 945 1451 me,
964 1421 1033 1453 quo
1062 1410 1136 1443 iure
1165 1410 1315 1443 obtinere
1336 1408 1522 1452 possim,
1557 1419 1622 1455 quo
1649 1409 1725 1443 itm

353 1469 440 1502 mihi
463 1469 653 1513 Polyaenus
675 1471 892 1514 reliquit,
914 1474 1056 1513 praetor
1078 1470 1206 1503 dedit
1227 1465 1498 1513 possessionem?
1520 1467 1582 1500 ubi
1604 1470 1726 1502 orator

353 1529 490 1562 fervore
533 1530 698 1564 orationis
735 1531 898 1574 abreptus
936 1530 1047 1563 solam
1083 1540 1225 1563 caussae
1260 1529 1430 1563 rationein
1459 1529 1496 1566 ‚oi
1525 1526 1582 1561 ius
1610 1527 1742 1561 effert„

353 1586 505 1622 Omnino
535 1601 603 1623 non
634 1590 844 1635 negligenda
873 1592 951 1623 sunt
983 1600 1073 1632 quae
1104 1589 1211 1623 Otto
1245 1589 1330 1623 scite
1363 1587 1499 1622 monuit
1519 1588 1564 1621 ad
1587 1587 1659 1621 Cic.
1683 1588 1726 1621 dc

354 1648 452 1682 Finn.
475 1649 520 1690 ll,
545 1649 601 1692 19,
625 1649 682 1683 61.
718 1651 812 1684 Num
844 1649 881 1684 P.
910 1650 1031 1683 Decius
1064 1661 1189 1693 quum
1225 1659 1272 1682 se
1306 1638 1555 1683 devbveret
1578 1652 1618 1682 et
1641 1659 1725 1692 equo

354 1709 500 1742 admisso
518 1709 556 1742 ἰπ
574 1710 723 1743 mediam
742 1711 852 1743 aciem
871 1709 1075 1743 Latinorum
1098 1709 1194 1742 irru
1206 1719 1223 1741 e
1235 1708 1328 1749 bat,
1350 1707 1482 1752 aliquid
1501 1708 1545 1742 de
1565 1708 1724 1752 volupta-

354 1768 445 1801 tibus
468 1768 539 1801 suis
559 1769 765 1812 cogitabat?
809 1769 863 1802 Ad
885 1780 987 1813 quem
1013 1770 1127 1802 locum
1141 1794 1151 1811 ‚
1184 1772 1300 1803 nostro
1323 1779 1391 1802 non
1413 1777 1552 1811 parem,
1575 1771 1611 1801 at
1634 1771 1726 1800 certe

351 1827 521 1872 similem,
546 1828 608 1862 ille
630 1829 671 1864 V.
699 1830 761 1862 l).=
795 1829 903 1863 Posse
925 1829 1079 1863 diversos
1101 1829 1241 1870 modos,
1270 1828 1399 1871 inquit,
1428 1837 1490 1870 per
1511 1826 1726 1870 copulativae

352 1888 540 1932 particulas
561 1888 744 1932 coniungi,
769 1892 804 1922 et
827 1889 1082 1934 coniungendas
1106 1899 1197 1928 esse,
1222 1888 1253 1921 si
1282 1888 1459 1930 utriusque
1488 1886 1582 1920 modi
1609 1897 1725 1921 sensus

354 1952 405 1981 est
425 1949 598 1989 diversus,
621 1947 788 1990 exemplis
810 1948 931 1981 multis
954 1948 1068 1981 docuit
1090 1947 1299 1980 Ramshom.
1324 1958 1359 1990 p.
1381 1946 1485 1990 694„
1521 1946 1581 1989 qui
1603 1947 1725 1982 adum-

353 2007 490 2041 bratam
514 2011 646 2042 tantum
669 2007 774 2040 huius
796 2007 962 2041 orationis
983 2006 1267 2042 conformationis
1289 2005 1477 2050 imaginem
1502 2006 1615 2050 dedit,
1637 2017 1725 2051 quae

353 2078 458 2110 quam
486 2068 556 2101 late
580 2069 717 2111 pateat,
753 2066 825 2100 alio
858 2067 935 2100 loco
959 2067 1090 2100 docebo
1109 2066 1275 2109 exemplis
1299 2066 1343 2099 ab
1367 2065 1443 2110 ipso
1466 2067 1631 2100 Cicerone
1653 2067 1725 2102 lar-

353 2127 445 2172 giter
475 2127 604 2171 positis.
651 2127 761 2160 Recte
789 2127 882 2160 hanc
911 2126 1219 2160 conformationem
1242 2125 1369 2159 dixeris
1391 2127 1577 2160 orationem
1604 2127 1724 2160 varia-

354 2193 448 2229 tam,
483 2187 574 2232 quod
605 2197 732 2220 novum
767 2190 871 2230 caput
904 2197 1022 2220 rerum
1051 2185 1362 2231 grammaticarum
1385 2186 1578 2220 addendum
1601 2186 1668 2220 erit
1688 2185 1725 2220 in

352 2250 565 2290 postremum
589 2257 610 2280 a
632 2247 874 2292 grammaticis
902 2247 1027 2280 nostris
1049 2245 1205 2291 syntaxi,
1235 2256 1302 2278 non
1333 2248 1449 2279 tamen
1479 2250 1626 2280 ornatae
1657 2245 1723 2288 ini,

353 2306 412 2339 scd
431 2306 625 2348 communi,
649 2307 732 2350 quia
749 2307 835 2341 haec
853 2307 964 2341 oratio
983 2309 1034 2340 est
1047 2305 1234 2349 naturalis,
1263 2316 1332 2350 qua
1348 2306 1378 2339 si
1395 2317 1463 2339 non
1479 2306 1629 2347 utimur,
1649 2305 1724 2340 nbi

354 2365 494 2399 adest
525 2377 648 2407 usus,
680 2368 771 2400 male
795 2367 921 2402 Latine
942 2368 1127 2401 scribimus.
1161 2384 1205 2392 -
1236 2366 1306 2400 Pro
1328 2367 1557 2412 magistratus
1583 2365 1724 2409 plurimi
1790 2399 1796 2412 ,

354 2423 453 2459 codd.
476 2424 593 2457 Leidd.
617 2428 885 2471 magistratum3
908 2438 1029 2470 parum
1052 2427 1241 2460 commode.
1288 2426 1377 2460 Nam
1400 2425 1584 2460 Sallustius
1604 2428 1725 2469 aperte

354 2494 422 2518 non
439 2484 482 2517 (le
500 2495 568 2518 uno
583 2497 724 2520 munere
741 2487 905 2530 loquitur,
927 2487 986 2520 sed
1007 2486 1124 2520 omnia
1142 2486 1390 2529 complectitur,
1414 2485 1450 2519 id
1467 2485 1559 2528 quod
1573 2484 1725 2518 maxime

354 2549 448 2588 patet
470 2556 512 2578 ex
534 2545 649 2579 verbis
672 2547 792 2590 quibus
814 2547 1031 2591 temporibus.
1076 2546 1247 2590 intelligit
1268 2550 1384 2580 autem
1407 2548 1646 2588 quaesturam,
1669 2544 1724 2579 bis

354 2608 509 2649 gestam,
541 2605 776 2647 tribunatum,
811 2610 846 2640 et
872 2610 1094 2650 praeturam,
1124 2618 1209 2650 quos
1239 2606 1386 2639 bonores
1414 2615 1531 2638 omnes
1562 2604 1722 2647 obtinuit,

354 2676 460 2709 quum
483 2665 557 2699 iam
579 2665 730 2709 respubl.
753 2665 911 2727 Caesaris
932 2669 967 2701 et
990 2667 1147 2711 Pompeii
1170 2665 1399 2701 aemulatione
1422 2667 1457 2699 et
1477 2664 1620 2698 occultis
1635 2663 1723 2697 odiis

356 2724 485 2768 agimri
513 2728 547 2759 et
576 2725 786 2760 commoveri
820 2729 944 2770 coepta
973 2730 1056 2760 erat.
1090 2746 1133 2752 —-
1179 2726 1301 2760 Postea
1331 2735 1420 2771 quae
1451 2734 1584 2770 genera
1614 2723 1722 2757 homi-
