1826 3276
456 173 845 250 meuRTHA.x
887 160 1017 218 cAP.
1050 174 1155 219 cvl.
1420 178 1506 220 575

103 294 213 356 guia
247 293 421 339 silentio
450 292 620 354 'egredi
653 292 790 336 iubet.
863 291 1052 351 lamque
1086 289 1304 337 nocturno
1345 293 1535 340 itinere5

100 392 228 437 fessis
273 391 478 436 omnibus
525 390 650 457 Sulla
695 388 866 449 pariter
916 405 1019 434 cum
1063 396 1165 435 ortu
1210 391 1313 435 solis
1357 397 1502 437 castra

52 495 58 500 '
99 490 377 546 metabatur,
415 503 556 548 quum
593 485 764 546 equites
799 486 952 531 Mauri
987 488 1200 532 nunciant
1236 489 1501 550 Iugurtham

93 564 273 632 ⁸circiter
308 560 475 630 'duum
537 585 723 629 millium
781 577 1017 629 intervallo
1071 591 1174 630 ante
1231 587 1499 651 consedisse.

97 683 239 740 Quod
272 676 517 745 postquam
553 682 756 726 auditum
793 687 884 740 est,
919 687 1016 727 tum
1061 698 1172 727 vero
1202 683 1362 744 ingens
1397 695 1533 735 me-6

93 787 164 827 tus
194 787 370 827 nostros
401 780 595 834 invadit3
632 755 820 825 credere
852 796 901 825 se
933 781 1142 841 proditos
1179 778 1415 827 a'Voluce
1453 790 1498 828 et

92 893 376 931 dimissuros.
421 892 547 927 Facile
579 894 699 927 autem
736 892 835 927 vides
867 892 903 927 in
926 896 1077 938 utroque
1104 893 1266 938 exemplo
1291 872 1354 937 pro
1379 893 1498 929 inlini-

90 953 185 996 tivo,
219 955 283 1000 qui
305 953 522 990 antecedenti
550 955 712 990 membro
744 956 952 1000 respondet,
987 955 1096 990 etiam
1127 954 1390 990 coniunctivum
1415 957 1498 1001 poni

115 1015 257 1052 otuiaae.

90 1027 113 1061 P
181 1080 215 1121 §-
239 1077 274 1113 4.
307 1081 469 1111 coenatos
492 1076 579 1121 esse]
628 1074 782 1111 Perfecti
807 1087 850 1110 ex
873 1076 968 1111 iubet
992 1077 1101 1111 verbo
1124 1076 1198 1121 apti
1224 1087 1268 1112 ea
1291 1077 1345 1112 vis
1366 1082 1432 1121 est,
1457 1083 1498 1115 ut

89 1139 247 1175 maxima
271 1138 450 1173 celeritate
473 1138 687 1181 imperatum
711 1149 748 1172 se
770 1138 894 1182 perfici
911 1138 1004 1172 velle
1028 1139 1130 1173 Sulla
1153 1139 1321 1174 declaret.
1360 1141 1496 1176 Eodem

18 1231 21 1233 .
89 1200 206 1243 modo,
230 1200 290 1235 sed
313 1200 437 1244 paullo
461 1199 689 1244 frequentius,
712 1201 788 1234 volo
812 1211 894 1234 cum
917 1199 1108 1245 participio
1133 1204 1196 1235 aut
1217 1200 1396 1235 infinitivo
1419 1213 1496 1246 per-

87 1260 172 1296 fecti
195 1261 328 1306 passivi
352 1261 587 1303 construitur,
611 1261 654 1294 de
678 1272 748 1304 quo
771 1273 837 1296 usu
860 1273 894 1298 v.
917 1262 1058 1306 Zumpt.
1085 1262 1245 1297 Gramm.
1274 1263 1351 1298 Lat.
1376 1266 1409 1307 §-
1435 1264 1497 1308 80,

86 1321 120 1356 9.
146 1326 218 1358 not.
242 1322 278 1358 1.
301 1335 336 1367 Ρ.
361 1321 442 1356 440.
469 1323 524 1357 ed.
546 1322 605 1356 IV.
639 1323 855 1358 Ramshorn.
892 1324 1056 1358 Granum.
1088 1324 1167 1358 Lat.
1203 1325 1236 1368 ἕ.
1267 1324 1348 1359 171.
1380 1326 1426 1361 11.
1451 1327 1494 1361 A.

85 1382 121 1418 2.
146 1394 180 1427 Ρ.
205 1383 287 1418 460.
312 1386 347 1417 et
370 1395 462 1427 quae
487 1383 735 1428 annotavimus
759 1373 804 1418 ad
829 1395 859 1420 c.
885 1385 958 1426 CX,
983 1385 1016 1419 6.
1045 1385 1127 1420 coll.
1151 1386 1296 1420 Walclr.
1320 1388 1493 1422 Emendd.

83 1444 164 1480 Liv.
187 1456 218 1479 c.
244 1445 337 1479 vm.
361 1457 396 1489 p.
419 1444 500 1480 160.
548 1445 671 1489 Neque
701 1444 777 1479 alia'
803 1444 941 1479 ratione
972 1445 1098 1480 nititur
1130 1446 1241 1481 futuri
1263 1446 1385 1483 'exacti
1409 1460 1495 1484 usus

82 1517 148 1550 pro
171 1506 292 1541 futuro
316 1505 431 1550 primo
454 1505 584 1550 positi,
617 1517 687 1550 quo
710 1505 896 1540 celerrima
919 1505 971 1540 rei
995 1507 1138 1541 futurae
1161 1509 1331 1552 perfectio
1355 1509 1492 1544 indica-

83 1571 165 1609 tur-3
197 1578 232 1602 v.
265 1567 358 1612 Aug.
393 1566 600 1602 Grotefendi
626 1567 788 1601 Gramm.
812 1567 891 1601 Lat.
915 1567 1030 1602 schol.
1054 1558 1195 1612 §.1712
1219 1569 1255 1604 4.
1276 1582 1311 1614 Ρ.
1336 1571 1419 1606 142.
1444 1592 1492 1598 —

84 1629 187 1675 Ignis
210 1629 528 1664 creberrumos
551 1628 676 1673 explic.
702 1628 747 1662 ad
771 1639 802 1661 c.
825 1628 933 1672 XLV,
956 1628 990 1662 2.
1016 1648 1063 1654 —
1095 1630 1149 1663 De
1172 1633 1409 1675 grammatica
1431 1646 1492 1670 ra-

82 1690 180 1735 tione
215 1691 406 1725 verborum
440 1691 639 1726 silentio
674 1689 799 1734 egredi
831 1688 970 1734 egimus
1001 1690 1045 1724 ad
1070 1702 1100 1724 c.
1130 1691 1221 1734 Llll,
1245 1692 1279 1726 7.
1304 1694 1344 1727 In
1367 1695 1488 1730 Berol.

81 1752 117 1787 2.
140 1754 193 1786 est
217 1762 310 1786 oum
333 1753 389 1787 sil.
414 1772 463 1778 —
499 1753 638 1787 Pariter
671 1762 748 1785 cum
779 1749 1036 1794 explicavimus
1068 1751 1115 1786 ad
1147 1764 1179 1787 c.
1206 1753 1360 1798 wall,
1383 1755 1419 1793 2,
1441 1777 1492 1786 ..-

83 1814 224 1857 Quam
258 1814 390 1858 equites
424 1814 474 1848 M.
509 1813 740 1848 nunciant
773 1811 1034 1847 illustravimus
1066 1813 1109 1847 ad
1136 1825 1166 1847 c.
1192 1815 1269 1858 Xll,
1293 1815 1328 1850 5.
1352 1835 1400 1842 —
1436 1818 1492 1853 Do

81 1874 199 1910 verbis
224 1875 331 1910 duum
354 1875 503 1910 millium
528 1876 540 1910 ι’
549 1873 795 1911 ntervallo
817 1884 851 1908 v.
878 1874 924 1908 ad
948 1886 978 1910 c.
1004 1875 1146 1918 LXXV,
1170 1876 1204 1913 2.
1228 1897 1275 1903 —
1307 1879 1378 1913 Pro
1404 1885 1490 1915 ame

81 1937 274 1972 consedisse
299 1947 409 1981 paene
432 1948 553 1972 omnes
577 1936 678 1972 codd.
702 1936 834 1970 habent
857 1940 940 1971 ante
965 1948 1040 1972 eos
1062 1949 1174 1980 cons„
1207 1938 1333 1974 scribis
1362 1940 1486 1975 adver-

79 1998 131 2033 bii
154 1999 229 2033 vim
251 2009 322 2033 nou
344 1998 574 2043 capientibus.
605 1998 792 2042 Scriptura
814 2002 932 2033 tamen
955 1997 1096 2044 integra
1118 2003 1259 2034 servata
1282 2003 1334 2035 est
1357 2000 1394 2035 in
1418 2002 1489 2037 Pa-

79 2062 140 2096 lat.
171 2060 206 2095 2.
240 2063 275 2095 et
306 2057 385 2095 Vnt.
417 2059 464 2101 1.,
495 2059 558 2104 qui
591 2060 797 2104 pronomine
827 2064 958 2096 carent.
1018 2061 1122 2104 Quod
1153 2072 1262 2105 quum
1291 2062 1488 2099 orationem

78 2120 287 2167 languidam
313 2124 350 2156 et
373 2121 706 2167 valdenmbignam
729 2122 867 2165 reddat,
890 2133 1076 2167 perperam
1107 2133 1130 2157 a
1155 2123 1348 2158 Gerlachio
1371 2129 1488 2159 reten-

79 2187 156 2218 tum
179 2186 244 2218 est.
292 2183 358 2217 Est
379 2186 459 2226 post
481 2183 643 2217 auditum
667 2184 806 2219 Cor-tius
837 2187 981 2229 propter
1013 2195 1122 2218 unum
1147 2185 1270 2219 Guelf.
1294 2184 1330 2220 4.
1356 2187 1488 2224 omisit.

81 2263 124 2270 --
153 2245 244 2278 Tum
265 2255 348 2278 vero
370 2244 568 2288 particulae
589 2256 723 2291 magna
747 2246 783 2280 vi
806 2246 975 2290 apodosin
997 2246 1166 2291 inferunt,
1191 2246 1284 2291 quod
1309 2246 1385 2282 iam
1407 2259 1486 2283 mo-

78 2305 192 2340 nitum
211 2308 267 2344 ,eat
290 2305 336 2340 nd
360 2305 467 2340 Catil.
491 2317 524 2340 c.
549 2306 651 2349 LXI,
675 2307 708 2342 1.
733 2319 768 2352 p.
792 2300 875 2342 323.
900 2308 946 2343 cfr
970 2308 1036 2351 Ll,
1060 2308 1118 2342 40.
1142 2327 1188 2334 -—
1219 2309 1422 2344 Pronomen
1448 2321 1486 2344 se

78 2369 159 2402 ante
192 2366 350 2410 proditos
383 2378 454 2401 nou
485 2366 620 2402 habent
651 2369 755 2403 Rem.
780 2369 815 2404 1.
841 2369 877 2404 2.
903 2370 1022 2405 Guelf.
1047 2370 1083 2404 1.
1107 2369 1190 2404 Seu.
1215 2369 1250 2404 2.
1283 2374 1320 2405 et
1343 2371 1486 2415 Reuss„

77 2439 229 2473 quorum
262 2428 473 2463 auctoritate
505 2429 646 2464 Curtius
676 2430 796 2475 eiecit,
831 2432 924 2475 quod
949 2443 1019 2466 non
1044 2430 1229 2466 miramur.
1279 2430 1352 2467 sed
1375 2425 1484 2468 mira-

77 2501 159 2524 mur
181 2488 390 2525 Walchium
412 2490 457 2524 ad
481 2489 602 2524 Taciti
625 2491 746 2537 Agric.
777 2504 808 2527 c.
839 2493 982 2527 xxvn.
1015 2505 1051 2538 p.
1075 2493 1157 2528 32⁰.
1180 2492 1217 2527 id
1241 2493 1378 2529 factum
1401 2506 1485 2539 pro-

75 2550 176 2593 bare,
199 2554 235 2585 et
254 2551 360 2595 plane
382 2554 518 2586 certum
542 2551 659 2587 dicere
681 2552 965 2598 optimorumque
998 2555 1099 2590 codd.
1128 2554 1340 2591 auctoritate
1361 2556 1486 2590 firma-

75 2615 177 2654 tum3
210 2612 304 2656 quod
336 2612 440 2657 plane
475 2616 599 2647 con'tra
629 2616 691 2648 est.
739 2614 831 2649 Nam
855 2615 988 2662 ellipsis
1012 2616 1249 2661 pronominis,
1282 2629 1346 2662 per
1368 2629 1406 2651 se
1429 2621 1486 2651 to-

75 2673 234 2709 lerabilis
262 2673 327 2718 (v,
357 2675 403 2709 ad
437 2686 470 2709 c.
501 2675 595 2716 xlv,
626 2673 661 2710 3.
685 2687 720 2719 p.
744 2675 830 2720 730,
853 2677 891 2713 h.
914 2677 939 2712 l.
961 2676 1117 2711 maxime
1139 2677 1250 2712 dubia
1275 2689 1317 2712 ac
1340 2689 1483 2723 prorsus

75 2734 276 2770 damnanda
306 2725 381 2778 eet,
415 2734 499 2780 quia
532 2746 603 2770 non
636 2735 703 2770 nisi
734 2737 839 2781 pauci
872 2740 977 2782 atque
1008 2738 1198 2773 deteriores
1224 2739 1328 2774 codd.
1353 2750 1375 2774 a
1400 2750 1483 2773 con-

74 2797 174 2832 meta
194 2796 332 2832 dicendi
354 2797 494 2833 ratione
515 2796 709 2833 discedunt.
735 2818 782 2824 —
809 2798 924 2834 Manu
945 2799 1198 2835 vindicandum
1222 2800 1250 2838 i.
1275 2812 1306 2835 e.
1331 2799 1406 2835 vim
1428 2800 1483 2835 in-
