1826 3276
458 193 830 237 IUGURTHA.
891 195 1014 237 CAP.
1041 194 1147 237 CVI.
1408 199 1493 240 573

94 314 340 374 cognitum,
376 311 642 373 Iugurtham
677 312 802 356 haud
834 313 996 373 procul
1033 313 1217 367 abesse3
1263 313 1394 357 simul
1432 315 1492 358 uti

27 447 30 452 .
91 418 228 456 noctu
267 411 383 455 clam
429 384 583 454 secum
629 409 896 470 profugeret
929 416 1064 471 rogat
1102 417 1237 470 atque
1273 410 1487 456 hortatur.

90 509 171 554 Ille
214 509 364 553 animo
408 507 553 552 feroci
596 511 735 567 negat
780 522 827 551 se
863 507 1023 552 totiens
1061 487 1207 553 fusum
1243 510 1524 563 Numidam3

88 607 436 667 pertimescere;
486 604 655 658 virtuti,
680 618 861 648 suorum
909 605 1013 649 satis
1063 606 1275 661 credere3
1318 608 1488 653 etiamsi

87 727 188 771 quasi
211 728 309 762 aiens
328 725 500 762 sententia
522 725 779 770 praecessisset,
816 725 874 760 cni
896 727 1009 762 altera
1034 729 1132 762 velut
1160 729 1316 765 eiusdem
1349 732 1489 777 generis

85 789 323 836 udinngatur3
355 788 448 833 quod
481 791 521 822 ut
543 786 613 821 sihi
635 787 877 831 permitterent
899 788 1016 823 Latini
1041 791 1190 825 obscuro
1211 791 1363 835 quodam
1386 803 1488 826 sensu

84 851 236 896 permoti
266 854 366 893 sunt,
398 853 546 893 utraque
580 847 824 882 enunciatione
854 850 1063 885 sententiam
1097 851 1287 896 contineri,
1319 864 1411 896 quae
1445 865 1487 887 ex

85 913 209 947 eodem
231 911 415 946 notionum
446 921 487 944 ac
520 909 776 955 cogitationum
806 909 901 944 fonte
934 916 1163 956 repeteretur.
1212 914 1310 948 Idem
1335 918 1488 950 statuens

85 974 171 1010 Otto
193 974 238 1009 ad
261 963 334 1008 Cic.
358 964 402 1006 (le
430 971 532 1006 Finn.
557 971 586 1013 Ι,
611 969 669 1013 18,
700 971 758 1005 61.
792 971 885 1005 hanc
912 972 1051 1008 dicendi
1075 974 1250 1011 rationem
1274 976 1370 1010 haud
1393 977 1488 1011 male

20 1020 21 1033 ἵ
86 1036 131 1071 ad
155 1035 192 1071 id
212 1046 325 1082 genus
342 1033 465 1076 refert,
489 1033 584 1077 quod
608 1035 784 1067 structura
807 1030 882 1068 α’πὸ
908 1035 1043 1070 κοινοῦ
1067 1040 1223 1079 vocatur,
1247 1037 1378 1073 reiecta
1395 1039 1487 1073 Goe-

20 1138 24 1142 .
82 1095 193 1131 renzii
216 1096 263 1131 ad
285 1096 310 1145 Ι.
334 1095 358 1129 l.
382 1105 416 1138 p.
442 1093 500 1128 87.
524 1093 710 1136 sententia,
732 1093 794 1138 qni
817 1094 905 1128 talia
928 1096 1175 1131 anacoluthae'ae
1198 1098 1351 1141 speciem
1375 1110 1487 1143 quan-

82 1157 166 1192 dam
204 1157 339 1192 habere
379 1155 526 1191 censuit.
584 1155 707 1199 Aeque
748 1155 997 1199 improbabilis
1032 1157 1138 1202 longe
1166 1159 1402 1203 plurimorum
1434 1165 1486 1203 cst

83 1218 214 1263 opinio,
237 1218 300 1262 qui
321 1217 392 1252 hoc
415 1215 682 1252 constructionis
704 1227 816 1260 genus
832 1217 955 1267 “ellipsi
977 1224 1260 1263 annumerantes,
1285 1221 1381 1256 aiens
1407 1233 1485 1257 ver-

81 1280 168 1314 bum
200 1279 355 1324 suppleri
385 1279 518 1313 volunt.
579 1278 744 1312 Ceterum
778 1279 947 1322 permulti
979 1279 1051 1313 iam
1078 1280 1172 1314 hunc
1196 1293 1299 1316 usum
1322 1284 1485 1319 observa-

81 1345 174 1383 runt,
209 1341 307 1375 velut
339 1339 540 1375 Gronovius
567 1339 675 1389 >Οὑεε.
709 1340 769 1381 IV,
801 1339 835 1374 2.
866 1352 901 1384 p.
934 1339 1005 1374 535
1037 1353 1088 1385 sq.
1123 1342 1177 1376 ed.
1201 1343 1296 1388 Lips.
1321 1346 1484 1380 Draken-

80 1402 206 1436 borch.
227 1402 275 1436 ad
299 1401 378 1436 Liv.
405 1402 519 1442 XXII,
543 1399 602 1454 53,
625 1399 660 1436 7.
687 1399 876 1433 Ruhnken.
901 1401 946 1434 ad
979 1401 1092 1436 Rutil.
1118 1403 1205 1447 Lup.
1229 1405 1258 1447 I,
1283 1405 1339 1440 13.
1365 1419 1398 1451 p.
1424 1406 1480 1442 47.

79 1455 196 1498 Beier.
220 1463 266 1497 ad
291 1462 364 1498 Cic.
389 1462 433 1496 de
457 1461 529 1497 Off.
554 1461 617 1503 III,
641 1461 676 1503 2,
702 1461 736 1496 9.
762 1464 798 1495 et
820 1461 864 1495 ad
889 1461 988 1498 Lael.
1011 1452 1041 1497 c.
1061 1462 1120 1505 16,
1137 1462 1193 1498 59.
1210 1477 1243 1510 p.
1261 1465 1319 1500 94.
1338 1468 1481 1503 Walch.

79 1523 251 1558 Emendtl.
276 1524 354 1558 Li‘v.
379 1536 414 1568 p.
438 1523 533 1566 227„
558 1523 631 1558 alii.
657 1522 764 1557 Verbi
788 1535 923 1568 negare
946 1523 983 1557 in
1006 1523 1185 1559 notionem
1210 1527 1350 1562 dicendi
1371 1533 1481 1565 trans-

79 1586 194 1620 euntis
219 1584 359 1620 eortius
391 1585 437 1619 ad
465 1587 623 1619 nostrum
654 1585 771 1618 locum
795 1584 886 1619 haec
909 1584 1070 1619 laudavit:
1090 1580 1267 1632 exempla:
1293 1589 1366 1624 Cic.
1390 1591 1480 1635 Epp.

79 1646 125 1681 ad
148 1645 254 1681 Attic.
279 1645 355 1688 vll,
379 1645 438 1681 15.
481 1647 642 1691 Plerique
665 1651 846 1691 negant
873 1646 1058 1680 Caesarem
1082 1647 1120 1681 in
1144 1649 1339 1684 conditione
1362 1662 1481 1685 man-

80 1719 251 1750 surum5
279 1709 617 1754 postulataque
651 1707 764 1741 haec
795 1707 850 1741 ab
876 1719 923 1741 eo
950 1707 1243 1752 interposita
1269 1722 1390 1753 esse,
1413 1725 1480 1757 quo

78 1770 193 1804 minus
217 1770 309 1815 quod
332 1781 417 1815 opus
444 1774 533 1805 esset
557 1771 606 1804 ad
630 1769 756 1804 bellum
781 1781 805 1803 a
829 1770 927 1803 nobis
946 1775 1150 1814 pararetur.
1185 1770 1263 1806 Liv.
1296 1773 1326 1816 Ι,
1358 1772 1417 1815 57,
1445 1773 1481 1810 7.

80 1831 274 1866 Collatinus
295 1836 440 1877 negat
463 1832 576 1866 verbis
600 1842 711 1876 opus
735 1842 857 1872 esse3
878 1832 1003 1876 paucis
1022 1831 1060 1866 id
1078 1832 1216 1876 quidem
1236 1833 1330 1868 horis
1352 1845 1482 1878 posse

77 1893 207 1930 sciri.
229 1892 277 1926 id.
301 1893 467 1938 XXXIII,
491 1893 559 1934 12,
583 1891 616 1927 5.
669 1892 850 1935 Quinctius
872 1904 1045 1939 negare
1070 1894 1214 1929 Aetolos
1236 1914 1283 1919 ——
1307 1895 1373 1929 sibi
1394 1896 1481 1941 ipsis

78 1955 338 1989 convenientem
362 1954 573 1989 sententiam
598 1954 796 1995 dixisse3
820 1958 862 1989 et
883 1955 993 1989 illos
1021 1955 1196 2000 prioribus
1219 1956 1375 1990 omnibus
1400 1969 1480 1991 con-

78 2016 168 2051 ciliis
190 2016 234 2051 de
258 2017 512 2051 condicionibus
540 2016 640 2061 pacis
664 2027 797 2061 semper
824 2036 870 2041 —
895 2016 1190 2061 disseruisse.
1222 2017 1309 2061 Nep.
1333 2017 1423 2054 Cim.
1446 2030 1478 2052 c.

76 2078 105 2119 Ι,
137 2077 172 2112 4.
220 2078 380 2123 Elpinice
412 2078 612 2123 negavit
642 2089 686 2113 se
714 2089 966 2123 passuram
1001 2078 1176 2113 Miltiadis
1205 2079 1409 2124 progeniem
1432 2098 1479 2105 —-

77 2139 246 2181 interitu
277 2151 413 2185 seque
446 2140 584 2175 Galliae
617 2144 878 2184 nupturam.
937 2139 1124 2185 Latissime
1147 2144 1266 2175 antem
1289 2144 1386 2185 patet
1408 2140 1478 2174 hoc

76 2211 188 2246 genus
209 2200 398 2246 negativae
419 2201 610 2236 sententiae
633 2212 714 2235 cum
739 2201 853 2236 aiente
877 2201 1055 2244 confusae,
1079 2200 1179 2236 cuius
1202 2201 1320 2236 varias
1343 2202 1477 2236 formas

77 2262 150 2296 VV.
187 2262 265 2298 DI).
299 2261 387 2297 locis
419 2262 573 2297 laudatis
602 2263 734 2307 passim
763 2263 996 2298 illustrarunt.
1033 2283 1077 2289 —
1118 2265 1171 2298 De
1203 2264 1352 2298 ducebat
1385 2262 1476 2297 indi-

76 2321 194 2356 cativo
218 2321 255 2356 in
278 2322 438 2358 oratione
461 2323 606 2367 obliqua
629 2334 666 2358 v.
690 2324 746 2359 ad.
761 2336 790 2359 c.
813 2325 938 2367 LXIII,
962 2325 997 2361 1.
1020 2316 1068 2350 ’-
1098 2326 1293 2359 Verborum
1317 2323 1475 2358 ordinem

73 2387 153 2429 post
181 2385 305 2429 paullo
337 2384 443 2419 multi
473 2387 590 2420 tenent
622 2385 723 2428 libri3
757 2397 792 2421 v.
819 2387 865 2421 ad
890 2386 996 2422 Catil.
1020 2386 1184 2429 XXXIII,
1207 2384 1242 2420 5.
1268 2389 1302 2420 et
1325 2385 1370 2419 ad
1395 2385 1475 2430 lug.

75 2445 165 2490 Im,
190 2446 226 2481 3.
254 2466 290 2472 —
329 2447 401 2480 Pro
424 2457 685 2481 mansurum
711 2449 828 2493 potius
852 2467 898 2474 —
929 2458 1034 2493 quam
1058 2448 1154 2482 vitae
1175 2450 1388 2492 parceret
1411 2457 1475 2490 po-

76 2508 167 2541 terat
188 2505 296 2541 etiam
319 2505 390 2541 dici
416 2518 522 2552 quam
545 2508 643 2543 vitae
663 2519 928 2554 parsurum3
960 2519 1044 2543 nam
1067 2508 1129 2543 ubi
1154 2509 1306 2543 eiusdem
1330 2508 1477 2542 subiecti

77 2568 145 2602 dno
173 2567 387 2613 praedicata
420 2567 498 2603 sive
530 2569 684 2604 actiones
718 2580 782 2613 per
810 2570 928 2614 potius
957 2581 1063 2615 quam
1094 2569 1285 2614 particulas
1307 2569 1361 2603 ita
1383 2569 1476 2602 inter

75 2639 115 2664 se
137 2632 407 2673 comparantur,
429 2632 469 2664 ut
490 2628 590 2674 prius
613 2630 836 2674 praeferatur
857 2631 1066 2675 posteriori,
1090 2631 1148 2664 vel
1168 2630 1246 2675 pari
1270 2633 1306 2664 et
1330 2641 1475 2674 prorsus

76 2691 216 2735 aequali
245 2690 382 2726 ratione
413 2694 604 2735 utrumque
632 2692 834 2726 membrum
865 2691 1030 2735 effertur,
1059 2691 1110 2727 ita
1133 2696 1172 2726 ut
1194 2690 1368 2736 posterius
1392 2701 1470 2724 ver-

70 2751 162 2790 hum
184 2763 261 2786 rem
284 2755 530 2797 comparatam
553 2751 763 2797 simpliciter
791 2755 826 2787 et
849 2763 915 2797 per
937 2766 974 2788 se
998 2757 1189 2798 spectatam
1214 2751 1392 2797 designet,
1415 2751 1473 2784 vel
1512 2756 1515 2759 ’

75 2812 213 2848 mutata
234 2815 410 2849 structura
434 2814 587 2850 alterum
609 2814 825 2850 coniunctim
851 2814 1075 2856 enunciatur,
1106 2813 1167 2857 qui
1190 2812 1314 2848 modus
1338 2823 1407 2846 non
1430 2823 1471 2845 ex
