1826 3276
450 159 820 205 IUGURTHA.
882 160 1011 204 CAP.
1043 159 1151 205 cm.
1197 218 1200 221 ῃ
1414 164 1497 206 561

93 282 188 328 Eos
218 281 294 326 ille
325 295 415 325 non
445 294 534 341 pro
563 280 686 325 vanis
717 278 947 338 hostibus,
980 284 1030 323 ut
1059 278 1202 324 meriti
1222 283 1379 337 erant,
1416 278 1536 331 sed5

95 375 318 424 accurate
349 394 404 423 ac
449 377 693 441 liberaliter
738 376 924 432 habuit3
984 392 1075 436 qua
1126 392 1176 421 re
1226 375 1407 420 barbari
1452 382 1497 420 et

93 477 264 522 famam
307 477 621 520 Romanorum
668 474 878 518 avaritiae
924 474 1111 531 falsam,
1147 480 1192 519 et
1227 474 1402 521 Sullam
1435 475 1496 520 ob

91 573 438 620 munificentiam
487 573 531 616 in
575 587 674 616 sese
711 571 903 615 amicum
942 572 1037 615 rati.
1109 572 1228 615 Nam
1265 573 1535 624 etiamtumfi

91 671 272 733 largitio
315 669 465 715 multis
510 671 668 730 ignota
713 674 832 726 erat,
869 669 1107 714 munificus
1143 685 1278 714 nemo
1305 671 1500 730 putaba-

94 831 179 856 nam
191 846 202 864 ‚
234 818 349 865 inquit
358 844 369 862 ,
402 818 539 864 aliquid
563 816 807 862 interpositum
824 815 939 860 fuisse
962 817 1055 853 inter
1075 829 1100 863 p
1111 830 1130 853 r
1139 830 1163 853 a
1174 823 1246 854 eto
1258 831 1276 853 r
1285 830 1304 853 e
1328 825 1363 855 et
1385 832 1404 854 r
1413 832 1431 855 e
1441 822 1501 856 li-

14 916 15 923 ,
40 917 44 920 ,
91 886 283 927 querat,
320 892 362 915 ex·
392 891 474 914 sono
505 880 668 922 conficio,
699 879 784 924 quia
818 879 876 911 vix
911 878 1039 924 duplex
1071 889 1119 914 re
1154 881 1343 917 Sallustius
1365 882 1420 917 ita
1442 882 1500 917 Mo

93 941 320 977 coniunxerit.
369 940 424 974 Ad
448 951 540 985 quae
564 952 632 974 non
657 952 744 984 opus
769 944 822 975 est
844 940 1065 985 respondere.

155 1021 164 1025 2
183 1005 218 1046 §.
240 1002 275 1038 5.
321 1013 391 1036 non
410 1012 476 1046 pro
500 1002 605 1036 vanis
629 1002 784 1036 hostibus
806 1021 854 1029 ——
878 1002 1027 1047 habuit]
1063 1002 1140 1037 Non
1164 1002 1249 1038 satis
1271 1007 1366 1038 recte
1389 1003 1498 1039 inter-

19 1069 22 1076 ‘
56 1103 58 1105 ,
89 1065 205 1108 protes
230 1062 340 1097 verba
362 1074 444 1108 pro
469 1065 572 1099 vanis
597 1064 762 1106 hostibus,
789 1075 831 1097 ex
856 1063 979 1099 habuit
1003 1064 1202 1109 pendentia,
1227 1065 1500 1110 interpretantur

90 1129 262 1170 tanquam
284 1136 395 1159 vanos
418 1125 546 1168 hostes,
578 1125 636 1159 cui
661 1124 888 1170 explicationi
910 1130 1110 1170 repugnat,
1131 1126 1161 1160 si
1186 1125 1271 1170 quid
1295 1126 1420 1169 video,
1444 1127 1495 1161 lo·

90 1186 218 1230 quendi
249 1196 344 1220 usus.
394 1187 538 1221 Habere
574 1186 688 1230 enim,
726 1186 819 1230 quod
850 1187 1091 1221 tantummodo
1128 1199 1210 1222 cum
1248 1186 1419 1222 adverbio
1453 1187 1500 1222 ad

89 1238 456 1291 personam'relatum
480 1248 574 1283 valet
597 1253 754 1283 tractare
778 1249 840 1293 (v.
864 1248 910 1282 ad
935 1247 1011 1283 Cat.
1037 1260 1068 1282 c.
1095 1249 1157 1292 XI,
1182 1247 1268 1293 5.),
1291 1260 1360 1283 nou
1384 1253 1500 1294 potest

84 1309 213 1350 ,eadem
246 1312 419 1353 potestate
458 1321 539 1343 cum
567 1321 633 1354 pro
667 1308 926 1353 praepositione
967 1309 1133 1346 construi.
1200 1309 1321 1353 Quare
1358 1310 1499 1354 praeter

90 1369 268 1414 duplicem
290 1374 504 1421 structuram
532 1370 596 1414 (de
618 1380 690 1413 qua
713 1380 748 1403 v.
773 1369 820 1403 ad
843 1381 874 1403 c.
898 1369 928 1411 Ι,
952 1369 986 1405 2.
1009 1382 1045 1414 p.
1069 1370 1122 1415 ὃ.)
1152 1370 1259 1404 etiam
1283 1382 1435 1416 zeugma
1458 1373 1496 1406 h.

89 1430 114 1466 1.
139 1430 292 1475 obtinet,
327 1442 397 1475 quo
419 1431 575 1466 efficitur
598 1435 638 1466 ut
661 1442 703 1464 ex
735 1431 863 1465 habere
899 1431 1027 1473 verbo,
1059 1430 1090 1465 si
1121 1431 1167 1465 ad
1198 1430 1296 1475 prius
1329 1432 1499 1468 orationis

89 1493 291 1527 membrum
314 1494 477 1534 refertur,
499 1493 651 1537 putandi
675 1493 773 1527 notio
799 1491 1015 1537 cogitatione
1037 1491 1083 1526 sit
1103 1492 1326 1527 assumenda.
1367 1494 1499 1528 Plenus

89 1553 201 1600 igitur
223 1565 344 1588 sensus
367 1553 427 1587 hic
450 1557 522 1588 est:
547 1555 617 1587 Eos
642 1553 706 1587 ille
729 1564 799 1588 uon
821 1563 931 1587 vanos
953 1553 1073 1587 hostes
1098 1564 1172 1587 esse
1191 1554 1343 1597 putavit,
1367 1575 1412 1580 -
1437 1556 1497 1590 sed

89 1618 256 1650 accurate
285 1625 328 1650 ae
360 1614 556 1649 liberaliter
588 1614 767 1649 tractavit.
814 1615 868 1648 De
893 1612 1004 1647 simili
1031 1617 1219 1658 zeugmate
1243 1615 1373 1651 habere
1397 1617 1498 1651 verbi

89 1676 243 1723 diximus
274 1674 320 1711 ad
352 1687 384 1711 c.
419 1676 627 1720 LXXXIX,
659 1676 694 1710 4.
760 1675 851 1710 Vani
882 1673 1061 1708 notionem
1092 1674 1344 1718 explicavimus
1379 1678 1425 1712 ad
1467 1689 1497 1715 c.

88 1738 211 1782 LXIV,
235 1737 270 1773 5.
293 1756 338 1762 —
381 1737 426 1772 Ut
456 1731 576 1772 meriti
606 1741 709 1773 erant
741 1748 812 1776 non
845 1738 1004 1781 spectare
1036 1738 1122 1779 puto
1154 1737 1199 1771 ad
1233 1749 1345 1773 vanos
1367 1740 1497 1782 hostes,

86 1802 232 1843 propter
262 1799 400 1832 fluxam
431 1802 466 1832 et
496 1798 707 1833 mutabilem
732 1797 879 1832 Bocchi-
901 1796 998 1842 regis
1028 1797 1155 1839 fidem,
1180 1801 1220 1832 ut
1244 1799 1439 1835 Muellerus
1463 1803 1498 1835 et

89 1860 247 1896 weisiua
277 1863 439 1902 censent,
471 1859 531 1893 sed
562 1860 680 1904 potius
703 1860 819 1894 refero
842 1859 888 1894 ad
911 1859 1143 1894 miserabilem
1166 1863 1200 1893 et
1223 1859 1424 1895 indecorum
1447 1862 1500 1895 le-

88 1927 256 1969 gatorum
281 1922 461 1964 habitum,
486 1920 547 1965 qui
572 1921 654 1956 talis
677 1926 790 1964 esset,
824 1924 864 1956 ut
884 1919 950 1957 vix·
974 1919 1076 1965 digni
1099 1919 1323 1965 viderentur,
1347 1934 1536 1966 quorum-2

88 1983 213 2018 verbis.
229 1983 316 2017 fides
332 1983 551 2031 liaberetur3
584 1995 667 2018 nam
699 1982 816 2027 specie
842 1985 985 2035 exten-pa
1015 1981 1131 2015 videri
1154 1986 1315 2026 poteraut
1336 1983 1419 2018 ficta
1443 1984 1496 2019 lo-

89 2044 152 2089 qui
182 2055 344 2089 vanaque
376 2043 536 2079 oratione
569 2044 708 2079 Sullam
743 2042 904 2087 decipere
934 2042 1038 2078 velle.
1102 2043 1222 2087 Quare
1251 2045 1377 2078 mereri
1409 2045 1447 2079 h.
1471 2046 1498 2080 1.

89 2116 160 2141 nou
194 2106 293 2140 valet
319 2104 476 2149 factis
509 2107 823 2147 committere,
861 2110 900 2139 ut
933 2106 989 2139 vel
1020 2105 1145 2138 bonam
1177 2106 1233 2139 vel
1262 2107 1395 2140 malam
1421 2118 1496 2141 rem

89 2167 357 2212 consequamur-⁴,
389 2176 482 2210 quae
514 2165 675 2210 vulgaris
707 2167 809 2201 verbi
842 2170 894 2201 est
926 2169 1064 2210 potesta
1094 2190 1105 2207 ,
1142 2167 1202 2200 sed
1235 2166 1364 2202 latiore
1394 2180 1497 2204 seusu

89 2219 268 2273 &gnificat
302 2227 397 2262 tali
431 2227 715 2262 condicione
749 2223 962 2269 essejcm'
1003 2177 1125 2264 mesico
1159 2228 1295 2273 aliquid
1327 2234 1497 2275 tanquam

89 2289 341 2324 consectarium
366 2288 569 2323 adiunctam
593 2290 640 2324 sit
648 2301 662 2331 ‚-
685 2300 755 2334 quo
778 2289 838 2332 fit,
868 2292 907 2323 ut
937 2287 1054 2322 verbis
1078 2289 1132 2322 uti
1154 2291 1271 2324 meriti
1295 2296 1397 2325 erant
1422 2292 1498 2327 sere

88 2349 151 2385 hic
172 2362 294 2385 seusus
317 2350 382 2385 sit:
407 2354 446 2384 ut
471 2355 738 2385 consentaneum
764 2355 853 2385 erat.
890 2367 935 2375 —-
972 2351 1028 2383 De
1051 2350 1220 2394 genitivis
1237 2354 1380 2395 samam
1403 2352 1496 2387 Ro-

88 2422 319 2447 manorum
343 2412 593 2446 avaritiae
616 2423 650 2446 v.
675 2411 721 2446 ad
745 2423 776 2445 c.
802 2411 916 2453 XXX,
937 2410 973 2445 3.
999 2414 1034 2445 et
1057 2411 1102 2445 ad
1128 2412 1233 2454 LXV,
1257 2411 1292 2446 3.

182 2475 218 2517 5.
241 2474 276 2509 6.
323 2473 530 2517 etiamtum]
571 2475 626 2507 De
649 2473 707 2507 his
729 2471 924 2517 particulis,
951 2483 1041 2516 quae
1065 2473 1101 2506 in
1125 2473 1289 2508 omnibus
1313 2474 1397 2511 edd:
1412 2486 1493 2519 per-

90 2545 215 2579 peram
239 2533 380 2569 divisim
405 2535 618 2580 scribuntur,
642 2546 680 2571 v.
703 2535 748 2569 ad
772 2534 878 2569 Catil.
902 2534 950 2577 ΙΙ,
974 2535 1009 2568 1.
1037 2535 1117 2579 lug.
1145 2536 1245 2580 XXI,
1270 2535 1304 2570 1.
1325 2540 1375 2561 ‘—
1399 2537 1492 2570 Lar-

88 2595 261 2641 gitionem
285 2606 398 2640 aeque
421 2608 462 2631 ac
495 2596 641 2642 largiri,
675 2596 718 2630 de
750 2595 908 2641 potentia
939 2596 1140 2646 quaerenda
1164 2592 1353 2642 usurpatae
1377 2609 1495 2640 voces,

89 2667 258 2703 maguam
281 2657 452 2692 invidiam
474 2658 630 2701 habere,
668 2657 743 2692 iam
765 2657 966 2691 monuimus
990 2657 1035 2691 ad
1059 2669 1089 2692 c.
1116 2658 1220 2700 vm,
1244 2657 1278 2693 2.
1302 2670 1337 2702 p.
1360 2658 1418 2695 45.
1444 2660 1491 2694 cf.

89 2719 167 2755 cat.
190 2720 251 2763 ΙΙΙ,
273 2719 308 2754 3.
334 2720 405 2754 Cic.
431 2721 475 2754 de
499 2719 598 2755 Orat.
623 2719 676 2759 11,
695 2717 764 2761 25,
787 2718 869 2754 105.
918 2719 972 2752 De
995 2719 1130 2754 ambitu
1152 2731 1234 2754 raro
1258 2721 1348 2754 illud
1371 2721 1492 2763 datur,

88 2783 131 2815 vt
149 2781 261 2826 possi·
282 2782 531 2819 liberalitatem
557 2793 600 2816 ae
625 2781 973 2826 benignitatem
1008 2781 1052 2815 ab
1085 2781 1220 2815 ambitu
1251 2786 1358 2827 atque
1389 2783 1491 2816 lar-

90 2920 98 2923 ἡ
134 2853 214 2898 ·11.
1141 2852 1208 2897 36
