1826 3276
486 182 861 232 IUGURTHA.
920 187 1050 231 CAP.
1078 187 1216 232 XCII.
1454 193 1540 234 493

150 321 250 351 rum
279 306 406 362 satis,
443 320 609 366 magna
644 303 708 351 vis
741 306 951 351 frumenti
987 309 1031 349 et
1065 304 1165 350 fons
1202 320 1359 364 aquae,
1393 322 1541 368 agge-

149 403 272 448 ribus
304 403 591 462 turribusque
630 410 683 449 vet
728 403 822 447 aliis
857 402 1260 447 machinationibus
1295 404 1421 469 locus
1454 405 1541 449 im-

88 503 92 507 ’
152 506 400 562 portunus,
456 500 541 544 iter
593 501 955 546 castellanorum-
986 506 1225 560 angustum
1281 500 1541 558 admodum,

148 598 371 656 utrimque
415 597 684 657 praecisum.
757 597 925 642 Vineae
971 613 1074 642 cum
1120 597 1291 658 ingenti
1334 599 1577 659 periculo8

147 695 311 740 frustra
357 694 641 755 agebantur-3
686 709 791 738 nam
838 710 976 754 quum
1008 710 1088 739 eae
1120 695 1326 755 paullum
1352 711 1541 756 proces-

149 798 330 849 serant,
367 786 461 852 igni
511 798 586 836 aut
632 792 858 852 lapidibus
904 792 1335 852 corrumpebantur3
1379 794 1573 852 milites9

149 978 231 1002 cum
263 971 396 1001 natura
429 967 668 1014 coniungeret.
692 987 737 994 —-
770 970 882 1014 Opere
916 968 940 1003 i.
975 979 1006 1003 e.
1031 968 1225 1004 munitione
1258 971 1334 1004 arte
1365 968 1483 1010 ἰθείας
1506 980 1542 1004 v.

148 1027 194 1063 ad
217 1038 247 1062 c.
271 1027 375 1070 nvn,
399 1026 434 1062 1.

240 1091 271 1133 S.
296 1088 320 1124 (i
342 1107 385 1116 ·-
402 1087 438 1125 8.
484 1100 619 1125 summa
641 1091 679 1124 υἱ
693 1093 708 1134 ]
741 1092 841 1126 Ilaec
873 1091 987 1126 verba
1017 1101 1086 1125 uon
1114 1090 1275 1125 videntur
1297 1101 1378 1125 cum
1406 1101 1544 1135 capere,

147 1151 209 1187 sed
250 1162 331 1185 cum
375 1151 555 1187 intendere
596 1153 839 1199 coniungenda
880 1165 982 1195 esse3
1015 1162 1099 1186 nam
1131 1150 1238 1186 studii
1276 1156 1311 1187 et
1343 1151 1545 1197 cupiditatis

146 1211 355 1262 magnitudo
387 1212 506 1258 magis
538 1212 575 1247 in
607 1213 843 1258 persequendo
876 1211 1036 1258 incepto,
1068 1223 1175 1257 quam
1200 1213 1236 1247 in
1263 1213 1341 1257 ipsa
1364 1224 1543 1259 expugna-

145 1274 240 1308 tione
273 1273 492 1309 cernebatur.
515 1294 563 1301 —
605 1276 786 1317 Virorum,
820 1285 855 1308 v,
889 1274 935 1308 ad
964 1286 996 1309 c.
1026 1273 1240 1308 Lxxxvm
1257 1299 1268 1316 ,
1290 1273 1324 1308 4.
1347 1293 1393 1299 -
1425 1275 1466 1309 In
1488 1286 1541 1310 se-

147 1333 334 1379 quentibus
368 1333 527 1369 Gortium
561 1347 743 1370 censemus
776 1345 938 1377 comma,
971 1335 1065 1379 quod
1105 1335 1218 1380 vulgo
1258 1339 1338 1380 post
1371 1335 1543 1378 viverat,

146 1398 239 1430 recte
260 1394 450 1429 collocasse
471 1401 550 1439 post
573 1398 685 1440 sutis,
721 1408 763 1432 ac
786 1402 881 1431 recte
904 1396 1012 1430 simul
1034 1401 1073 1431 at
1096 1401 1176 1430 ante
1194 1398 1367 1440 frumeuti
1390 1396 1543 1431 auctori-

147 1459 220 1492 tate
255 1455 375 1492 Guelf.
400 1455 437 1491 3.
470 1446 651 1492 abiecisse.
701 1459 926 1503 Quamquam
954 1461 1074 1492 autem
1104 1442 1208 1491 unius
1244 1457 1321 1492 cod.
1352 1458 1544 1492 auctoritas

146 1529 208 1562 per
231 1528 270 1552 se
302 1516 433 1562 exigua
455 1517 525 1560 sit,
561 1522 679 1553 tamen
710 1519 858 1564 vulgata
891 1523 990 1554 tanta
1019 1517 1291 1553 inconcinnitate
1313 1519 1472 1562 laborat,
1504 1523 1543 1554 ut

146 1577 233 1632 ferri
265 1589 334 1612 non
368 1589 469 1622 posse
499 1578 684 1623 videatur3
716 1580 778 1615 sed
809 1579 920 1614 Cottii
953 1579 1196 1614 emendatione
1227 1579 1341 1614 oratio
1372 1580 1475 1624 plane
1501 1581 1541 1615 fit

147 1639 380 1676 Sallustiana.
402 1658 449 1665 —
486 1640 688 1676 praecisum
720 1641 961 1677 tantummodo
993 1643 1133 1674 exstare
1157 1639 1298 1674 videtur
1319 1640 1355 1674 in
1379 1640 1541 1675 Arondel.

146 1701 192 1735 B.
214 1701 318 1737 Publ.
341 1700 452 1735 Laud.
476 1700 509 1736 1.
543 1705 578 1737 et
611 1701 727 1738 Paris.
751 1703 786 1737 b.
835 1702 951 1737 Ceteri
974 1712 1116 1743 omnes,
1139 1705 1233 1735 certe
1255 1701 1387 1744 Cottii,
1413 1703 1542 1737 Gerla-

146 1761 219 1797 chii
249 1773 292 1797 ac
323 1761 416 1806 mei,
449 1762 583 1797 habent
610 1764 741 1808 precise
772 1763 798 1798 i.
831 1775 863 1798 e.
895 1763 1097 1807 praecisae,
1122 1773 1191 1807 quo
1215 1761 1320 1797 totius
1343 1762 1412 1797 loci
1435 1763 1541 1798 nimis

145 1823 265 1868 inepta
286 1823 328 1858 fit
355 1823 535 1858 sententia.
585 1825 658 1859 Iter
684 1824 951 1869 praecisum
974 1823 1067 1858 idem
1099 1827 1152 1858 est
1174 1826 1280 1867 atque
1299 1829 1541 1869 praeruptum,

145 1895 216 1930 quo
237 1885 416 1920 vocabulo
438 1884 525 1920 Sall.
549 1896 580 1919 c.
611 1885 803 1927 XXXVII,
827 1884 862 1919 4.
885 1895 968 1920 usus
990 1887 1054 1920 est.
1102 1883 1275 1919 Similiter
1297 1884 1395 1919 Mela
1417 1885 1480 1927 111,
1503 1884 1541 1921 9.

149 1945 276 1980 Omnia
299 1946 410 1981 vastis
430 1947 654 1991 praecisa
677 1948 866 1988 montibus,
897 1946 997 1990 ripae
1016 1946 1134 1991 potius
1156 1951 1256 1988 sunt,
1279 1957 1385 1991 qnam
1409 1947 1540 1982 littora.

238 2009 272 2050 ἓ.
304 2005 340 2041 8.
387 2018 492 2053 quum
525 2019 589 2043 eae
617 2009 778 2054 paullum
810 2007 1074 2053 processerant]
1105 2007 1207 2041 Haec
1239 2008 1371 2051 verba,
1400 2007 1541 2042 nonnisi

146 2067 218 2103 levi
250 2067 449 2112 scripturae
478 2068 714 2115 discrepantia
741 2070 779 2104 in
810 2069 910 2106 codd.
945 2068 1108 2103 omnibus
1137 2067 1297 2103 exhibita
1325 2069 1428 2114 (uam
1451 2081 1540 2104 unus

146 2129 254 2163 modo
276 2129 437 2174 alterque
459 2130 536 2166 cod.
558 2143 624 2177 pro
649 2143 712 2167 eae
734 2131 845 2166 habet
877 2142 921 2165 ea
935 2156 945 2173 ,
977 2130 1035 2164 vel
1072 2141 1132 2172 eo,
1166 2129 1225 2164 vel
1246 2129 1355 2173 haec,
1378 2130 1435 2164 vel
1459 2132 1539 2171 hae,

146 2200 210 2234 pro
239 2190 399 2235 paullum
429 2195 549 2227 autem
579 2192 616 2227 in
650 2192 771 2238 paucis
801 2191 968 2236 scriptum
1002 2194 1055 2226 est
1077 2190 1240 2236 paullo),
1266 2190 1478 2226 Gerlachius
1502 2191 1540 2225 iu

146 2250 202 2285 ed.
236 2250 372 2286 minore
399 2251 550 2288 mirifice
582 2254 761 2300 corrupit,
794 2258 933 2299 turpem
965 2251 1122 2297 glossam
1153 2262 1218 2296 pro
1245 2251 1405 2287 Sallustii
1432 2263 1538 2286 manu

146 2311 304 2354 habeus,
335 2323 456 2347 veram
488 2317 607 2349 autem
642 2315 853 2360 scripturam
885 2313 1039 2349 eiicieus.
1084 2313 1177 2348 Nam
1209 2324 1319 2358 quum
1351 2312 1388 2348 in
1413 2314 1539 2348 Franc.

147 2372 265 2408 Guelff.
299 2371 334 2408 8.
370 2373 427 2409 10.
462 2374 559 2410 Leid.
593 2375 636 2410 F.
669 2379 704 2412 et
734 2377 884 2423 Erlang.
916 2376 1058 2421 legatur
1087 2386 1193 2420 quum
1217 2386 1281 2409 cue
1313 2386 1363 2409 ez·
1391 2375 1538 2420 plano

78 2423 85 2427 ’
143 2435 303 2479 paullum
323 2446 433 2481 proc„
464 2435 677 2472 Gerlachius
700 2449 741 2473 ea·
761 2440 892 2484 plano,
924 2436 1024 2472 cuius
1056 2435 1198 2480 generis
1218 2435 1359 2480 glossae
1379 2434 1539 2471 innume—

147 2493 278 2530 rabiles
299 2494 337 2530 in
361 2495 450 2534 Sall.
474 2497 718 2542 reperiuntur,
742 2500 778 2535 in
801 2503 938 2535 textum
960 2496 1112 2541 recepit,
1137 2507 1201 2532 eae
1224 2497 1384 2541 paullum
1407 2496 1538 2532 omisit.

146 2554 248 2599 Quae
268 2556 359 2593 ratio
383 2561 422 2593 ut
443 2558 651 2594 auctoritate
670 2571 813 2605 prorsus
836 2564 952 2604 caret,
981 2558 1032 2594 ita
1054 2557 1263 2593 sententiam
1285 2557 1539 2593 alienissimam

145 2617 300 2660 praebet.
347 2618 440 2654 Nam
474 2631 546 2664 quo
577 2620 725 2656 consilio
761 2621 899 2656 Marius
932 2632 974 2655 ex
1002 2621 1108 2666 plano
1138 2619 1252 2665 potuit
1283 2619 1471 2664 procedere
1493 2619 1539 2654 ad

144 2678 351 2724 castellum,
383 2679 420 2714 in
452 2684 572 2716 monte
602 2681 708 2717 situm
737 2682 776 2716 in
810 2683 1013 2717 immensum
1045 2683 1161 2725 edito,
1194 2685 1229 2717 et
1254 2682 1302 2717 ad
1334 2681 1428 2726 quod
1450 2692 1541 2716 uuus

143 2746 382 2786 perangustus
417 2742 558 2784 aditus,
589 2742 752 2788 utrinqne
782 2744 961 2789 praecisus
982 2742 1142 2787 pateret?
1180 2742 1307 2779 vineas
1329 2747 1447 2778 autem
1470 2754 1539 2776 uon

146 2807 188 2833 σε
208 2801 338 2846 plano,
354 2803 428 2837 *sed
458 2803 518 2839 illo
540 2804 616 2849 ipso
644 2803 770 2840 itinere
794 2809 946 2851 angusto
970 2809 1005 2840 et
1024 2809 1216 2851 praerupto
1238 2815 1317 2840 esse
1339 2809 1437 2839 actas
1459 2801 1539 2847 qui—
