<?xml version="1.0" encoding="UTF-8"?>
<!DOCTYPE html PUBLIC "-//W3C//DTD XHTML 1.0 Transitional//EN"
    "http://www.w3.org/TR/xhtml1/DTD/xhtml1-transitional.dtd">
<html xmlns="http://www.w3.org/1999/xhtml" xml:lang="en" lang="en">
 <head>
  <title>
</title>
<meta http-equiv="Content-Type" content="text/html;charset=utf-8" />
  <meta name='ocr-system' content='tesseract 3.04.00' />
  <meta name='ocr-capabilities' content='ocr_page ocr_carea ocr_par ocr_line ocrx_word'/>
</head>
<body>
  <div class='ocr_page' id='page_1' title='image "./operaquaesupers02salluoft_0263.png"; bbox 0 0 1826 3276; ppageno 0'>
   <div class='ocr_carea' id='block_1_1' title="bbox 464 160 1508 213">
    <p class='ocr_par' dir='ltr' id='par_1_1' title="bbox 464 160 1508 213">
     <span class='ocr_line' id='line_1_1' title="bbox 464 160 1508 213; baseline 0.005 -8"><span class='ocrx_word' id='word_1_1' title='bbox 464 160 822 207; x_wconf 76' lang='lat' dir='ltr'><strong>IUGURTHA.</strong></span> <span class='ocrx_word' id='word_1_2' title='bbox 881 161 1010 209; x_wconf 78' lang='lat' dir='ltr'><strong>CAP.</strong></span> <span class='ocrx_word' id='word_1_3' title='bbox 1037 161 1153 208; x_wconf 83' lang='lat' dir='ltr'><strong>XLI.</strong></span> <span class='ocrx_word' id='word_1_4' title='bbox 1423 167 1508 213; x_wconf 80' lang='lat'><strong>241</strong></span> 
     </span>
    </p>
   </div>
   <div class='ocr_carea' id='block_1_2' title="bbox 44 257 1574 826">
    <p class='ocr_par' dir='ltr' id='par_1_2' title="bbox 44 257 1574 826">
     <span class='ocr_line' id='line_1_2' title="bbox 44 257 1507 341; baseline 0.001 -15"><span class='ocrx_word' id='word_1_5' title='bbox 44 257 46 259; x_wconf 12' lang='grc' dir='ltr'><strong><em>ι</em></strong></span> <span class='ocrx_word' id='word_1_6' title='bbox 117 279 325 341; x_wconf 74' lang='lat' dir='ltr'><strong>polluere</strong></span> <span class='ocrx_word' id='word_1_7' title='bbox 359 283 406 326; x_wconf 86' lang='lat' dir='ltr'><strong>et</strong></span> <span class='ocrx_word' id='word_1_8' title='bbox 447 285 625 325; x_wconf 83' lang='lat' dir='ltr'><strong>vastare</strong></span> <span class='ocrx_word' id='word_1_9' title='bbox 659 279 834 338; x_wconf 84' lang='lat' dir='ltr'><strong>omnia,</strong></span> <span class='ocrx_word' id='word_1_10' title='bbox 879 279 989 325; x_wconf 84' lang='lat' dir='ltr'><strong>nihil</strong></span> <span class='ocrx_word' id='word_1_11' title='bbox 1021 280 1151 341; x_wconf 82' lang='lat' dir='ltr'><strong>pensi</strong></span> <span class='ocrx_word' id='word_1_12' title='bbox 1183 294 1334 341; x_wconf 77' lang='lat' dir='ltr'><strong>neque</strong></span> <span class='ocrx_word' id='word_1_13' title='bbox 1369 285 1507 329; x_wconf 83' lang='lat' dir='ltr'><strong>sancti</strong></span> 
     </span>
     <span class='ocr_line' id='line_1_3' title="bbox 115 376 1574 438; baseline 0.001 -15"><span class='ocrx_word' id='word_1_14' title='bbox 115 376 312 434; x_wconf 80' lang='lat' dir='ltr'><strong>habere,</strong></span> <span class='ocrx_word' id='word_1_15' title='bbox 355 376 509 436; x_wconf 87' lang='lat' dir='ltr'><strong>quoad</strong></span> <span class='ocrx_word' id='word_1_16' title='bbox 543 382 686 422; x_wconf 88' lang='lat' dir='ltr'><strong>semet</strong></span> <span class='ocrx_word' id='word_1_17' title='bbox 728 377 831 438; x_wconf 86' lang='lat' dir='ltr'><strong>ipsa</strong></span> <span class='ocrx_word' id='word_1_18' title='bbox 873 378 1196 438; x_wconf 83' lang='lat' dir='ltr'><strong>praecipitavit.</strong></span> <span class='ocrx_word' id='word_1_19' title='bbox 1263 379 1384 425; x_wconf 84' lang='lat' dir='ltr'><strong>Nam</strong></span> <span class='ocrx_word' id='word_1_20' title='bbox 1429 381 1505 426; x_wconf 91' lang='lat' dir='ltr'><strong>ubi</strong></span> <span class='ocrx_word' id='word_1_21' title='bbox 1521 385 1574 424; x_wconf 89' lang='lat'><strong>10</strong></span> 
     </span>
     <span class='ocr_line' id='line_1_4' title="bbox 114 474 1504 539; baseline 0.002 -19"><span class='ocrx_word' id='word_1_22' title='bbox 114 474 310 534; x_wconf 79' lang='lat' dir='ltr'><strong>primum</strong></span> <span class='ocrx_word' id='word_1_23' title='bbox 345 489 402 519; x_wconf 86' lang='lat' dir='ltr'><strong>ex</strong></span> <span class='ocrx_word' id='word_1_24' title='bbox 435 474 666 519; x_wconf 86' lang='lat' dir='ltr'><strong>nobilitate</strong></span> <span class='ocrx_word' id='word_1_25' title='bbox 708 475 876 535; x_wconf 87' lang='lat' dir='ltr'><strong>reperti</strong></span> <span class='ocrx_word' id='word_1_26' title='bbox 921 480 1042 532; x_wconf 86' lang='lat' dir='ltr'><strong>sunt,</strong></span> <span class='ocrx_word' id='word_1_27' title='bbox 1086 476 1163 535; x_wconf 91' lang='lat' dir='ltr'><strong>qui</strong></span> <span class='ocrx_word' id='word_1_28' title='bbox 1203 491 1355 521; x_wconf 87' lang='lat' dir='ltr'><strong>veram</strong></span> <span class='ocrx_word' id='word_1_29' title='bbox 1397 478 1504 539; x_wconf 84' lang='lat' dir='ltr'><strong>glo-</strong></span> 
     </span>
     <span class='ocr_line' id='line_1_5' title="bbox 113 571 1503 639; baseline 0.004 -24"><span class='ocrx_word' id='word_1_30' title='bbox 113 571 227 624; x_wconf 83' lang='lat' dir='ltr'>riam</span> <span class='ocrx_word' id='word_1_31' title='bbox 267 571 454 616; x_wconf 79' lang='lat' dir='ltr'><strong>iniustae</strong></span> <span class='ocrx_word' id='word_1_32' title='bbox 493 571 723 631; x_wconf 84' lang='lat' dir='ltr'><strong>potentiae</strong></span> <span class='ocrx_word' id='word_1_33' title='bbox 777 577 1125 639; x_wconf 73' lang='lat' dir='ltr'><strong>anteponerent,</strong></span> <span class='ocrx_word' id='word_1_34' title='bbox 1159 574 1350 625; x_wconf 76' lang='lat' dir='ltr'><strong>¹moveri</strong></span> <span class='ocrx_word' id='word_1_35' title='bbox 1393 575 1503 621; x_wconf 88' lang='lat' dir='ltr'><strong>civi-</strong></span> 
     </span>
     <span class='ocr_line' id='line_1_6' title="bbox 112 664 1502 729; baseline 0.004 -16"><span class='ocrx_word' id='word_1_36' title='bbox 112 674 204 724; x_wconf 79' lang='lat' dir='ltr'><strong>tas,</strong></span> <span class='ocrx_word' id='word_1_37' title='bbox 250 673 296 713; x_wconf 87' lang='lat' dir='ltr'><strong>et</strong></span> <span class='ocrx_word' id='word_1_38' title='bbox 340 664 555 713; x_wconf 70' lang='lat' dir='ltr'><strong>dissensio</strong></span> <span class='ocrx_word' id='word_1_39' title='bbox 598 668 734 713; x_wconf 85' lang='lat' dir='ltr'><strong>civilis</strong></span> <span class='ocrx_word' id='word_1_40' title='bbox 771 670 898 727; x_wconf 86' lang='lat' dir='ltr'><strong>quasi</strong></span> <span class='ocrx_word' id='word_1_41' title='bbox 934 669 1175 729; x_wconf 83' lang='lat' dir='ltr'><strong>permixtio</strong></span> <span class='ocrx_word' id='word_1_42' title='bbox 1218 676 1365 717; x_wconf 86' lang='lat' dir='ltr'><strong>terrae</strong></span> <span class='ocrx_word' id='word_1_43' title='bbox 1400 674 1502 719; x_wconf 87' lang='lat' dir='ltr'><strong>oriri</strong></span> 
     </span>
     <span class='ocr_line' id='line_1_7' title="bbox 114 765 280 826; baseline 0.018 -16"><span class='ocrx_word' id='word_1_44' title='bbox 114 765 280 826; x_wconf 79' lang='lat' dir='ltr'><strong>coepit.</strong></span> 
     </span>
    </p>
   </div>
   <div class='ocr_carea' id='block_1_3' title="bbox 62 872 1502 2813">
    <p class='ocr_par' dir='ltr' id='par_1_3' title="bbox 93 872 1502 2077">
     <span class='ocr_line' id='line_1_8' title="bbox 110 872 1502 923; baseline 0.004 -11"><span class='ocrx_word' id='word_1_45' title='bbox 110 876 193 912; x_wconf 81' lang='lat' dir='ltr'><strong>dum</strong></span> <span class='ocrx_word' id='word_1_46' title='bbox 221 875 382 910; x_wconf 71' lang='lat' dir='ltr'><strong>abessent</strong></span> <span class='ocrx_word' id='word_1_47' title='bbox 408 872 510 907; x_wconf 78' lang='lat' dir='ltr'><strong>domo</strong></span> <span class='ocrx_word' id='word_1_48' title='bbox 538 874 599 919; x_wconf 81' lang='lat' dir='ltr'><strong>qui</strong></span> <span class='ocrx_word' id='word_1_49' title='bbox 621 872 799 920; x_wconf 70' lang='lat' dir='ltr'><strong>stipendia</strong></span> <span class='ocrx_word' id='word_1_50' title='bbox 828 880 960 911; x_wconf 82' lang='lat' dir='ltr'><strong>merent</strong></span> <span class='ocrx_word' id='word_1_51' title='bbox 988 875 1086 923; x_wconf 81' lang='lat' dir='ltr'><strong>agris</strong></span> <span class='ocrx_word' id='word_1_52' title='bbox 1111 889 1234 914; x_wconf 82' lang='lat' dir='ltr'><strong>eorum</strong></span> <span class='ocrx_word' id='word_1_53' title='bbox 1258 883 1418 923; x_wconf 80' lang='lat' dir='ltr'><strong>parentes</strong></span> <span class='ocrx_word' id='word_1_54' title='bbox 1440 884 1502 917; x_wconf 81' lang='lat' dir='ltr'><strong>aut</strong></span> 
     </span>
     <span class='ocr_line' id='line_1_9' title="bbox 107 933 1501 985; baseline 0.003 -13"><span class='ocrx_word' id='word_1_55' title='bbox 107 939 236 974; x_wconf 71' lang='lat' dir='ltr'><strong>liberos</strong></span> <span class='ocrx_word' id='word_1_56' title='bbox 267 948 290 972; x_wconf 83' lang='lat' dir='ltr'><strong>a</strong></span> <span class='ocrx_word' id='word_1_57' title='bbox 321 933 575 980; x_wconf 79' lang='lat' dir='ltr'><strong>potentioribus</strong></span> <span class='ocrx_word' id='word_1_58' title='bbox 609 935 719 970; x_wconf 77' lang='lat' dir='ltr'><strong>fuisse</strong></span> <span class='ocrx_word' id='word_1_59' title='bbox 748 936 918 981; x_wconf 84' lang='lat' dir='ltr'><strong>spoliatos</strong></span> <span class='ocrx_word' id='word_1_60' title='bbox 950 938 1160 984; x_wconf 86' lang='lat' dir='ltr'><strong>sedibusque</strong></span> <span class='ocrx_word' id='word_1_61' title='bbox 1193 941 1327 985; x_wconf 84' lang='lat' dir='ltr'><strong>pulsos,</strong></span> <span class='ocrx_word' id='word_1_62' title='bbox 1361 941 1501 977; x_wconf 86' lang='lat' dir='ltr'><strong>nemine</strong></span> 
     </span>
     <span class='ocr_line' id='line_1_10' title="bbox 105 995 1500 1038; baseline 0.004 -5"><span class='ocrx_word' id='word_1_63' title='bbox 105 998 240 1035; x_wconf 81' lang='lat' dir='ltr'><strong>scilicet</strong></span> <span class='ocrx_word' id='word_1_64' title='bbox 259 995 427 1032; x_wconf 79' lang='lat' dir='ltr'><strong>iniuriam</strong></span> <span class='ocrx_word' id='word_1_65' title='bbox 450 999 601 1030; x_wconf 80' lang='lat' dir='ltr'><strong>arcente.</strong></span> <span class='ocrx_word' id='word_1_66' title='bbox 646 997 900 1032; x_wconf 80' lang='lat' dir='ltr'><strong>Detestabilem</strong></span> <span class='ocrx_word' id='word_1_67' title='bbox 913 1009 1048 1034; x_wconf 84' lang='lat' dir='ltr'><strong>morem</strong></span> <span class='ocrx_word' id='word_1_68' title='bbox 1067 1005 1240 1036; x_wconf 84' lang='lat' dir='ltr'><strong>memorat</strong></span> <span class='ocrx_word' id='word_1_69' title='bbox 1254 1006 1378 1037; x_wconf 80' lang='lat' dir='ltr'><strong>auctor</strong></span> <span class='ocrx_word' id='word_1_70' title='bbox 1393 1003 1500 1038; x_wconf 87' lang='lat' dir='ltr'><strong>etiam</strong></span> 
     </span>
     <span class='ocr_line' id='line_1_11' title="bbox 105 1055 1499 1110; baseline 0.005 -18"><span class='ocrx_word' id='word_1_71' title='bbox 105 1061 143 1096; x_wconf 77' lang='lat' dir='ltr'><strong>in</strong></span> <span class='ocrx_word' id='word_1_72' title='bbox 163 1060 353 1105; x_wconf 74' lang='lat' dir='ltr'><strong>Fregmm.</strong></span> <span class='ocrx_word' id='word_1_73' title='bbox 372 1055 467 1092; x_wconf 76' lang='lat' dir='ltr'><strong>nist.</strong></span> <span class='ocrx_word' id='word_1_74' title='bbox 489 1057 524 1098; x_wconf 89' lang='lat'><strong>1,</strong></span> <span class='ocrx_word' id='word_1_75' title='bbox 547 1056 583 1091; x_wconf 85' lang='lat'><strong>8.</strong></span> <span class='ocrx_word' id='word_1_76' title='bbox 607 1067 649 1091; x_wconf 90' lang='lat' dir='ltr'><strong>ac</strong></span> <span class='ocrx_word' id='word_1_77' title='bbox 671 1062 813 1102; x_wconf 79' lang='lat' dir='ltr'><strong>praeter</strong></span> <span class='ocrx_word' id='word_1_78' title='bbox 840 1058 941 1093; x_wconf 87' lang='lat' dir='ltr'><strong>illum</strong></span> <span class='ocrx_word' id='word_1_79' title='bbox 966 1060 1091 1096; x_wconf 82' lang='lat' dir='ltr'><strong>Horat.</strong></span> <span class='ocrx_word' id='word_1_80' title='bbox 1112 1061 1177 1097; x_wconf 80' lang='lat' dir='ltr'><strong>od.</strong></span> <span class='ocrx_word' id='word_1_81' title='bbox 1201 1062 1250 1103; x_wconf 91' lang='lat'><strong>11,</strong></span> <span class='ocrx_word' id='word_1_82' title='bbox 1274 1062 1340 1106; x_wconf 89' lang='grc'><strong>18,</strong></span> <span class='ocrx_word' id='word_1_83' title='bbox 1368 1063 1414 1098; x_wconf 84' lang='grc'><strong>23</strong></span> <span class='ocrx_word' id='word_1_84' title='bbox 1423 1077 1499 1110; x_wconf 81' lang='lat' dir='ltr'><strong>sqq.</strong></span> 
     </span>
     <span class='ocr_line' id='line_1_12' title="bbox 101 1117 1497 1166; baseline 0.006 -13"><span class='ocrx_word' id='word_1_85' title='bbox 101 1120 251 1166; x_wconf 76' lang='lat' dir='ltr'><strong>Appian.</strong></span> <span class='ocrx_word' id='word_1_86' title='bbox 282 1119 326 1153; x_wconf 85' lang='lat' dir='ltr'><strong>de</strong></span> <span class='ocrx_word' id='word_1_87' title='bbox 348 1118 392 1153; x_wconf 85' lang='grc' dir='ltr'><strong>Β.</strong></span> <span class='ocrx_word' id='word_1_88' title='bbox 417 1118 457 1154; x_wconf 86' lang='lat' dir='ltr'><strong>C.</strong></span> <span class='ocrx_word' id='word_1_89' title='bbox 481 1118 510 1153; x_wconf 87' lang='lat'><strong>1.</strong></span> <span class='ocrx_word' id='word_1_90' title='bbox 538 1130 575 1162; x_wconf 85' lang='lat' dir='ltr'><strong>p.</strong></span> <span class='ocrx_word' id='word_1_91' title='bbox 598 1117 690 1161; x_wconf 77' lang='lat'><strong>853,</strong></span> <span class='ocrx_word' id='word_1_92' title='bbox 713 1119 756 1152; x_wconf 83' lang='lat'><strong>1).</strong></span> <span class='ocrx_word' id='word_1_93' title='bbox 789 1118 844 1153; x_wconf 83' lang='lat' dir='ltr'><strong>ed.</strong></span> <span class='ocrx_word' id='word_1_94' title='bbox 876 1119 926 1154; x_wconf 83' lang='grc' dir='ltr'><strong>Η.</strong></span> <span class='ocrx_word' id='word_1_95' title='bbox 949 1119 1075 1166; x_wconf 85' lang='lat' dir='ltr'><strong>Steph.</strong></span> <span class='ocrx_word' id='word_1_96' title='bbox 1099 1133 1134 1156; x_wconf 83' lang='lat' dir='ltr'><strong>v.</strong></span> <span class='ocrx_word' id='word_1_97' title='bbox 1164 1123 1298 1158; x_wconf 74' lang='lat' dir='ltr'><strong>Duker.</strong></span> <span class='ocrx_word' id='word_1_98' title='bbox 1330 1124 1378 1159; x_wconf 76' lang='lat' dir='ltr'><strong>ad</strong></span> <span class='ocrx_word' id='word_1_99' title='bbox 1399 1125 1497 1162; x_wconf 78' lang='lat' dir='ltr'><strong>Flor.</strong></span> 
     </span>
     <span class='ocr_line' id='line_1_13' title="bbox 102 1178 1499 1231; baseline 0.004 -17"><span class='ocrx_word' id='word_1_100' title='bbox 102 1181 175 1227; x_wconf 84' lang='lat'>111,</span> <span class='ocrx_word' id='word_1_101' title='bbox 199 1179 267 1223; x_wconf 68' lang='grc' dir='ltr'><strong>Μ,</strong></span> <span class='ocrx_word' id='word_1_102' title='bbox 288 1178 325 1215; x_wconf 79' lang='grc'><strong>3.</strong></span> <span class='ocrx_word' id='word_1_103' title='bbox 349 1182 385 1214; x_wconf 86' lang='lat' dir='ltr'><strong>et</strong></span> <span class='ocrx_word' id='word_1_104' title='bbox 408 1179 605 1214; x_wconf 83' lang='lat' dir='ltr'><strong>Gernhard.</strong></span> <span class='ocrx_word' id='word_1_105' title='bbox 628 1180 672 1214; x_wconf 87' lang='lat' dir='ltr'><strong>ad</strong></span> <span class='ocrx_word' id='word_1_106' title='bbox 697 1179 769 1214; x_wconf 90' lang='lat' dir='ltr'><strong>Cic.</strong></span> <span class='ocrx_word' id='word_1_107' title='bbox 795 1180 923 1214; x_wconf 77' lang='lat' dir='ltr'><strong>Parad.</strong></span> <span class='ocrx_word' id='word_1_108' title='bbox 947 1181 1074 1231; x_wconf 32' lang='lat' dir='ltr'><strong>vl„2,</strong></span> <span class='ocrx_word' id='word_1_109' title='bbox 1097 1182 1155 1218; x_wconf 72' lang='lat'><strong>46.</strong></span> <span class='ocrx_word' id='word_1_110' title='bbox 1179 1195 1214 1228; x_wconf 83' lang='lat' dir='ltr'><strong>p.</strong></span> <span class='ocrx_word' id='word_1_111' title='bbox 1238 1184 1319 1220; x_wconf 54' lang='lat' dir='ltr'><strong>W.</strong></span> <span class='ocrx_word' id='word_1_112' title='bbox 1342 1186 1499 1223; x_wconf 79' lang='lat' dir='ltr'><strong>Sallustii</strong></span> 
     </span>
     <span class='ocr_line' id='line_1_14' title="bbox 102 1239 1498 1287; baseline 0.005 -10"><span class='ocrx_word' id='word_1_113' title='bbox 102 1242 212 1277; x_wconf 71' lang='lat' dir='ltr'><strong>verbs</strong></span> <span class='ocrx_word' id='word_1_114' title='bbox 232 1239 393 1275; x_wconf 76' lang='lat' dir='ltr'><strong>imitetur</strong></span> <span class='ocrx_word' id='word_1_115' title='bbox 414 1243 476 1275; x_wconf 81' lang='lat' dir='ltr'><strong>aut</strong></span> <span class='ocrx_word' id='word_1_116' title='bbox 500 1244 594 1275; x_wconf 84' lang='lat' dir='ltr'><strong>certe</strong></span> <span class='ocrx_word' id='word_1_117' title='bbox 616 1240 761 1287; x_wconf 76' lang='lat' dir='ltr'><strong>egregie</strong></span> <span class='ocrx_word' id='word_1_118' title='bbox 784 1239 939 1276; x_wconf 83' lang='lat' dir='ltr'><strong>illustrat</strong></span> <span class='ocrx_word' id='word_1_119' title='bbox 960 1242 1140 1278; x_wconf 78' lang='lat' dir='ltr'><strong>Plutarch.</strong></span> <span class='ocrx_word' id='word_1_120' title='bbox 1160 1245 1224 1280; x_wconf 83' lang='lat' dir='ltr'><strong>vit.</strong></span> <span class='ocrx_word' id='word_1_121' title='bbox 1242 1245 1325 1285; x_wconf 85' lang='lat' dir='ltr'><strong>Tib.</strong></span> <span class='ocrx_word' id='word_1_122' title='bbox 1343 1247 1498 1284; x_wconf 76' lang='lat' dir='ltr'><strong>Gracchi</strong></span> 
     </span>
     <span class='ocr_line' id='line_1_15' title="bbox 101 1301 1497 1354; baseline 0.005 -16"><span class='ocrx_word' id='word_1_123' title='bbox 101 1313 134 1338; x_wconf 90' lang='lat' dir='ltr'><strong>c.</strong></span> <span class='ocrx_word' id='word_1_124' title='bbox 148 1301 184 1344; x_wconf 74' lang='lat'><strong>9,</strong></span> <span class='ocrx_word' id='word_1_125' title='bbox 208 1314 243 1348; x_wconf 85' lang='lat' dir='ltr'><strong>p.</strong></span> <span class='ocrx_word' id='word_1_126' title='bbox 265 1301 357 1337; x_wconf 81' lang='lat' dir='ltr'><strong>med.</strong></span> <span class='ocrx_word' id='word_1_127' title='bbox 383 1301 548 1336; x_wconf 78' lang='lat' dir='ltr'><strong>Ceterm</strong></span> <span class='ocrx_word' id='word_1_128' title='bbox 570 1302 666 1347; x_wconf 84' lang='lat' dir='ltr'><strong>quod</strong></span> <span class='ocrx_word' id='word_1_129' title='bbox 687 1301 880 1336; x_wconf 76' lang='lat' dir='ltr'>Muellerus</span> <span class='ocrx_word' id='word_1_130' title='bbox 902 1301 1009 1337; x_wconf 83' lang='lat' dir='ltr'><strong>etiam</strong></span> <span class='ocrx_word' id='word_1_131' title='bbox 1033 1304 1176 1339; x_wconf 87' lang='lat' dir='ltr'><strong>coniicit</strong></span> <span class='ocrx_word' id='word_1_132' title='bbox 1199 1305 1410 1343; x_wconf 73' lang='lat' dir='ltr'><strong>Sallustium</strong></span> <span class='ocrx_word' id='word_1_133' title='bbox 1432 1321 1497 1354; x_wconf 86' lang='lat' dir='ltr'><strong>pro</strong></span> 
     </span>
     <span class='ocr_line' id='line_1_16' title="bbox 99 1362 1496 1414; baseline 0.003 -15"><span class='ocrx_word' id='word_1_134' title='bbox 99 1363 249 1399; x_wconf 67' lang='lat' dir='ltr'><strong>militum</strong></span> <span class='ocrx_word' id='word_1_135' title='bbox 270 1363 420 1397; x_wconf 54' lang='lat' dir='ltr'><strong>rorasse</strong></span> <span class='ocrx_word' id='word_1_136' title='bbox 441 1362 621 1407; x_wconf 73' lang='lat' dir='ltr'><strong>scripsisse</strong></span> <span class='ocrx_word' id='word_1_137' title='bbox 643 1362 879 1404; x_wconf 73' lang='lat' dir='ltr'><strong>humiliorum,</strong></span> <span class='ocrx_word' id='word_1_138' title='bbox 902 1363 984 1407; x_wconf 84' lang='lat' dir='ltr'><strong>qnia</strong></span> <span class='ocrx_word' id='word_1_139' title='bbox 1007 1363 1138 1399; x_wconf 82' lang='lat' dir='ltr'><strong>Caesar</strong></span> <span class='ocrx_word' id='word_1_140' title='bbox 1159 1366 1203 1402; x_wconf 92' lang='lat' dir='ltr'><strong>B.</strong></span> <span class='ocrx_word' id='word_1_141' title='bbox 1228 1368 1272 1403; x_wconf 87' lang='lat' dir='ltr'><strong>G.</strong></span> <span class='ocrx_word' id='word_1_142' title='bbox 1297 1370 1354 1412; x_wconf 81' lang='lat' dir='ltr'><strong>vl,</strong></span> <span class='ocrx_word' id='word_1_143' title='bbox 1378 1369 1437 1414; x_wconf 79' lang='grc'><strong>22,</strong></span> <span class='ocrx_word' id='word_1_144' title='bbox 1461 1371 1496 1409; x_wconf 83' lang='grc'><strong>3,</strong></span> 
     </span>
     <span class='ocr_line' id='line_1_17' title="bbox 98 1422 1496 1476; baseline 0.001 -17"><span class='ocrx_word' id='word_1_145' title='bbox 98 1423 215 1466; x_wconf 84' lang='lat' dir='ltr'><strong>dicat,</strong></span> <span class='ocrx_word' id='word_1_146' title='bbox 249 1423 445 1458; x_wconf 74' lang='lat' dir='ltr'><strong>Germanos</strong></span> <span class='ocrx_word' id='word_1_147' title='bbox 471 1435 542 1458; x_wconf 87' lang='lat' dir='ltr'><strong>uon</strong></span> <span class='ocrx_word' id='word_1_148' title='bbox 571 1424 706 1458; x_wconf 82' lang='lat' dir='ltr'><strong>habere</strong></span> <span class='ocrx_word' id='word_1_149' title='bbox 739 1422 820 1468; x_wconf 80' lang='lat' dir='ltr'><strong>agri</strong></span> <span class='ocrx_word' id='word_1_150' title='bbox 850 1425 996 1458; x_wconf 87' lang='lat' dir='ltr'><strong>modum</strong></span> <span class='ocrx_word' id='word_1_151' title='bbox 1028 1430 1182 1469; x_wconf 76' lang='lat' dir='ltr'><strong>cettum,</strong></span> <span class='ocrx_word' id='word_1_152' title='bbox 1217 1441 1261 1464; x_wconf 72' lang='lat' dir='ltr'><strong>ne</strong></span> <span class='ocrx_word' id='word_1_153' title='bbox 1280 1433 1496 1476; x_wconf 65' lang='lat' dir='ltr'><strong>potentior„</strong></span> 
     </span>
     <span class='ocr_line' id='line_1_18' title="bbox 99 1485 1494 1537; baseline 0.004 -16"><span class='ocrx_word' id='word_1_154' title='bbox 99 1485 372 1521; x_wconf 66' lang='lat' dir='ltr'><strong>humiliores</strong></span> <span class='ocrx_word' id='word_1_155' title='bbox 401 1485 671 1530; x_wconf 68' lang='lat' dir='ltr'><strong>possessionibus</strong></span> <span class='ocrx_word' id='word_1_156' title='bbox 703 1486 898 1529; x_wconf 77' lang='lat' dir='ltr'><strong>expellant,</strong></span> <span class='ocrx_word' id='word_1_157' title='bbox 938 1485 1028 1520; x_wconf 86' lang='lat' dir='ltr'><strong>nihil</strong></span> <span class='ocrx_word' id='word_1_158' title='bbox 1067 1487 1208 1523; x_wconf 88' lang='lat' dir='ltr'><strong>omnino</strong></span> <span class='ocrx_word' id='word_1_159' title='bbox 1239 1489 1397 1536; x_wconf 85' lang='lat' dir='ltr'><strong>ineptum</strong></span> <span class='ocrx_word' id='word_1_160' title='bbox 1430 1497 1494 1537; x_wconf 71' lang='lat' dir='ltr'><strong>est,</strong></span> 
     </span>
     <span class='ocr_line' id='line_1_19' title="bbox 99 1544 1494 1593; baseline 0.004 -10"><span class='ocrx_word' id='word_1_161' title='bbox 99 1545 168 1582; x_wconf 76' lang='lat' dir='ltr'><strong>nisi</strong></span> <span class='ocrx_word' id='word_1_162' title='bbox 189 1546 260 1582; x_wconf 87' lang='lat' dir='ltr'><strong>hoc</strong></span> <span class='ocrx_word' id='word_1_163' title='bbox 281 1548 336 1580; x_wconf 80' lang='lat' dir='ltr'><strong>est</strong></span> <span class='ocrx_word' id='word_1_164' title='bbox 355 1544 514 1590; x_wconf 83' lang='lat' dir='ltr'><strong>ineptire.</strong></span> <span class='ocrx_word' id='word_1_165' title='bbox 537 1565 584 1571; x_wconf 91' lang='grc'><strong>-</strong></span> <span class='ocrx_word' id='word_1_166' title='bbox 609 1546 808 1581; x_wconf 79' lang='lat' dir='ltr'><strong>Potentiam</strong></span> <span class='ocrx_word' id='word_1_167' title='bbox 832 1558 984 1593; x_wconf 77' lang='lat' dir='ltr'><strong>magnae</strong></span> <span class='ocrx_word' id='word_1_168' title='bbox 1006 1547 1160 1583; x_wconf 83' lang='lat' dir='ltr'><strong>invidiae</strong></span> <span class='ocrx_word' id='word_1_169' title='bbox 1182 1552 1396 1587; x_wconf 82' lang='lat' dir='ltr'><strong>vocabulum</strong></span> <span class='ocrx_word' id='word_1_170' title='bbox 1418 1566 1494 1589; x_wconf 81' lang='lat' dir='ltr'><strong>esse</strong></span> 
     </span>
     <span class='ocr_line' id='line_1_20' title="bbox 98 1605 1493 1663; baseline 0.004 -21"><span class='ocrx_word' id='word_1_171' title='bbox 98 1611 194 1653; x_wconf 74' lang='lat' dir='ltr'><strong>patet</strong></span> <span class='ocrx_word' id='word_1_172' title='bbox 215 1617 258 1643; x_wconf 82' lang='lat' dir='ltr'><strong>ex</strong></span> <span class='ocrx_word' id='word_1_173' title='bbox 277 1605 452 1642; x_wconf 79' lang='lat' dir='ltr'><strong>annotatis</strong></span> <span class='ocrx_word' id='word_1_174' title='bbox 475 1606 520 1663; x_wconf 73' lang='lat' dir='ltr'><strong>ad</strong></span> <span class='ocrx_word' id='word_1_175' title='bbox 543 1607 648 1649; x_wconf 80' lang='lat' dir='ltr'><strong>Catil.</strong></span> <span class='ocrx_word' id='word_1_176' title='bbox 658 1609 854 1652; x_wconf 79' lang='lat' dir='ltr'>XXXVIII,</span> <span class='ocrx_word' id='word_1_177' title='bbox 879 1610 914 1643; x_wconf 93' lang='lat' dir='ltr'><strong>l.</strong></span> <span class='ocrx_word' id='word_1_178' title='bbox 938 1607 1062 1653; x_wconf 55' lang='lat'><strong>9277,</strong></span> <span class='ocrx_word' id='word_1_179' title='bbox 1088 1613 1123 1644; x_wconf 84' lang='lat' dir='ltr'><strong>et</strong></span> <span class='ocrx_word' id='word_1_180' title='bbox 1145 1610 1191 1644; x_wconf 80' lang='lat' dir='ltr'><strong>ad</strong></span> <span class='ocrx_word' id='word_1_181' title='bbox 1213 1612 1290 1658; x_wconf 87' lang='lat' dir='ltr'><strong>lug.</strong></span> <span class='ocrx_word' id='word_1_182' title='bbox 1308 1614 1371 1656; x_wconf 88' lang='lat'>111,</span> <span class='ocrx_word' id='word_1_183' title='bbox 1395 1615 1430 1651; x_wconf 80' lang='lat'><strong>2.</strong></span> <span class='ocrx_word' id='word_1_184' title='bbox 1446 1635 1493 1642; x_wconf 87' lang='lat'><strong>—</strong></span> 
     </span>
     <span class='ocr_line' id='line_1_21' title="bbox 97 1667 1493 1714; baseline 0.004 -10"><span class='ocrx_word' id='word_1_185' title='bbox 97 1670 153 1704; x_wconf 86' lang='lat' dir='ltr'><strong>De</strong></span> <span class='ocrx_word' id='word_1_186' title='bbox 174 1667 294 1703; x_wconf 77' lang='lat' dir='ltr'><strong>verbis</strong></span> <span class='ocrx_word' id='word_1_187' title='bbox 319 1667 394 1703; x_wconf 78' lang='lat' dir='ltr'><strong>sine</strong></span> <span class='ocrx_word' id='word_1_188' title='bbox 417 1668 517 1703; x_wconf 81' lang='lat' dir='ltr'><strong>modo</strong></span> <span class='ocrx_word' id='word_1_189' title='bbox 541 1668 778 1714; x_wconf 70' lang='lat' dir='ltr'><strong>modestiaque</strong></span> <span class='ocrx_word' id='word_1_190' title='bbox 802 1681 836 1704; x_wconf 88' lang='lat' dir='ltr'><strong>v.</strong></span> <span class='ocrx_word' id='word_1_191' title='bbox 868 1670 914 1704; x_wconf 86' lang='lat' dir='ltr'><strong>ad</strong></span> <span class='ocrx_word' id='word_1_192' title='bbox 938 1669 1041 1704; x_wconf 84' lang='lat' dir='ltr'><strong>Catil.</strong></span> <span class='ocrx_word' id='word_1_193' title='bbox 1065 1669 1137 1713; x_wconf 83' lang='lat' dir='ltr'><strong>xl,</strong></span> <span class='ocrx_word' id='word_1_194' title='bbox 1158 1670 1193 1705; x_wconf 71' lang='lat'><strong>4.</strong></span> <span class='ocrx_word' id='word_1_195' title='bbox 1227 1673 1308 1706; x_wconf 90' lang='lat' dir='ltr'><strong>coll.</strong></span> <span class='ocrx_word' id='word_1_196' title='bbox 1332 1677 1493 1710; x_wconf 79' lang='lat' dir='ltr'><strong>annotat.</strong></span> 
     </span>
     <span class='ocr_line' id='line_1_22' title="bbox 96 1728 1492 1777; baseline -0.004 -11"><span class='ocrx_word' id='word_1_197' title='bbox 96 1730 144 1766; x_wconf 77' lang='lat' dir='ltr'><strong>ad</strong></span> <span class='ocrx_word' id='word_1_198' title='bbox 165 1731 244 1776; x_wconf 79' lang='lat' dir='ltr'><strong>lug.</strong></span> <span class='ocrx_word' id='word_1_199' title='bbox 268 1728 400 1771; x_wconf 78' lang='lat' dir='ltr'><strong>xuv,</strong></span> <span class='ocrx_word' id='word_1_200' title='bbox 422 1728 458 1765; x_wconf 89' lang='lat' dir='ltr'><strong>l.</strong></span> <span class='ocrx_word' id='word_1_201' title='bbox 486 1748 534 1755; x_wconf 89' lang='lat'><strong>-—-</strong></span> <span class='ocrx_word' id='word_1_202' title='bbox 566 1729 668 1764; x_wconf 75' lang='lat' dir='ltr'><strong>Nihil</strong></span> <span class='ocrx_word' id='word_1_203' title='bbox 698 1731 798 1774; x_wconf 68' lang='lat' dir='ltr'><strong>penei</strong></span> <span class='ocrx_word' id='word_1_204' title='bbox 828 1729 956 1774; x_wconf 81' lang='lat' dir='ltr'><strong>explic.</strong></span> <span class='ocrx_word' id='word_1_205' title='bbox 991 1730 1036 1764; x_wconf 81' lang='lat' dir='ltr'><strong>ad</strong></span> <span class='ocrx_word' id='word_1_206' title='bbox 1062 1729 1137 1766; x_wconf 86' lang='lat' dir='ltr'><strong>Cat.</strong></span> <span class='ocrx_word' id='word_1_207' title='bbox 1162 1730 1213 1772; x_wconf 88' lang='lat' dir='ltr'><strong>V,</strong></span> <span class='ocrx_word' id='word_1_208' title='bbox 1238 1731 1273 1766; x_wconf 76' lang='lat'><strong>6.</strong></span> <span class='ocrx_word' id='word_1_209' title='bbox 1305 1745 1339 1777; x_wconf 91' lang='lat' dir='ltr'><strong>p.</strong></span> <span class='ocrx_word' id='word_1_210' title='bbox 1363 1733 1421 1770; x_wconf 77' lang='lat'><strong>3⁰.</strong></span> <span class='ocrx_word' id='word_1_211' title='bbox 1445 1754 1492 1761; x_wconf 76' lang='lat'><strong>.-</strong></span> 
     </span>
     <span class='ocr_line' id='line_1_23' title="bbox 96 1789 1490 1835; baseline 0.002 -7"><span class='ocrx_word' id='word_1_212' title='bbox 96 1793 214 1828; x_wconf 68' lang='lat' dir='ltr'><strong>Samot</strong></span> <span class='ocrx_word' id='word_1_213' title='bbox 235 1789 314 1835; x_wconf 73' lang='lat' dir='ltr'><strong>ipsa</strong></span> <span class='ocrx_word' id='word_1_214' title='bbox 338 1793 452 1824; x_wconf 81' lang='lat' dir='ltr'><strong>exstat</strong></span> <span class='ocrx_word' id='word_1_215' title='bbox 482 1789 519 1824; x_wconf 89' lang='lat' dir='ltr'><strong>in</strong></span> <span class='ocrx_word' id='word_1_216' title='bbox 551 1791 727 1825; x_wconf 81' lang='lat' dir='ltr'><strong>nonnullis</strong></span> <span class='ocrx_word' id='word_1_217' title='bbox 749 1790 851 1824; x_wconf 84' lang='lat' dir='ltr'><strong>Rivii</strong></span> <span class='ocrx_word' id='word_1_218' title='bbox 874 1790 996 1831; x_wconf 82' lang='lat' dir='ltr'><strong>libris,</strong></span> <span class='ocrx_word' id='word_1_219' title='bbox 1030 1790 1172 1825; x_wconf 82' lang='lat' dir='ltr'><strong>Pembr.</strong></span> <span class='ocrx_word' id='word_1_220' title='bbox 1196 1791 1241 1826; x_wconf 86' lang='grc' dir='ltr'><strong>Β.</strong></span> <span class='ocrx_word' id='word_1_221' title='bbox 1265 1793 1368 1828; x_wconf 89' lang='lat' dir='ltr'><strong>Publ.</strong></span> <span class='ocrx_word' id='word_1_222' title='bbox 1393 1795 1490 1831; x_wconf 69' lang='lat' dir='ltr'><strong>[aeid.</strong></span> 
     </span>
     <span class='ocr_line' id='line_1_24' title="bbox 94 1849 1491 1899; baseline 0.001 -11"><span class='ocrx_word' id='word_1_223' title='bbox 94 1851 139 1888; x_wconf 84' lang='grc' dir='ltr'><strong>Δ.</strong></span> <span class='ocrx_word' id='word_1_224' title='bbox 164 1852 207 1887; x_wconf 86' lang='grc' dir='ltr'><strong>Β.</strong></span> <span class='ocrx_word' id='word_1_225' title='bbox 232 1851 270 1886; x_wconf 83' lang='lat' dir='ltr'><strong>G.</strong></span> <span class='ocrx_word' id='word_1_226' title='bbox 291 1851 336 1886; x_wconf 78' lang='grc' dir='ltr'><strong>Ι).</strong></span> <span class='ocrx_word' id='word_1_227' title='bbox 361 1849 406 1884; x_wconf 86' lang='grc' dir='ltr'><strong>Ε.</strong></span> <span class='ocrx_word' id='word_1_228' title='bbox 428 1850 476 1886; x_wconf 81' lang='grc' dir='ltr'><strong>Η.</strong></span> <span class='ocrx_word' id='word_1_229' title='bbox 501 1850 529 1885; x_wconf 86' lang='grc' dir='ltr'><strong>Ι.</strong></span> <span class='ocrx_word' id='word_1_230' title='bbox 555 1851 609 1888; x_wconf 83' lang='grc' dir='ltr'><strong>Μ.</strong></span> <span class='ocrx_word' id='word_1_231' title='bbox 649 1850 763 1886; x_wconf 84' lang='lat' dir='ltr'><strong>Paris.</strong></span> <span class='ocrx_word' id='word_1_232' title='bbox 787 1863 816 1887; x_wconf 81' lang='lat' dir='ltr'><strong>z.</strong></span> <span class='ocrx_word' id='word_1_233' title='bbox 859 1851 979 1887; x_wconf 75' lang='lat' dir='ltr'><strong>Borol.</strong></span> <span class='ocrx_word' id='word_1_234' title='bbox 1003 1850 1036 1885; x_wconf 91' lang='lat' dir='ltr'><strong>l.</strong></span> <span class='ocrx_word' id='word_1_235' title='bbox 1078 1850 1218 1886; x_wconf 85' lang='lat' dir='ltr'><strong>Relicui</strong></span> <span class='ocrx_word' id='word_1_236' title='bbox 1251 1852 1326 1887; x_wconf 74' lang='lat' dir='ltr'><strong>fere</strong></span> <span class='ocrx_word' id='word_1_237' title='bbox 1358 1866 1491 1899; x_wconf 83' lang='lat' dir='ltr'><strong>omnes,</strong></span> 
     </span>
     <span class='ocr_line' id='line_1_25' title="bbox 93 1911 1490 1959; baseline 0.001 -11"><span class='ocrx_word' id='word_1_238' title='bbox 93 1915 264 1959; x_wconf 72' lang='lat' dir='ltr'><strong>quantum</strong></span> <span class='ocrx_word' id='word_1_239' title='bbox 286 1922 332 1946; x_wconf 81' lang='lat' dir='ltr'><strong>ex</strong></span> <span class='ocrx_word' id='word_1_240' title='bbox 355 1911 528 1946; x_wconf 82' lang='lat' dir='ltr'><strong>editorum</strong></span> <span class='ocrx_word' id='word_1_241' title='bbox 551 1912 642 1948; x_wconf 86' lang='lat' dir='ltr'><strong>notis</strong></span> <span class='ocrx_word' id='word_1_242' title='bbox 663 1911 838 1946; x_wconf 74' lang='lat' dir='ltr'><strong>conficere</strong></span> <span class='ocrx_word' id='word_1_243' title='bbox 859 1911 965 1957; x_wconf 89' lang='lat' dir='ltr'><strong>licet,</strong></span> <span class='ocrx_word' id='word_1_244' title='bbox 989 1916 1097 1947; x_wconf 81' lang='lat' dir='ltr'><strong>semet</strong></span> <span class='ocrx_word' id='word_1_245' title='bbox 1119 1913 1231 1956; x_wconf 77' lang='lat' dir='ltr'><strong>ipsam</strong></span> <span class='ocrx_word' id='word_1_246' title='bbox 1256 1917 1414 1958; x_wconf 81' lang='lat' dir='ltr'><strong>tuentur,</strong></span> <span class='ocrx_word' id='word_1_247' title='bbox 1446 1916 1490 1950; x_wconf 89' lang='lat' dir='ltr'><strong>de</strong></span> 
     </span>
     <span class='ocr_line' id='line_1_26' title="bbox 93 1971 1488 2021; baseline 0.001 -11"><span class='ocrx_word' id='word_1_248' title='bbox 93 1985 165 2020; x_wconf 80' lang='lat' dir='ltr'><strong>qua</strong></span> <span class='ocrx_word' id='word_1_249' title='bbox 184 1976 380 2010; x_wconf 81' lang='lat' dir='ltr'><strong>structurae</strong></span> <span class='ocrx_word' id='word_1_250' title='bbox 402 1972 607 2008; x_wconf 81' lang='lat' dir='ltr'><strong>diversitate</strong></span> <span class='ocrx_word' id='word_1_251' title='bbox 629 1971 715 2016; x_wconf 80' lang='lat' dir='ltr'><strong>satis</strong></span> <span class='ocrx_word' id='word_1_252' title='bbox 738 1972 878 2018; x_wconf 79' lang='lat' dir='ltr'><strong>egimus</strong></span> <span class='ocrx_word' id='word_1_253' title='bbox 901 1972 945 2007; x_wconf 79' lang='lat' dir='ltr'><strong>ad</strong></span> <span class='ocrx_word' id='word_1_254' title='bbox 962 1973 1038 2010; x_wconf 78' lang='lat' dir='ltr'><strong>eat.</strong></span> <span class='ocrx_word' id='word_1_255' title='bbox 1051 1973 1132 2016; x_wconf 85' lang='lat' dir='ltr'><strong>XX,</strong></span> <span class='ocrx_word' id='word_1_256' title='bbox 1146 1972 1179 2008; x_wconf 82' lang='lat'><strong>6.</strong></span> <span class='ocrx_word' id='word_1_257' title='bbox 1201 1977 1237 2008; x_wconf 87' lang='lat' dir='ltr'><strong>et</strong></span> <span class='ocrx_word' id='word_1_258' title='bbox 1250 1974 1329 2021; x_wconf 84' lang='lat' dir='ltr'><strong>lug.</strong></span> <span class='ocrx_word' id='word_1_259' title='bbox 1346 1976 1438 2019; x_wconf 80' lang='lat' dir='ltr'>XIV,</span> <span class='ocrx_word' id='word_1_260' title='bbox 1453 1977 1488 2012; x_wconf 76' lang='lat'><strong>4.</strong></span> 
     </span>
     <span class='ocr_line' id='line_1_27' title="bbox 93 2033 847 2077; baseline -0.003 -6"><span class='ocrx_word' id='word_1_261' title='bbox 93 2035 140 2072; x_wconf 65' lang='lat' dir='ltr'><strong>cl.</strong></span> <span class='ocrx_word' id='word_1_262' title='bbox 163 2035 248 2070; x_wconf 75' lang='lat' dir='ltr'><strong>ouo</strong></span> <span class='ocrx_word' id='word_1_263' title='bbox 269 2033 315 2069; x_wconf 80' lang='lat' dir='ltr'><strong>ad</strong></span> <span class='ocrx_word' id='word_1_264' title='bbox 338 2033 412 2068; x_wconf 83' lang='lat' dir='ltr'><strong>cic.</strong></span> <span class='ocrx_word' id='word_1_265' title='bbox 439 2033 483 2067; x_wconf 87' lang='lat' dir='ltr'><strong>de</strong></span> <span class='ocrx_word' id='word_1_266' title='bbox 504 2033 607 2068; x_wconf 77' lang='lat' dir='ltr'><strong>Finn.</strong></span> <span class='ocrx_word' id='word_1_267' title='bbox 631 2033 670 2076; x_wconf 93' lang='lat'><strong>1,</strong></span> <span class='ocrx_word' id='word_1_268' title='bbox 694 2033 762 2077; x_wconf 83' lang='lat'><strong>18,</strong></span> <span class='ocrx_word' id='word_1_269' title='bbox 786 2033 847 2070; x_wconf 81' lang='lat'><strong>58.</strong></span> 
     </span>
    </p>

    <p class='ocr_par' dir='ltr' id='par_1_4' title="bbox 62 2093 1488 2813">
     <span class='ocr_line' id='line_1_28' title="bbox 184 2093 1488 2141; baseline 0.002 -12"><span class='ocrx_word' id='word_1_270' title='bbox 184 2095 221 2141; x_wconf 85' lang='lat'><strong>§.</strong></span> <span class='ocrx_word' id='word_1_271' title='bbox 242 2093 300 2129; x_wconf 79' lang='lat' dir='ltr'><strong>lo.</strong></span> <span class='ocrx_word' id='word_1_272' title='bbox 334 2105 377 2129; x_wconf 71' lang='lat' dir='ltr'><strong>cs·</strong></span> <span class='ocrx_word' id='word_1_273' title='bbox 391 2095 597 2140; x_wconf 51' lang='lat' dir='ltr'><strong>⁴nobilitate]</strong></span> <span class='ocrx_word' id='word_1_274' title='bbox 621 2095 722 2140; x_wconf 71' lang='lat' dir='ltr'><strong>Haec</strong></span> <span class='ocrx_word' id='word_1_275' title='bbox 746 2095 903 2139; x_wconf 79' lang='lat' dir='ltr'><strong>eortius,</strong></span> <span class='ocrx_word' id='word_1_276' title='bbox 935 2098 974 2130; x_wconf 87' lang='lat' dir='ltr'><strong>ut</strong></span> <span class='ocrx_word' id='word_1_277' title='bbox 1000 2094 1121 2140; x_wconf 79' lang='lat' dir='ltr'><strong>spuria</strong></span> <span class='ocrx_word' id='word_1_278' title='bbox 1151 2097 1187 2130; x_wconf 87' lang='lat' dir='ltr'><strong>et</strong></span> <span class='ocrx_word' id='word_1_279' title='bbox 1209 2106 1328 2130; x_wconf 81' lang='lat' dir='ltr'><strong>sensus</strong></span> <span class='ocrx_word' id='word_1_280' title='bbox 1352 2095 1488 2132; x_wconf 89' lang='lat' dir='ltr'><strong>incom-</strong></span> 
     </span>
     <span class='ocr_line' id='line_1_29' title="bbox 93 2154 1487 2202; baseline 0.001 -10"><span class='ocrx_word' id='word_1_281' title='bbox 93 2154 211 2200; x_wconf 78' lang='lat' dir='ltr'><strong>modi,</strong></span> <span class='ocrx_word' id='word_1_282' title='bbox 234 2154 405 2191; x_wconf 79' lang='lat' dir='ltr'><strong>elicienda</strong></span> <span class='ocrx_word' id='word_1_283' title='bbox 428 2155 769 2200; x_wconf 81' lang='lat' dir='ltr'><strong>censet&#39;uncinisque</strong></span> <span class='ocrx_word' id='word_1_284' title='bbox 792 2156 944 2192; x_wconf 85' lang='lat' dir='ltr'><strong>inclusit.</strong></span> <span class='ocrx_word' id='word_1_285' title='bbox 978 2157 1068 2192; x_wconf 84' lang='lat' dir='ltr'><strong>Nam</strong></span> <span class='ocrx_word' id='word_1_286' title='bbox 1092 2157 1184 2202; x_wconf 84' lang='lat' dir='ltr'><strong>quod</strong></span> <span class='ocrx_word' id='word_1_287' title='bbox 1207 2156 1410 2200; x_wconf 82' lang='lat' dir='ltr'><strong>interpretes</strong></span> <span class='ocrx_word' id='word_1_288' title='bbox 1433 2158 1487 2193; x_wconf 79' lang='lat' dir='ltr'><strong>di-</strong></span> 
     </span>
     <span class='ocr_line' id='line_1_30' title="bbox 93 2216 1486 2263; baseline -0.001 -9"><span class='ocrx_word' id='word_1_289' title='bbox 93 2223 186 2261; x_wconf 72' lang='lat' dir='ltr'><strong>cant,</strong></span> <span class='ocrx_word' id='word_1_290' title='bbox 207 2216 325 2252; x_wconf 79' lang='lat' dir='ltr'><strong>verbis</strong></span> <span class='ocrx_word' id='word_1_291' title='bbox 346 2228 388 2251; x_wconf 68' lang='lat' dir='ltr'><strong>ex</strong></span> <span class='ocrx_word' id='word_1_292' title='bbox 410 2217 591 2252; x_wconf 74' lang='lat' dir='ltr'><strong>nobilitate</strong></span> <span class='ocrx_word' id='word_1_293' title='bbox 614 2219 743 2263; x_wconf 78' lang='lat' dir='ltr'><strong>reperti</strong></span> <span class='ocrx_word' id='word_1_294' title='bbox 767 2223 848 2253; x_wconf 78' lang='lat' dir='ltr'><strong>sunt</strong></span> <span class='ocrx_word' id='word_1_295' title='bbox 870 2217 1115 2263; x_wconf 84' lang='lat' dir='ltr'><strong>intelligendos</strong></span> <span class='ocrx_word' id='word_1_296' title='bbox 1137 2229 1213 2252; x_wconf 85' lang='lat' dir='ltr'><strong>esse</strong></span> <span class='ocrx_word' id='word_1_297' title='bbox 1240 2218 1424 2261; x_wconf 79' lang='lat' dir='ltr'><strong>Gracchos,</strong></span> <span class='ocrx_word' id='word_1_298' title='bbox 1450 2218 1486 2253; x_wconf 86' lang='lat' dir='ltr'><strong>id</strong></span> 
     </span>
     <span class='ocr_line' id='line_1_31' title="bbox 90 2276 1486 2325; baseline -0.001 -10"><span class='ocrx_word' id='word_1_299' title='bbox 90 2276 161 2315; x_wconf 81' lang='lat' dir='ltr'><strong>non</strong></span> <span class='ocrx_word' id='word_1_300' title='bbox 182 2290 285 2325; x_wconf 81' lang='lat' dir='ltr'><strong>posse</strong></span> <span class='ocrx_word' id='word_1_301' title='bbox 304 2277 396 2320; x_wconf 74' lang='lat' dir='ltr'><strong>fleri,</strong></span> <span class='ocrx_word' id='word_1_302' title='bbox 415 2288 526 2322; x_wconf 79' lang='lat' dir='ltr'><strong>quum</strong></span> <span class='ocrx_word' id='word_1_303' title='bbox 549 2282 673 2312; x_wconf 81' lang='lat' dir='ltr'><strong>auctor</strong></span> <span class='ocrx_word' id='word_1_304' title='bbox 695 2283 767 2314; x_wconf 76' lang='lat' dir='ltr'><strong>t‘oto</strong></span> <span class='ocrx_word' id='word_1_305' title='bbox 792 2279 954 2314; x_wconf 90' lang='lat' dir='ltr'><strong>hocloco</strong></span> <span class='ocrx_word' id='word_1_306' title='bbox 969 2278 1190 2313; x_wconf 82' lang='lat' dir='ltr'><strong>nobilitatem</strong></span> <span class='ocrx_word' id='word_1_307' title='bbox 1206 2285 1357 2322; x_wconf 83' lang='lat' dir='ltr'><strong>opponat</strong></span> <span class='ocrx_word' id='word_1_308' title='bbox 1374 2279 1486 2314; x_wconf 84' lang='lat' dir='ltr'><strong>Grac-</strong></span> 
     </span>
     <span class='ocr_line' id='line_1_32' title="bbox 91 2337 1483 2389; baseline -0.001 -12"><span class='ocrx_word' id='word_1_309' title='bbox 91 2340 168 2377; x_wconf 78' lang='lat' dir='ltr'><strong>chis</strong></span> <span class='ocrx_word' id='word_1_310' title='bbox 189 2337 432 2389; x_wconf 66' lang='lat' dir='ltr'><strong>atquephbi,</strong></span> <span class='ocrx_word' id='word_1_311' title='bbox 467 2349 578 2382; x_wconf 87' lang='lat' dir='ltr'><strong>neque</strong></span> <span class='ocrx_word' id='word_1_312' title='bbox 610 2339 723 2374; x_wconf 88' lang='lat' dir='ltr'><strong>ullum</strong></span> <span class='ocrx_word' id='word_1_313' title='bbox 754 2339 943 2374; x_wconf 85' lang='lat' dir='ltr'><strong>sententiae</strong></span> <span class='ocrx_word' id='word_1_314' title='bbox 966 2339 1100 2383; x_wconf 84' lang='lat' dir='ltr'><strong>pondus</strong></span> <span class='ocrx_word' id='word_1_315' title='bbox 1123 2338 1158 2372; x_wconf 91' lang='lat' dir='ltr'><strong>in</strong></span> <span class='ocrx_word' id='word_1_316' title='bbox 1182 2350 1224 2373; x_wconf 89' lang='lat' dir='ltr'><strong>eo</strong></span> <span class='ocrx_word' id='word_1_317' title='bbox 1247 2340 1399 2384; x_wconf 81' lang='lat' dir='ltr'><strong>positum</strong></span> <span class='ocrx_word' id='word_1_318' title='bbox 1425 2340 1483 2385; x_wconf 84' lang='lat' dir='ltr'><strong>sit,</strong></span> 
     </span>
     <span class='ocr_line' id='line_1_33' title="bbox 90 2398 1483 2447; baseline -0.001 -10"><span class='ocrx_word' id='word_1_319' title='bbox 90 2402 193 2447; x_wconf 64' lang='lat' dir='ltr'><strong>quod!</strong></span> <span class='ocrx_word' id='word_1_320' title='bbox 208 2401 263 2436; x_wconf 85' lang='lat' dir='ltr'><strong>illi</strong></span> <span class='ocrx_word' id='word_1_321' title='bbox 287 2398 416 2434; x_wconf 75' lang='lat' dir='ltr'><strong>fuerint</strong></span> <span class='ocrx_word' id='word_1_322' title='bbox 441 2410 482 2433; x_wconf 73' lang='lat' dir='ltr'><strong>ex</strong></span> <span class='ocrx_word' id='word_1_323' title='bbox 501 2399 694 2441; x_wconf 76' lang='lat' dir='ltr'><strong>nobilitate,</strong></span> <span class='ocrx_word' id='word_1_324' title='bbox 717 2400 776 2433; x_wconf 87' lang='lat' dir='ltr'><strong>sed</strong></span> <span class='ocrx_word' id='word_1_325' title='bbox 801 2402 892 2443; x_wconf 87' lang='lat' dir='ltr'><strong>quod</strong></span> <span class='ocrx_word' id='word_1_326' title='bbox 913 2411 1035 2434; x_wconf 84' lang='lat' dir='ltr'><strong>veram</strong></span> <span class='ocrx_word' id='word_1_327' title='bbox 1058 2399 1212 2444; x_wconf 80' lang='lat' dir='ltr'><strong>gloriam</strong></span> <span class='ocrx_word' id='word_1_328' title='bbox 1237 2401 1483 2445; x_wconf 80' lang='lat' dir='ltr'><strong>quaesiverint,</strong></span> 
     </span>
     <span class='ocr_line' id='line_1_34' title="bbox 62 2452 1483 2508; baseline 0 -11"><span class='ocrx_word' id='word_1_329' title='bbox 62 2452 65 2454; x_wconf 42' lang='grc'><strong>’</strong></span> <span class='ocrx_word' id='word_1_330' title='bbox 89 2463 298 2508; x_wconf 75' lang='lat' dir='ltr'><strong>plebemque</strong></span> <span class='ocrx_word' id='word_1_331' title='bbox 319 2459 356 2494; x_wconf 89' lang='lat' dir='ltr'><strong>in</strong></span> <span class='ocrx_word' id='word_1_332' title='bbox 379 2459 578 2494; x_wconf 80' lang='lat' dir='ltr'><strong>libertatem</strong></span> <span class='ocrx_word' id='word_1_333' title='bbox 603 2460 865 2496; x_wconf 72' lang='lat' dir='ltr'><strong>vindicaverint.</strong></span> <span class='ocrx_word' id='word_1_334' title='bbox 912 2462 1012 2495; x_wconf 77' lang='lat' dir='ltr'><strong>Haec</strong></span> <span class='ocrx_word' id='word_1_335' title='bbox 1037 2466 1075 2494; x_wconf 87' lang='lat' dir='ltr'><strong>ut</strong></span> <span class='ocrx_word' id='word_1_336' title='bbox 1096 2461 1252 2504; x_wconf 82' lang='lat' dir='ltr'><strong>speciosa</strong></span> <span class='ocrx_word' id='word_1_337' title='bbox 1275 2467 1363 2506; x_wconf 84' lang='lat' dir='ltr'><strong>sunt,</strong></span> <span class='ocrx_word' id='word_1_338' title='bbox 1388 2463 1437 2496; x_wconf 86' lang='lat' dir='ltr'><strong>ita</strong></span> <span class='ocrx_word' id='word_1_339' title='bbox 1461 2474 1483 2497; x_wconf 92' lang='lat' dir='ltr'><strong>a</strong></span> 
     </span>
     <span class='ocr_line' id='line_1_35' title="bbox 90 2521 1481 2567; baseline 0 -9"><span class='ocrx_word' id='word_1_340' title='bbox 90 2522 236 2558; x_wconf 70' lang='lat' dir='ltr'><strong>veritate</strong></span> <span class='ocrx_word' id='word_1_341' title='bbox 264 2524 344 2557; x_wconf 81' lang='lat' dir='ltr'><strong>subt</strong></span> <span class='ocrx_word' id='word_1_342' title='bbox 375 2521 601 2556; x_wconf 77' lang='lat' dir='ltr'><strong>alienissima.</strong></span> <span class='ocrx_word' id='word_1_343' title='bbox 648 2522 738 2556; x_wconf 83' lang='lat' dir='ltr'><strong>Nam</strong></span> <span class='ocrx_word' id='word_1_344' title='bbox 765 2534 873 2567; x_wconf 85' lang='lat' dir='ltr'><strong>quum</strong></span> <span class='ocrx_word' id='word_1_345' title='bbox 906 2523 1038 2556; x_wconf 78' lang='lat' dir='ltr'><strong>iniusta</strong></span> <span class='ocrx_word' id='word_1_346' title='bbox 1057 2522 1216 2566; x_wconf 73' lang='lat' dir='ltr'><strong>potentia</strong></span> <span class='ocrx_word' id='word_1_347' title='bbox 1241 2524 1481 2558; x_wconf 84' lang='lat' dir='ltr'><strong>tantummodo</strong></span> 
     </span>
     <span class='ocr_line' id='line_1_36' title="bbox 89 2571 1481 2631; baseline 0 -13"><span class='ocrx_word' id='word_1_348' title='bbox 89 2584 260 2631; x_wconf 67' lang='lat' dir='ltr'><strong>nobilium¹</strong></span> <span class='ocrx_word' id='word_1_349' title='bbox 284 2586 394 2625; x_wconf 78' lang='lat' dir='ltr'><strong>esset,</strong></span> <span class='ocrx_word' id='word_1_350' title='bbox 426 2594 494 2616; x_wconf 90' lang='lat' dir='ltr'><strong>non</strong></span> <span class='ocrx_word' id='word_1_351' title='bbox 527 2588 670 2627; x_wconf 79' lang='lat' dir='ltr'><strong>possunt</strong></span> <span class='ocrx_word' id='word_1_352' title='bbox 700 2584 860 2617; x_wconf 80' lang='lat' dir='ltr'><strong>homines</strong></span> <span class='ocrx_word' id='word_1_353' title='bbox 885 2585 928 2617; x_wconf 82' lang='lat' dir='ltr'><strong>de</strong></span> <span class='ocrx_word' id='word_1_354' title='bbox 956 2583 1056 2628; x_wconf 81' lang='lat' dir='ltr'><strong>plebe</strong></span> <span class='ocrx_word' id='word_1_355' title='bbox 1078 2582 1136 2616; x_wconf 79' lang='lat' dir='ltr'><strong>isti</strong></span> <span class='ocrx_word' id='word_1_356' title='bbox 1160 2571 1335 2626; x_wconf 82' lang='lat' dir='ltr'><strong>potentiae</strong></span> <span class='ocrx_word' id='word_1_357' title='bbox 1358 2595 1481 2618; x_wconf 79' lang='lat' dir='ltr'><strong>veram</strong></span> 
     </span>
     <span class='ocr_line' id='line_1_37' title="bbox 89 2643 1480 2690; baseline 0.001 -12"><span class='ocrx_word' id='word_1_358' title='bbox 89 2645 240 2690; x_wconf 76' lang='lat' dir='ltr'><strong>gloriam</strong></span> <span class='ocrx_word' id='word_1_359' title='bbox 264 2643 512 2687; x_wconf 78' lang='lat' dir='ltr'><strong>anteposuisse.</strong></span> <span class='ocrx_word' id='word_1_360' title='bbox 560 2643 630 2678; x_wconf 86' lang='lat' dir='ltr'><strong>Sed</strong></span> <span class='ocrx_word' id='word_1_361' title='bbox 661 2644 829 2678; x_wconf 75' lang='lat' dir='ltr'><strong>nobilibus</strong></span> <span class='ocrx_word' id='word_1_362' title='bbox 851 2644 920 2677; x_wconf 84' lang='lat' dir='ltr'><strong>hoc</strong></span> <span class='ocrx_word' id='word_1_363' title='bbox 942 2643 1049 2681; x_wconf 82' lang='lat' dir='ltr'><strong>tribui</strong></span> <span class='ocrx_word' id='word_1_364' title='bbox 1071 2644 1174 2687; x_wconf 78' lang='lat' dir='ltr'><strong>plane</strong></span> <span class='ocrx_word' id='word_1_365' title='bbox 1198 2644 1360 2679; x_wconf 80' lang='lat' dir='ltr'><strong>evincunt</strong></span> <span class='ocrx_word' id='word_1_366' title='bbox 1383 2651 1480 2679; x_wconf 82' lang='lat' dir='ltr'><strong>ante-</strong></span> 
     </span>
     <span class='ocr_line' id='line_1_38' title="bbox 88 2704 1479 2751; baseline -0.001 -11"><span class='ocrx_word' id='word_1_367' title='bbox 88 2715 211 2751; x_wconf 72' lang='lat' dir='ltr'><strong>gressa</strong></span> <span class='ocrx_word' id='word_1_368' title='bbox 233 2705 391 2740; x_wconf 73' lang='lat' dir='ltr'><strong>Sallustii</strong></span> <span class='ocrx_word' id='word_1_369' title='bbox 413 2706 546 2749; x_wconf 79' lang='lat' dir='ltr'><strong>verba,</strong></span> <span class='ocrx_word' id='word_1_370' title='bbox 571 2705 696 2749; x_wconf 87' lang='lat' dir='ltr'><strong>quibus</strong></span> <span class='ocrx_word' id='word_1_371' title='bbox 721 2705 808 2739; x_wconf 84' lang='lat' dir='ltr'><strong>dixit</strong></span> <span class='ocrx_word' id='word_1_372' title='bbox 832 2705 1022 2748; x_wconf 77' lang='lat' dir='ltr'><strong>potentiam</strong></span> <span class='ocrx_word' id='word_1_373' title='bbox 1047 2708 1080 2739; x_wconf 81' lang='lat' dir='ltr'><strong>et</strong></span> <span class='ocrx_word' id='word_1_374' title='bbox 1105 2704 1291 2739; x_wconf 79' lang='lat' dir='ltr'><strong>avaritiam</strong></span> <span class='ocrx_word' id='word_1_375' title='bbox 1316 2706 1340 2742; x_wconf 87' lang='lat' dir='ltr'><strong>i.</strong></span> <span class='ocrx_word' id='word_1_376' title='bbox 1359 2717 1388 2739; x_wconf 86' lang='lat' dir='ltr'><strong>e.</strong></span> <span class='ocrx_word' id='word_1_377' title='bbox 1415 2717 1479 2739; x_wconf 91' lang='lat' dir='ltr'><strong>no-</strong></span> 
     </span>
     <span class='ocr_line' id='line_1_39' title="bbox 90 2765 1478 2813; baseline -0.002 -11"><span class='ocrx_word' id='word_1_378' title='bbox 90 2766 262 2802; x_wconf 80' lang='lat' dir='ltr'><strong>bilitatem</strong></span> <span class='ocrx_word' id='word_1_379' title='bbox 278 2772 384 2803; x_wconf 82' lang='lat' dir='ltr'><strong>semet</strong></span> <span class='ocrx_word' id='word_1_380' title='bbox 403 2767 515 2813; x_wconf 80' lang='lat' dir='ltr'><strong>ipsam</strong></span> <span class='ocrx_word' id='word_1_381' title='bbox 534 2765 800 2812; x_wconf 74' lang='lat' dir='ltr'><strong>praecipitasse5</strong></span> <span class='ocrx_word' id='word_1_382' title='bbox 823 2765 914 2810; x_wconf 80' lang='lat' dir='ltr'><strong>quod</strong></span> <span class='ocrx_word' id='word_1_383' title='bbox 931 2770 970 2800; x_wconf 87' lang='lat' dir='ltr'><strong>ut</strong></span> <span class='ocrx_word' id='word_1_384' title='bbox 984 2766 1151 2810; x_wconf 81' lang='lat' dir='ltr'><strong>probaret</strong></span> <span class='ocrx_word' id='word_1_385' title='bbox 1175 2765 1296 2800; x_wconf 85' lang='lat' dir='ltr'><strong>statim</strong></span> <span class='ocrx_word' id='word_1_386' title='bbox 1317 2765 1478 2800; x_wconf 77' lang='lat' dir='ltr'><strong>subiicit:</strong></span> 
     </span>
    </p>
   </div>
   <div class='ocr_carea' id='block_1_4' title="bbox 156 2836 1197 2884">
    <p class='ocr_par' dir='ltr' id='par_1_5' title="bbox 156 2836 1197 2884">
     <span class='ocr_line' id='line_1_40' title="bbox 156 2836 1197 2884; baseline -0.002 -1"><span class='ocrx_word' id='word_1_387' title='bbox 156 2839 211 2884; x_wconf 90' lang='grc' dir='ltr'><strong>ΙΙ.</strong></span> <span class='ocrx_word' id='word_1_388' title='bbox 1131 2836 1197 2881; x_wconf 86' lang='grc'><strong>16</strong></span> 
     </span>
    </p>
   </div>
  </div>
 </body>
</html>
