1826 3276
391 185 472 226 14⁶
754 179 798 222 G.
829 178 1144 228 SALLUSTI
1174 177 1394 221 CRISPI

348 295 505 339 6initio
541 292 701 337 occidit
734 292 1037 352 Hiempsalem
1065 291 1246 335 fratrem
1275 305 1437 347 meum,
1466 288 1627 333 deinde
1659 295 1762 348 pag

390 392 474 434 trio
520 401 660 447 regno
705 401 777 430 me
825 387 1014 446 expulit3
1070 400 1183 443 quae
1227 399 1332 430 sane
1370 384 1533 428 fuerint
1572 387 1748 428 nostrae

359 483 592 534 7iniuriae,
627 479 734 524 nihil
767 480 826 524 ad
854 496 945 525 vos.
990 481 1156 526 Verum
1190 468 1325 525 nunc*
1334 484 1529 523 vostrum
1561 491 1749 537 regnum

393 578 522 621 armis
570 581 709 630 tenet,
751 591 847 632 me,
889 592 1024 634 quem
1067 591 1146 620 vos
1189 577 1502 634 imperatorem
1546 571 1748 615 Numidis

392 671 618 732 posuistis,
652 671 848 716 clausum
887 670 1083 725 obsidet3
1125 671 1372 732 legatorum
1420 665 1558 712 verba
1600 664 1751 724 quanti

393 866 538 910 gnificat
559 865 702 900 ulterius
719 865 924 900 tendere.-
942 864 1062 908 Neque
1084 863 1184 897 simul
1214 884 1259 890 —-
1281 872 1438 907 sperare,
1461 859 1485 895 i.
1510 871 1542 896 e.
1563 858 1753 894 amicitiam

394 931 545 960 vestram
567 932 634 959 non
657 935 795 966 curare,
820 925 847 959 si
873 924 975 958 modo
998 934 1105 967 regno
1125 933 1202 956 mco
1223 922 1383 966 potiatur.

484 987 516 1027 §-
541 983 574 1017 6.
598 987 632 1017 et
652 984 686 1017 7.
733 984 868 1027 deinde]
896 983 1031 1017 Cottius
1053 983 1095 1016 (le
1117 983 1188 1016 suis
1210 983 1307 1015 codd.
1330 980 1419 1014 nihil
1447 988 1588 1012 monens
1618 974 1756 1020 scripsit

395 1045 496 1084 deiru
518 1044 576 1078 sed
599 1054 717 1077 omnes
735 1042 895 1084 Gruteri,
918 1043 1047 1077 Wassii
1070 1046 1104 1076 et
1127 1041 1361 1084 Havercampi
1394 1039 1476 1074 libri
1507 1037 1631 1071 deiude
1665 1033 1755 1069 tueri

395 1104 566 1138 videntur.
611 1103 650 1135 111
670 1106 761 1136 certe
783 1106 834 1135 est
857 1102 892 1136 in
915 1103 994 1136 Bas.
1018 1102 1053 1135 1.
1075 1100 1109 1134 4.
1134 1102 1238 1134 Bern.
1259 1099 1294 1134 3.
1327 1099 1432 1133 Minu.
1461 1096 1605 1131 Goerlit.
1635 1093 1753 1130 Berol.

395 1165 429 1198 l.
452 1163 487 1198 2.
536 1163 654 1206 Quare
678 1162 859 1195 certiorem
883 1163 1032 1195 formam
1057 1160 1210 1204 recipere
1230 1171 1298 1194 non
1323 1157 1566 1192 dubitavimus.
1586 1173 1632 1181 --
1657 1153 1756 1188 Nihil

395 1224 444 1258 aa
466 1233 535 1256 vos.
558 1223 610 1256 lta
634 1222 721 1256 solet
743 1222 792 1255 ad
815 1232 845 1256 c.
869 1231 980 1254 accus.
1011 1212 1176 1263 ellipticev
1191 1219 1284 1263 poni.
1320 1219 1392 1253 Cic.
1424 1218 1514 1261 Epp.
1545 1216 1590 1252 ad
1618 1215 1754 1250 Famm.

395 1284 472 1324 111,
495 1282 564 1326 13,
587 1282 622 1316 6.
647 1281 717 1315 Sed
739 1281 815 1313 hoe
840 1281 963 1314 nihil
986 1281 1041 1314 ad
1064 1285 1132 1322 τος
1157 1286 1308 1314 nostrum
1331 1284 1383 1313 est
1411 1289 1506 1312 enm.
1529 1277 1564 1311 in
1586 1276 1703 1310 Pisou.
1723 1285 1755 1308 c.

395 1342 454 1383 28,
476 1341 536 1377 68.
560 1341 713 1375 Audistis
731 1341 916 1384 Epicureos
933 1351 1045 1374 omnes
1060 1351 1114 1374 res
1133 1341 1307 1383 voluptate
1321 1338 1434 1373 metiri
1443 1349 1458 1378 ‚·
1478 1342 1568 1372 recte
1587 1347 1635 1370 an
1649 1345 1755 1376 eccm,

397 1402 519 1436 nihil
549 1402 604 1435 acl
634 1410 737 1441 nos,-
769 1404 829 1433 aut
859 1400 888 1433 si
921 1400 975 1433 ad
1010 1410 1107 1441 nos,
1141 1400 1265 1434 nihil
1297 1399 1351 1433 ad
1383 1399 1463 1432 hoo
1496 1401 1688 1440 tempus.
1720 1405 1756 1429 ν.

397 1462 513 1496 Haud.
547 1461 589 1494 de
617 1459 764 1494 Particc.
789 1459 866 1494 Lat.
889 1459 966 1492 Vol.
989 1459 1017 1494 Ι.
1039 1470 1073 1502 p.
1097 1459 1177 1495 117.
1199 1460 1338 1503 Zumpt.
1362 1459 1519 1491 Gramm.
1542 1456 1618 1490 Lat.
1641 1455 1672 1498 ἓ.
1697 1453 1756 1494 86,

398 1521 455 1555 12.
487 1532 522 1564 p.
551 1517 631 1553 515.
665 1520 717 1552 ed.
749 1519 806 1553 IV.
839 1538 882 1545 -—
919 1519 1004 1560 Vos,
1037 1519 1130 1562 quod
1160 1519 1198 1552 in
1226 1519 1331 1552 Acad.
1365 1517 1475 1551 Palat.
1506 1515 1542 1552 ὃ.
1564 1518 1599 1549 et
1619 1514 1698 1548 vat.
1721 1512 1756 1547 5.

398 1581 510 1622 deest,
545 1578 683 1613 Cortius
715 1578 909 1612 inconsulto
937 1578 1073 1612 delevit.
1119 1579 1170 1612 Eo
1203 1589 1288 1621 opus
1310 1579 1381 1618 est,
1411 1580 1451 1609 ut
1473 1574 1661 1619 Iugurthae
1675 1583 1758 1606 con-

397 1644 546 1683 temptus
579 1640 818 1673 Romanorum
848 1637 960 1681 magis
991 1639 1136 1672 eluceat.
1167 1639 1212 1671 cf.
1236 1637 1284 1671 ad
1301 1636 1401 1679 xlv,
1422 1634 1478 1669 1⁰.
1503 1652 1546 1660 —
1571 1633 1759 1677 Imperator

397 1700 436 1734 h.
465 1700 489 1733 Ι.
520 1699 643 1732 latiore
673 1708 774 1730 sensu
807 1708 887 1731 eum
915 1696 1109 1741 significat,
1140 1697 1199 1740 qni
1221 1695 1354 1730 civitati
1376 1697 1534 1739 [πασθείς
1555 1705 1591 1727 v.
1613 1693 1659 1727 ud
1681 1692 1758 1726 cat.

397 1760 450 1801 11,
471 1758 505 1793 3.
530 1769 564 1802 p.
587 1758 644 1791 11.
667 1757 744 1801 lug.
768 1757 904 1798 XXXI,
927 1757 984 1791 2⁰.
1008 1773 1052 1783 —-
1073 1758 1205 1791 Ponere
1220 1781 1232 1798 ,
1263 1766 1328 1800 pro
1349 1766 1418 1798 quo
1441 1754 1608 1788 Gruterus
1633 1751 1760 1786 maluit

399 1819 570 1863 imponere
589 1843 599 1858 ‚
622 1817 729 1851 habet
750 1817 967 1851 auctoritatis
989 1817 1287 1861 significationem.
1331 1816 1418 1859 Apte
1446 1813 1581 1848 Cottius
1613 1810 1759 1845 contulit

399 1879 472 1912 Cic.
505 1890 538 1921 p.
569 1877 698 1910 Flacco
731 1887 761 1910 e.
794 1875 859 1917 19,
889 1875 946 1910 45.
980 1877 1187 1921 Hermippus
1223 1880 1332 1909 custos
1353 1877 1527 1917 frumento
1549 1871 1682 1916 publico
1709 1874 1758 1904 est

397 1937 590 1982 positus.
613 1935 700 1979 Nep.
717 1935 869 1970 Hannib.
889 1947 919 1971 c.
935 1936 989 1976 11,
1012 1935 1046 1970 6.
1074 1937 1120 1968 Te
1136 1936 1245 1979 ipsum
1258 1934 1505 1978 frustraberis,
1525 1931 1556 1965 si
1572 1941 1639 1965 nou
1658 1930 1759 1963 Hau·

399 1999 547 2032 uibalem
566 1999 602 2030 in
619 2008 657 2030 ev
677 1996 761 2028 bello
776 1995 961 2039 principem
977 1995 1198 2038 posueris.

492 2055 527 2099 §.
548 2054 583 2090 8.
631 2055 721 2096 Quid
749 2054 927 2098 relicuum]
959 2053 1063 2088 Multi
1093 2053 1189 2087 codd.
1221 2053 1350 2087 habent
1380 2051 1462 2095 quid
1491 2051 1551 2085 rel.
1585 2054 1676 2089 σοις
1697 2048 1758 2084 ulii

400 2114 483 2158 quid
506 2118 575 2148 eat
596 2114 681 2153 rel.,·
702 2114 788 2148 Tur.
813 2113 846 2147 l.
870 2113 952 2157 quid
976 2114 1092 2146 euim
1114 2114 1200 2153 νει,-
1222 2113 1301 2146 Bas.
1326 2112 1359 2146 1.
1383 2111 1465 2155 quid
1487 2110 1662 2155 quidem
1683 2109 1759 2151 rel„

401 2184 490 2217 qnae
522 2173 749 2216 discrepantia
775 2173 857 2207 satis
887 2172 1032 2206 ostendit
1064 2173 1210 2206 verbum
1247 2171 1498 2206 substantivum
1526 2181 1594 2204 non
1631 2181 1704 2203 esse
1736 2179 1759 2202 a

401 2231 578 2268 Sallustio.
623 2234 662 2266 ld
689 2232 870 2266 confirmat
898 2232 1004 2266 etiam
1033 2232 1193 2276 loquendi
1224 2243 1327 2274 usus,
1358 2241 1460 2275 quem
1490 2230 1572 2264 satis
1605 2229 1758 2264 illustra-

401 2293 515 2327 vimus
536 2293 581 2326 ad
603 2292 676 2326 Cat.
700 2293 763 2334 m,
786 2291 843 2326 23.
866 2292 979 2326 Tacit.
1003 2293 1086 2327 Ann.
1113 2292 1162 2334 V,
1186 2291 1225 2334 4,
1248 2291 1282 2325 3.
1306 2292 1352 2325 ct.
1377 2291 1462 2326 Can*
1481 2290 1595 2324 Beier.
1618 2289 1663 2323 ud
1685 2288 1757 2322 eie.

402 2353 446 2387 de
477 2353 548 2386 Off.
578 2353 647 2394 111,
679 2352 744 2394 14,
777 2351 835 2386 58.
870 2363 905 2395 p.
943 2350 1023 2386 280.
1054 2370 1098 2376 -
1133 2351 1206 2394 Quo
1237 2355 1347 2385 exstat
1378 2350 1414 2384 in
1447 2350 1522 2383 vat.
1549 2348 1591 2383 A.
1613 2348 1701 2383 Tur.
1723 2347 1757 2382 1.

402 2414 507 2448 Febr.
541 2413 575 2446 1.
610 2413 726 2446 Guelf.
757 2414 790 2447 1.
812 2412 906 2446 Vrat.
931 2411 965 2446 2.
988 2412 1077 2457 Teg.
1101 2411 1262 2445 Proxime
1278 2410 1444 2444 accedunt
1463 2407 1559 2443 laeid-
1582 2407 1623 2441 12.
1647 2406 1757 2442 Parin.

399 2485 434 2509 ι.
457 2473 641 2507 Einsiedel.
667 2473 747 2507 Sen.
772 2473 804 2506 1.
830 2473 932 2506 Bern.
956 2471 989 2506 3.
1014 2472 1086 2505 Erl.
1106 2471 1142 2505 in
1166 2471 1290 2514 quibus
1311 2473 1362 2504 est
1383 2481 1406 2503 a
1428 2479 1516 2514 φο,-
1540 2466 1663 2500 relicui
1685 2477 1761 2500 serb

405 2537 487 2567 vunt
510 2545 590 2578 qua,
611 2533 701 2576 quod
725 2533 770 2566 ab
795 2531 837 2566 iis
858 2532 1027 2575 effictum,
1050 2531 1110 2574 qui
1131 2530 1316 2564 relativum
1338 2529 1381 2563 ad
1404 2529 1456 2562 νὴ
1478 2527 1657 2562 referrent.
1688 2526 1757 2560 Sed

403 2595 473 2628 hoc
504 2604 692 2638 pronomen
718 2593 767 2626 vud
800 2593 963 2626 relicuum
994 2595 1150 2635 spectare
1165 2615 1175 2634 ,
1205 2588 1298 2634 quod
1326 2587 1527 2632 primariam
1555 2585 1756 2621 sententium

403 2653 571 2694 continet,
594 2652 661 2686 loci
685 2653 774 2686 ratio
798 2653 916 2694 docet3
946 2661 1057 2694 neque
1078 2650 1114 2684 in
1137 2649 1223 2684 vitio
1244 2659 1327 2688 esse,
1349 2647 1379 2681 si
1401 2647 1489 2681 inter
1518 2646 1700 2681 relativum
1723 2647 1758 2679 et

404 2711 439 2746 id
461 2723 582 2747 nomen
594 2737 604 2755 ,
628 2711 672 2746 ad
694 2711 783 2755 quod
806 2712 973 2752 refertur,
997 2710 1091 2745 aliud
1114 2719 1235 2743 nomen
1259 2706 1496 2751 interpositum
1519 2708 1589 2747 ont,
1621 2703 1762 2738 nonni-
