1826 3276
390 170 759 216 IUGURTHA.
819 170 951 215 CAP.
979 169 1210 215 LXXXV.
1411 174 1498 215 425

103 292 150 338 in
173 294 343 337 memet
374 290 510 347 sitae,
555 303 666 350 quas
699 303 884 334 necesse
920 293 988 333 est
1014 293 1061 333 et
1088 288 1251 334 virtute
1285 291 1331 332 et
1363 287 1493 332 inno-

33 426 44 438 .
103 389 249 435 centia
280 388 437 443 tutari3
467 401 572 432 nam
608 386 697 430 alia
729 385 907 430 infirma
941 391 1053 431 sunt.
1124 385 1188 431 Et
1214 384 1326 430 illud
1358 384 1528 430 intel-5

100 487 234 549 lego,
268 486 466 543 Quirites
480 517 495 544 ,
539 483 738 538 omnium
776 497 856 527 ora
899 483 946 527 in
985 498 1060 528 me
1105 497 1324 528 convorsa
1370 497 1493 540 esse,

98 593 268 644 aequos
296 583 532 641 bonosque
574 580 728 625 favere
764 579 959 640 (quippe
995 580 1235 625 benefacta
1266 595 1369 624 mea
1401 580 1492 625 rei-

96 681 308 743 publicae
328 677 630 741 ,proceduntJ
643 710 656 734 ,
711 676 989 722 nobilitatem
1042 677 1194 722 locum
1251 676 1492 723 invadendi

97 793 328 839 quaerere.
398 776 506 833 Quo
547 773 658 821 mihi
691 774 836 819 acrius
872 775 1162 821 annitendum
1197 779 1288 832 est,
1334 780 1383 820 ut
1409 778 1533 821 ne-6

87 947 199 990 ,ιαἰιί,
234 949 279 982 et
309 945 355 980 ab
385 944 450 988 iis,
483 955 568 990 quoe
597 943 783 989 prohibere
813 943 971 979 decebat.
1002 954 1038 978 v.
1066 943 1111 978 F.
1134 942 1175 978 A.
1200 943 1307 980 Wolf.
1331 944 1377 979 ad
1401 944 1490 980 Tac.

93 1007 233 1042 Annnll.
256 1006 286 1049 1,
309 1005 379 1049 56λ
389 1005 423 1040 1.
447 1005 528 1042 Car.
551 1005 673 1040 Beier.
698 1005 745 1040 ad
762 1004 835 1041 Cic.
852 1005 896 1039 de
918 1004 991 1039 off.
1014 1005 1063 1048 II,
1085 1004 1145 1048 16,
1165 1003 1224 1039 57.
1247 1016 1282 1049 p.
1302 1005 1372 1040 11⁰
1383 1017 1490 1050 sq.—

95 1067 314 1104 veementis
335 1066 406 1102 hae
427 1066 674 1102 terminatione
696 1070 809 1102 exstet
831 1067 869 1102 in
892 1067 978 1102 Bas.
1003 1065 1037 1100 1,
1060 1065 1174 1101 Paris.
1196 1077 1229 1100 e.
1250 1076 1285 1101 x.
1305 1077 1336 1102 z.
1361 1066 1490 1100 Occur-

92 1140 174 1165 sare
196 1131 316 1164 eutem
338 1130 390 1163 est
411 1127 535 1170 reniti,
562 1127 812 1173 impedimento
837 1139 932 1171 esse,
956 1128 1110 1162 obstare.

182 1190 218 1235 §.
247 1188 282 1224 4.
330 1189 446 1233 fortia
471 1187 600 1234 sacta]
645 1191 699 1225 Ita
728 1201 850 1225 omues
884 1192 921 1224 et
963 1186 1147 1223 Gerlachii
1181 1189 1217 1222 et
1244 1176 1356 1222 nostri
1388 1187 1489 1223 codd.

91 1251 232 1288 Gortius
253 1261 334 1284 cum
357 1249 438 1285 aliis
462 1250 602 1285 inverso
625 1250 748 1285 ordine
770 1250 911 1296 scripsit
925 1253 1031 1295 faeta
1047 1248 1164 1293 fortia
1177 1273 1188 1290 ,
1221 1249 1314 1292 quod
1332 1252 1490 1292 repetere

91 1312 287 1354 noluimus,
319 1321 427 1356 quum
460 1321 574 1354 neque
605 1311 691 1346 satis
722 1315 876 1354 constet,
909 1322 1060 1355 quorum
1082 1310 1258 1344 librorum
1280 1309 1490 1345 auctoritate

89 1372 150 1408 hie
172 1372 258 1407 ordo
280 1370 413 1407 nitatur
435 1374 471 1406 et
492 1382 613 1406 sensus
635 1372 751 1416 potior
772 1372 811 1407 in
833 1372 1007 1408 adiectivo
1029 1371 1087 1414 sit,
1111 1371 1276 1415 idemque
1298 1371 1492 1406 verborum

89 1434 176 1470 ordo
199 1436 232 1478 §.
257 1433 317 1470 21.
340 1435 517 1475 recurrnt3
542 1432 588 1468 cf.
612 1437 779 1468 annotata
804 1433 851 1469 ad
874 1446 904 1468 c.
929 1433 1011 1477 XX,
1035 1432 1126 1468 1.—
1140 1431 1242 1466 Haec
1266 1435 1348 1467 ante
1369 1433 1489 1467 omnia

89 1495 187 1531 mule
217 1494 315 1529 deest
340 1493 378 1528 in
407 1494 501 1539 Reg.
534 1493 664 1530 Arond.
696 1494 808 1529 Laud.
841 1493 876 1528 1.
900 1493 936 1528 2.
963 1494 999 1529 3.
1047 1494 1195 1528 Praeter
1227 1495 1361 1528 ceteros
1384 1493 1488 1528 codd.

90 1566 283 1603 pronomen
307 1558 425 1590 tuetur
447 1554 554 1589 etium
577 1556 706 1590 Donat.
725 1555 771 1589 ad
785 1554 928 1589 Terent.
942 1555 1088 1590 Phorm.
1110 1555 1143 1600 1,
1166 1553 1203 1596 2,
1217 1553 1286 1598 8⁰„
1305 1554 1366 1599 qui
1387 1555 1487 1590 locun

88 1622 126 1654 et
148 1617 304 1653 eiusdem
327 1618 380 1650 est
408 1614 548 1661 generis
570 1617 610 1649 ut
640 1619 782 1660 noster,
814 1619 850 1651 et
872 1619 966 1651 recte
987 1616 1186 1661 explicatus
1212 1619 1263 1650 eet
1286 1626 1308 1650 n
1332 1616 1484 1661 Donato,

89 1679 151 1726 qui
173 1681 278 1723 „post
304 1676 616 1718 enumerationem,
649 1675 782 1720 inquit,
817 1679 952 1712 veteres
973 1678 1044 1711 hoc
1066 1676 1265 1712 dicebant-‘⁶
1310 1676 1365 1711 Ita
1386 1677 1481 1712 scili-

89 1744 146 1775 eet
176 1738 335 1785 singulus
364 1740 483 1781 partes
508 1736 546 1771 iu
578 1747 688 1770 unum
711 1737 982 1781 comprehensas
1005 1749 1087 1772 eum
1111 1737 1148 1771 vi
1173 1737 1287 1771 denuo
1311 1748 1485 1782 propone·

87 1802 173 1836 bant
196 1798 423 1845 cogitandam
457 1798 502 1833 cf.
527 1798 572 1832 ad
596 1797 698 1832 Cutil.
722 1798 823 1840 XIV,
847 1797 883 1834 3.
908 1799 1098 1839 XXXVII,
1118 1796 1152 1832 5.
1177 1800 1213 1832 et
1236 1798 1383 1844 Gryser.
1405 1800 1483 1836 Art.

86 1861 212 1898 Latine
232 1858 406 1895 scribendi
429 1871 466 1903 p.
485 1858 531 1892 71
552 1870 581 1894 s.
603 1877 650 1884 —
674 1858 855 1894 Praesidio
880 1864 1048 1895 assunt
1078 1870 1155 1894 rem
1181 1859 1396 1905 gravissime
1420 1861 1481 1896 de-

21 1949 27 1953 .
86 1923 221 1970 sig-nat,
255 1932 364 1965 quum
395 1919 471 1955 inm
494 1920 618 1954 adesse
640 1931 703 1965 per
734 1931 772 1955 se
794 1920 969 1966 significet
990 1922 1122 1956 auxilio
1146 1932 1243 1964 esee,
1267 1925 1306 1956 ut
1329 1922 1482 1958 ostendi·-

86 1995 166 2022 mus
189 1983 233 2019 nd
259 1994 289 2016 c.
312 1981 412 2024 XIV,
434 1979 494 2016 13.
541 1981 660 2025 Quare
688 1982 866 2028 praesidio
893 1982 939 2017 ad
971 1982 1007 2017 id
1030 1981 1226 2027 pleonasmi
1249 1994 1361 2029 genus
1386 1984 1479 2019 refe-

86 2045 234 2082 rendum
264 2042 424 2083 videtur,
456 2042 500 2075 de
530 2053 600 2086 quo
632 2042 782 2078 diximus
815 2044 861 2078 ad
893 2055 924 2078 c.
956 2044 1123 2086 LXXIII,
1148 2043 1183 2078 1.
1210 2063 1255 2069 —
1279 2045 1481 2080 Innocentio

86 2107 126 2143 h.
149 2108 175 2142 I.
206 2117 276 2141 non
318 2102 546 2152 peculiariter
583 2105 759 2140 avaritiae
793 2104 1001 2150 opponitur,
1040 2108 1082 2140 ut
1108 2105 1320 2140 Gerleehius
1352 2109 1479 2150 censet,

87 2177 303 2214 quemquam
331 2166 370 2200 id
399 2164 603 2210 saepissime
632 2165 710 2200 fieri
743 2165 895 2200 diximus
925 2167 971 2201 ed
1004 2166 1082 2202 Get.
1106 2167 1187 2211 XII,
1212 2166 1248 2203 1.
1273 2170 1307 2202 et
1330 2167 1376 2202 nd
1397 2168 1479 2214 Ing.

86 2228 210 2272 XLVI,
234 2227 281 2271 1.,
303 2226 364 2261 sed
386 2225 425 2260 in
447 2226 648 2261 uuiversum
671 2226 903 2273 intelligenda
926 2230 978 2262 est
1001 2227 1046 2262 de
1067 2227 1163 2263 vitae
1184 2239 1395 2274 morumque
1421 2229 1477 2264 in-

86 2288 278 2335 tegritate,
301 2287 400 2322 nulle
422 2287 518 2322 male
539 2287 714 2322 factorum
735 2288 876 2322 macula
902 2289 1152 2326 contaminata.
1224 2286 1231 2289 ⁸

177 2352 211 2394 S.
233 2348 268 2384 5.
291 2351 326 2384 et
346 2348 382 2383 6.
428 2347 517 2382 illud
539 2347 726 2394 intellego]
762 2350 818 2384 De
840 2349 1046 2394 pronomine
1068 2350 1158 2385 illud
1173 2377 1183 2395 ,
1207 2362 1278 2395 quo
1302 2352 1476 2396 sequentis

85 2410 259 2448 onnneinti
290 2421 409 2445 seusus
437 2407 614 2444 indefinite
644 2411 965 2456 comprehenditur,
997 2421 1033 2445 v.
1065 2412 1110 2446 ad
1141 2412 1247 2449 Catil.
1277 2413 1345 2456 LI,
1377 2413 1413 2450 ⁷.
1436 2426 1473 2459 p.

83 2472 167 2509 239.
199 2475 235 2509 et
271 2472 420 2517 Grysur.
446 2471 522 2505 Art.
547 2470 672 2506 Latine
703 2472 879 2507 scribendi
909 2484 945 2518 p.
972 2471 1030 2508 86.
1055 2491 1103 2498 —·
1138 2473 1274 2509 Favere
1297 2486 1345 2510 ee.
1371 2476 1470 2519 milei,

86 2533 179 2578 quod
207 2532 245 2568 in
282 2532 399 2567 Guelf.
425 2530 460 2566 6.
492 2531 649 2567 additum
682 2537 754 2576 θείς
789 2534 837 2569 cf.
861 2533 906 2568 ad
929 2545 959 2568 c.
989 2534 1079 2578 XIV,
1103 2533 1161 2568 19.
1192 2547 1227 2581 p.
1251 2534 1310 2571 87.
1355 2536 1473 2572 Animi

86 2605 209 2630 ennean
228 2603 546 2629 eommemoramus
565 2604 628 2637 pro
647 2605 776 2640 aequos
800 2596 970 2639 bonosque
990 2593 1028 2628 in
1052 2594 1171 2629 Guelf.
1192 2595 1251 2632 1⁰.
1271 2595 1345 2642 legi
1369 2609 1472 2642 equos

89 2659 126 2690 et
146 2656 256 2690 boves.
282 2673 330 2681 —
356 2654 455 2688 Bene
480 2655 589 2698 sactu
622 2665 692 2688 non
718 2654 803 2689 sutis
833 2658 929 2689 recte
963 2665 986 2689 n
1010 2655 1130 2691 Cor-tio
1160 2659 1195 2691 et
1218 2656 1409 2692 Gerlachio
1432 2657 1470 2692 in

84 2726 194 2751 nuum
214 2715 427 2751 vocabulum
450 2717 665 2750 contractum
688 2726 762 2749 esee
784 2715 936 2750 diximus
958 2716 1003 2750 nd
1026 2716 1104 2752 eat.
1126 2716 1220 2760 VIII,
1241 2716 1276 2754 5.
1301 2729 1336 2762 p.
1358 2717 1467 2754 46.—

87 2775 282 2813 Proeedunt
304 2776 444 2811 Cor-tius
473 2786 614 2821 prorsus
634 2774 785 2810 mirifico
807 2775 1055 2821 interpretatur
1075 2782 1284 2823 reputantur
1305 2779 1362 2813 vel
1385 2790 1467 2815 eon-
