1826 3276
378 198 481 239 324¹
538 226 540 228 v
743 191 789 233 G.
818 190 1127 235 SALLUSTI
1158 193 1371 237 CRISPl

380 312 467 354 iam
521 307 644 352 scalis
691 305 856 364 egressi
900 305 1056 350 milites
1100 321 1246 366 prope
1292 322 1460 353 summa
1502 284 1732 370 ceperant,
1762 343 1767 347 -

382 416 519 462 quum
563 398 775 459 oppidani
818 405 1110 457 concurrunt,
1163 401 1334 460 lapides
1355 437 1371 460 ‚.
1418 403 1567 462 iguem
1586 414 1625 463 ‚⁴
1652 395 1736 448 alia

346 500 615 557 7praeterea
647 494 736 538 tela
767 494 985 554 ingerunt.
1035 495 1187 540 Nostri
1218 497 1362 556 primo
1394 497 1619 552 resistere3
1654 498 1738 543 de-

380 591 497 648 inde,
531 590 607 634 ubi
642 603 755 633 unae
789 595 921 648 atque
950 589 1112 635 alterae
1148 592 1290 636 scalae
1325 592 1629 649 comminutae,
1663 595 1737 651 qui

383 690 739 747 supersteterant,
774 685 922 729 afflicti
949 690 1062 741 sunt,
1097 686 1245 743 ceteri,
1279 701 1458 746 quoquo
1488 681 1623 731 modo
1650 701 1737 746 po-

473 821 505 862 §.
531 817 566 853 5.
588 822 622 854 et
638 819 672 855 6.
718 818 826 853 lenius
852 819 986 864 agere]
1016 819 1115 854 Haec
1149 820 1285 856 eortius
1314 825 1406 856 recte
1436 819 1588 855 defendit
1621 822 1742 854 eontra

381 879 557 914 ciacconii
589 878 824 913 coniecturam
859 879 1027 914 lentius
1050 891 1179 925 agere,
1215 892 1356 915 monens
1388 881 1509 915 leniter
1538 890 1607 914 non
1629 880 1742 914 colum

382 941 472 975 lente
494 951 587 982 ease,
617 938 678 973 sed
711 937 816 972 etiam
846 938 1008 983 mitigato
1033 939 1109 974 acri
1139 939 1201 974 illo
1230 940 1343 984 primo
1366 939 1509 984 impetu.
1552 938 1663 984 Igitur
1686 939 1743 972 le-

382 1001 486 1035 nius
525 1011 632 1045 agere
668 997 761 1031 idem
795 1000 847 1032 est
875 1001 978 1041 atque
1002 1010 1160 1043 pugnam
1191 1000 1454 1040 remittere,
1494 1009 1564 1042 qua
1597 997 1744 1032 dictione

382 1063 504 1094 auctor
526 1070 631 1103 supra
663 1060 696 1100 §.
718 1057 752 1090 3.
776 1067 858 1090 usus
883 1060 944 1092 est.
970 1077 1013 1083 —
1049 1057 1116 1092 Rei
1143 1058 1168 1092 i.
1201 1069 1231 1093 e.
1262 1057 1397 1092 consilii
1419 1058 1514 1092 urbis
1547 1057 1584 1091 vi
1606 1057 1741 1102 capien-

384 1121 460 1156 dae.
484 1139 527 1145 -—
560 1119 674 1153 Verba
701 1117 775 1151 sine
804 1118 954 1151 tumultu
983 1118 1021 1153 h.
1044 1118 1081 1154 1„
1102 1117 1278 1162 passivam
1299 1116 1501 1151 relationem
1522 1117 1674 1159 habent,
1706 1120 1745 1150 ut

384 1191 502 1215 senens
525 1179 589 1214 sit:
612 1177 708 1212 nullo
731 1176 863 1220 impetu
887 1178 1103 1220 perturbatos
1130 1180 1164 1212 et
1185 1177 1376 1212 intestatos.
1398 1197 1444 1204 —
1476 1176 1654 1223 Astu-ictio,
1684 1185 1746 1219 pro

383 1250 452 1283 quo
475 1239 550 1274 cod.
572 1237 739 1272 Eichhof.
771 1237 878 1271 habet
899 1238 1060 1278 arrectis,
1095 1240 1146 1271 est
1175 1237 1276 1272 valde
1306 1235 1462 1278 intentis,
1493 1238 1530 1270 et
1557 1235 1655 1280 quasi
1685 1235 1745 1268 de-

384 1299 484 1341 fixis,
515 1298 565 1333 ita
597 1301 636 1332 ut
669 1295 796 1330 abduci
826 1306 895 1330 non
917 1300 1067 1340 possent.
1090 1297 1137 1332 ct'.
1165 1308 1195 1330 c.
1218 1297 1324 1338 Lxx,
1347 1296 1382 1329 2.
1429 1296 1612 1330 Nabdalsa
1633 1305 1746 1329 omnes

383 1369 440 1392 res
466 1357 601 1402 exsequi
621 1357 740 1390 solitus
764 1360 862 1397 erat,
887 1367 975 1400 quae
999 1357 1191 1401 Iugurthae
1213 1356 1397 1390 maioribus
1419 1355 1616 1390 astricto
1645 1365 1746 1399 nupe-

385 1420 562 1451 raverant.
593 1415 667 1450 cic.
695 1414 865 1449 Paradox.
895 1415 931 1456 1,
965 1415 986 1448 l
999 1442 1008 1457 ‚
1035 1415 1070 1451 6.
1127 1415 1314 1460 Nunquam
1345 1426 1424 1456 eae,
1457 1415 1577 1459 quibus
1599 1413 1747 1448 maxime

386 1476 581 1512 astricti
602 1479 692 1515 eunt,
717 1475 909 1518 voluptates
931 1474 967 1507 in
990 1474 1084 1508 bonis
1106 1475 1205 1509 rebus
1229 1485 1299 1508 esse
1321 1474 1413 1508 duxi.
1437 1474 1533 1510 eux-t.
1554 1474 1613 1516 VI,
1633 1475 1669 1516 8,
1690 1473 1746 1509 12.

386 1536 569 1582 Religione
595 1536 696 1569 deum
717 1538 790 1569 ast
802 1535 843 1568 ri
849 1538 967 1575 ctae,
990 1533 1051 1576 qui
1075 1534 1173 1568 locus
1193 1534 1298 1568 simul
1323 1533 1470 1568 ostendit
1490 1543 1557 1567 non
1579 1532 1747 1575 dativum,

386 1596 446 1630 sed
471 1594 663 1630 ablativum
684 1593 768 1627 huic
792 1593 900 1626 verbo
922 1592 1034 1638 iungi,
1054 1605 1159 1637 quam
1176 1597 1385 1628 structuram
1407 1592 1626 1627 commendat
1642 1591 1747 1626 etiam

385 1655 546 1698 frequens
579 1652 678 1687 verbi
709 1663 791 1687 usus
822 1652 1020 1694 absolutus3
1056 1654 1104 1687 cf.
1127 1656 1246 1688 notata
1267 1653 1311 1688 ad
1334 1654 1410 1688 cat.
1432 1653 1478 1695 11,
1502 1651 1537 1686 9.
1559 1663 1596 1696 p.
1622 1650 1680 1686 14.
1701 1669 1748 1676 -

385 1715 457 1750 Pro
484 1713 634 1760 egressi,
665 1713 756 1756 quod
789 1713 892 1758 longe
923 1712 1066 1756 plurimi
1095 1712 1179 1747 libri
1212 1715 1367 1754 tuentur,
1402 1711 1504 1756 Bipp.
1538 1714 1573 1745 et
1595 1710 1749 1755 nangius

387 1773 525 1809 edidere
548 1773 719 1818 adgressi,
742 1775 862 1806 contra
883 1772 953 1806 loci
978 1773 1193 1807 sententiam.
1238 1771 1330 1806 Nam
1351 1783 1458 1816 quum
1480 1770 1663 1815 praecedat
1681 1780 1749 1814 ag-

386 1834 566 1879 greditur,
594 1832 630 1866 in
661 1831 880 1876 sequentibus
910 1832 1131 1867 audaciorem
1161 1831 1331 1876 quendam
1360 1831 1525 1875 impetum
1559 1829 1749 1875 significari

388 1892 534 1927 ostendit
556 1893 628 1925 iam
649 1891 841 1935 particula,
875 1893 986 1926 multo
1009 1892 1122 1938 magis
1149 1896 1265 1926 autem
1287 1891 1394 1924 verba
1415 1901 1520 1934 prope
1540 1900 1674 1923 summa
1695 1900 1750 1922 ce-

328 1975 330 1978 >
387 1957 536 1998 perant,
559 1955 593 1987 et
615 1953 732 1996 paullo
755 1954 832 1995 post
854 1951 913 1995 qm·
934 1955 1223 1996 supersteterant,
1255 1950 1346 1994 quod
1369 1950 1440 1984 tale
1461 1953 1531 1993 est,
1547 1983 1549 1985 ,
1563 1952 1602 1983 ut
1623 1949 1750 1983 milites
1810 1985 1814 1990 ,

388 2024 457 2047 non
479 2013 581 2046 scalis
603 2022 805 2057 aggressos,
838 2010 897 2043 sed
920 2021 1072 2055 egressos
1097 2011 1208 2054 suisne
1231 2009 1457 2054 intelligatur.
1502 2009 1637 2053 Egrcdi
1657 2007 1749 2042 enim

390 2076 430 2107 ut
451 2073 627 2107 escendere
649 2074 699 2105 eut
720 2070 758 2104 in
781 2080 955 2104 summum
977 2069 1078 2111 eniti3
1110 2070 1156 2103 cf.
1179 2080 1207 2102 c.
1232 2069 1353 2111 xcur,
1377 2068 1410 2104 2.
1457 2068 1580 2103 Studio
1604 2067 1749 2112 legundi

387 2133 572 2178 paullatim
594 2142 698 2175 prope
721 2130 768 2164 ad
790 2140 957 2163 summum
979 2128 1100 2162 montis
1123 2138 1201 2173 egr
1212 2139 1276 2162 ees
1287 2140 1334 2162 us
1367 2131 1446 2162 est.
1479 2127 1595 2162 Tacit.
1617 2127 1749 2162 Hister.

389 2193 449 2234 lv,
471 2192 531 2229 29.
576 2191 704 2226 Multos
724 2191 762 2224 in
784 2191 918 2224 moenia
941 2198 1147 2234 egressos
1165 2188 1371 2233 pugionibus
1386 2187 1522 2230 fodere.
1544 2197 1578 2221 r.
1596 2186 1752 2221 Draken-

390 2253 512 2288 borch.
536 2253 581 2286 ad
607 2251 682 2286 biv.
707 2251 829 2292 XXVI,
858 2249 916 2292 44,
947 2249 981 2283 6.
1013 2248 1086 2290 XL,
1109 2247 1167 2288 22,
1190 2247 1223 2280 2.
1248 2267 1291 2272 -
1324 2248 1486 2292 Ingerere
1509 2247 1553 2280 de
1575 2246 1696 2281 erebra
1717 2249 1752 2280 et

375 2312 518 2355 *iterata
541 2312 688 2346 telorum
711 2309 922 2344 immissione
944 2307 1088 2349 dicitur-3
1123 2317 1157 2340 V.
1181 2307 1393 2342 Boetticheri
1415 2308 1496 2342 Lex.
1519 2305 1632 2341 Tacit.
1655 2305 1692 2341 h-
1716 2315 1751 2339 v,

392 2371 532 2415 p.‚273.
554 2371 644 2408 Tac.
665 2370 753 2406 Anu.
775 2369 900 2412 11‚-81.
947 2370 1041 2402 Saxa
1065 2372 1098 2402 et
1114 2369 1217 2410 faces
1239 2368 1460 2413 ingerere.
1488 2364 1751 2400 Drakenborch.

393 2431 437 2465 ad
460 2430 536 2466 niv.
561 2430 622 2472 lx,
644 2429 703 2473 35,
725 2428 760 2465 5.
813 2429 911 2464 Nunc
933 2429 1023 2470 tela,
1058 2439 1147 2461 nunc
1181 2438 1268 2461 saxa
1297 2427 1342 2460 in
1353 2437 1434 2472 ger
1444 2435 1529 2461 erc.
1550 2425 1613 2466 ¹11,
1633 2423 1694 2466 65,
1718 2423 1752 2458 4.

394 2490 554 2532 XXXVI,
577 2489 634 2532 18,
654 2489 691 2525 5.
713 2489 870 2523 Frontin.
891 2488 937 2530 Π,
958 2488 995 2523 3.

485 2552 517 2592 §-
538 2549 572 2586 ⁷.
595 2552 630 2583 et
650 2549 685 2583 8.
730 2560 821 2583 unae
843 2553 946 2593 atque
968 2547 1120 2591 alterae]
1156 2546 1235 2580 Hae
1265 2543 1413 2579 dictione
1434 2541 1547 2576 Latini
1577 2541 1628 2577 ita
1650 2545 1751 2576 utun-

394 2613 470 2652 tur,
492 2612 532 2643 ut
552 2609 726 2644 indefinite
747 2610 950 2654 complures,
973 2616 1183 2650 quamquam
1205 2614 1273 2638 nou
1295 2602 1481 2637 admodum
1502 2602 1624 2645 multi,
1644 2601 1752 2647 sigui-

394 2669 561 2711 ficentur3
583 2669 629 2702 ct.
646 2669 828 2703 Ruhnken.
853 2668 898 2703 ad
919 2667 1002 2702 Ter.
1024 2666 1128 2701 Andr.
1152 2665 1192 2708 1,
1215 2664 1258 2705 1,
1279 2661 1336 2697 5⁰.
1358 2661 1446 2697 Sall.
1468 2661 1549 2708 lug.
1571 2662 1694 2704 xcul,
1717 2660 1751 2696 2.

397 2727 550 2770 Quarum
573 2738 674 2772 quum
702 2738 836 2761 unam
869 2731 1006 2771 atquc
1037 2727 1249 2765 alteram,
1281 2721 1360 2757 dein
1380 2722 1496 2766 plures
1514 2723 1656 2765 peteret.
1681 2718 1751 2755 Cic.
