1826 3276
375 175 749 219 IUGURTHA.
808 173 938 217 GAP.
966 171 1224 216 XXXVIII.
1412 173 1497 214 21⁹6

110 295 303 344 saltuosa
338 294 439 338 loca
474 299 520 337 et
554 294 750 337 tramites
781 291 1024 338 exercitum
1057 289 1269 342 ductare3
1306 287 1537 348 deniqne2

111 392 277 438 Aulum
313 406 396 452 spe
430 391 650 451 pactionis
685 390 899 450 perpulit,
935 389 999 433 uti
1033 387 1192 432 relicto
1229 385 1421 432 Suthule
1455 387 1501 430 in

110 489 286 534 abditas
332 489 541 549 regiones
587 503 686 533 sese
724 487 859 533 veluti
894 486 1130 532 cedentem
1165 486 1499 544 insequeretur3

110 637 182 672 sed
205 640 362 680 veteres,
385 648 454 671 non
476 637 661 671 observato
684 636 754 669 hoc
777 635 991 679 discrimine,
1012 639 1200 679 utrumque
1222 638 1371 680 utroque
1392 636 1502 671 verbo

108 698 327 743 significasse
358 709 440 731 cum
473 697 621 732 ostendit
643 697 820 731 Ciceronis
852 697 1091 732 testimoninm
1124 698 1253 732 Tusce.
1283 692 1419 740 111,“5,
1444 697 1501 732 1⁰.

109 759 230 796 Animi
251 758 487 803 affectionem,
512 757 640 791 lumi-ne
663 758 786 792 mentis
810 764 1001 803 carentem,
1026 760 1213 804 (uiatores)
1237 760 1504 794 nominaverunt

109 820 380 861 amentiam,
404 819 680 863 eandemque
709 820 1003 863 dementiam,
1029 825 1104 854 tum
1120 824 1215 864 patet
1237 820 1420 864 utriusque
1441 833 1503 855 vo-

109 880 230 915 cab-ti
250 879 443 923 exemplis,
476 891 498 914 a
521 880 722 914 Forcellino
745 880 782 914 in
806 892 916 916 unum
938 890 1162 926 conspectum
1185 881 1288 915 datis.
1320 882 1366 916 cf.
1390 883 1501 919 Heiu-

109 942 205 978 dni-f:
224 941 270 976 ad
293 942 420 976 Horat.
446 941 524 976 Sat.
548 931 598 984 li,
621 941 666 984 3,
691 942 772 977 133.
794 962 838 968 —
875 942 991 977 Verba
1014 941 1191 986 sequentia
1215 941 1316 986 quasi
1339 942 1502 977 vitabun-

109 1004 263 1038 darete.
312 1002 499 1037 Diomedes
521 1015 555 1047 p.
579 1003 660 1036 397.
685 1002 736 1036 sic
758 1004 886 1038 refert:
921 1004 1135 1038 vitabundus
1156 1015 1220 1048 per
1243 1004 1402 1037 saltuosa
1426 1005 1502 1040 loca

107 1065 304 1108 recedebat,
326 1064 424 1099 haud
446 1063 554 1098 dubie
577 1075 620 1098 ca
643 1075 684 1097 ex
707 1065 881 1100 memoria
903 1065 1061 1107 laudans,
1085 1069 1125 1099 ut
1147 1063 1297 1098 ostendit
1319 1066 1503 1101 recedebat

106 1127 256 1162 verbnm
293 1137 336 1160 ex
369 1124 518 1160 arbitrio
549 1124 718 1159 additum.
766 1126 821 1159 Ea
852 1137 891 1160 re
920 1127 1081 1161 seductus
1103 1125 1318 1160 Gerlachius
1339 1138 1405 1170 pro
1429 1128 1503 1163 fra·-

106 1194 251 1234 g‘mento
273 1186 513 1222 Historiarum
535 1184 673 1228 habuit,
698 1190 734 1221 et
755 1186 791 1221 in
816 1188 1002 1232 Fragmm.
1026 1188 1116 1222 lucc.
1131 1185 1215 1228 225.
1240 1187 1364 1231 posuit.
1396 1190 1504 1224 l'leue

107 1250 200 1286 haec
221 1249 331 1285 verba
353 1250 529 1282 memorat
551 1247 656 1281 etiam
682 1248 828 1282 Servius
848 1250 892 1283 ad
909 1250 1006 1294 Virg-
1023 1250 1109 1284 Aen.
1126 1249 1174 1291 X,
1198 1248 1293 1293 341„
1318 1249 1385 1284 nisi
1409 1253 1502 1295 quod

106 1311 223 1346 media
245 1309 442 1354 transponit
461 1319 525 1353 per
547 1310 706 1344 tramites
728 1315 764 1346 et
786 1312 944 1345 saltuosa
968 1312 1056 1345 loca.
1105 1310 1269 1344 Ceterum
1292 1322 1406 1356 neque
1428 1313 1501 1355 hie,

105 1383 219 1416 neque
238 1371 428 1406 Diomedes
451 1370 475 1405 l.
498 1370 523 1404 l.
556 1369 630 1403 vim
661 1370 914 1406 adiectivorum
938 1371 1136 1406 verbalium
1158 1370 1196 1405 iu
1219 1371 1354 1407 bandua
1372 1384 1502 1409 exeun·

106 1434 196 1470 tium
226 1432 375 1468 macuti
405 1434 503 1472 suut,
535 1431 744 1466 vitabundus
766 1431 860 1467 idem
883 1444 959 1468 esse
981 1432 1136 1467 dicentes
1158 1436 1263 1476 atque
1286 1435 1432 1470 vitantis
1453 1438 1502 1471 si·

106 1495 218 1537 milis,
252 1493 546 1539 quomadmodum
577 1493 804 1528 moribundus
833 1493 880 1529 sit
901 1494 1062 1529 morienti
1084 1495 1227 1538 simlia,
1260 1496 1372 1531 secuti
1406 1498 1501 1532 baud

107 1556 214 1590 dubie
247 1555 455 1591 sententiam
487 1553 646 1589 Terentii
680 1554 827 1598 Scauri,
859 1555 1071 1591 nobilissimi
1092 1555 1279 1591 Hadriano
1309 1557 1504 1603 imperante

109 1615 366 1658 Grammatici,
387 1613 480 1659 qui,
516 1618 556 1649 nt
580 1615 673 1649 Geli.
696 1617 771 1652 NN.
795 1618 869 1652 ΑΛ.
894 1619 968 1660 xl,
990 1616 1048 1653 15.
1081 1620 1203 1652 auctor
1234 1622 1308 1662 est,
1340 1619 1378 1654 in
1408 1621 1502 1655 libro

108 1678 176 1720 „de
205 1675 446 1712 consimilibus
477 1675 624 1711 verbis“
652 1678 938 1722 populabundum
961 1682 1187 1723 praeceperat
1208 1690 1285 1713 esse
1305 1691 1408 1724 eum,
1441 1675 1502 1726 {lui

106 1739 334 1783 populantem
356 1738 639 1775 imitaretur.
686 1738 817 1773 Contra
837 1740 1052 1783 Apollinaris
1076 1743 1164 1775 teste
1187 1739 1305 1775 Gellio
1329 1741 1355 1777 l.
1383 1743 1408 1777 1.
1432 1746 1499 1778 ter-

107 1798 300 1834 minatione
320 1799 358 1833 in
381 1799 516 1833 bundas
537 1799 612 1834 vim
635 1802 671 1834 et
693 1801 831 1844 copiam
852 1796 889 1836 et
911 1801 1012 1845 quasi
1036 1800 1290 1836 abundantiam
1313 1802 1378 1847 rei,
1404 1803 1504 1838 cuius

107 1859 145 1895 id
169 1860 318 1894 verbum
351 1859 421 1902 sit,
455 1860 697 1895 demonstrare
729 1861 880 1903 iudicat,
916 1863 1023 1898 valde
1044 1863 1218 1908 probante
1242 1862 1371 1900 Gellio.
1418 1863 1504 1899 Eius

108 1919 315 1955 amtemiam
335 1921 562 1965 amplectitur
585 1921 693 1955 etiam
717 1923 899 1967 Zumptius
922 1924 957 1958 in
983 1923 1146 1958 Gramm.
1163 1923 1242 1958 Lat.
1266 1925 1300 1967 §-
1315 1923 1373 1960 61.
1390 1925 1451 1966 ΙΙΙ,
1467 1926 1501 1960 1.

108 1993 143 2026 p.
166 1981 249 2017 216.
281 1981 337 2017 ed.
360 1983 419 2017 lv.
444 1986 479 2018 et
501 1983 592 2028 Aug.
611 1983 813 2018 Grotet'end.
837 1984 873 2019 in
899 1985 1058 2020 Graium.
1083 1985 1160 2020 Lat.
1185 1985 1297 2020 schol.
1321 1987 1354 2030 §.
1371 1987 1451 2029 126,
1467 1987 1504 2024 5.

108 2055 143 2089 p.
167 2044 269 2090 lm,
302 2054 451 2088 eamque
482 2055 591 2088 quum
615 2045 788 2080 constanti
811 2045 1023 2091 scriptorum
1046 2058 1113 2081 usu
1136 2045 1381 2081 confirmatam
1404 2047 1505 2082 vide-

109 2105 240 2148 rimus,
273 2106 389 2152 magis
417 2117 540 2140 veram
569 2110 753 2150 putamus,
784 2118 892 2150 quam
918 2106 1088 2154 Herzogii
1119 2107 1315 2150 rationem,
1345 2109 1391 2143 ad
1413 2109 1504 2146 Sall.

110 2168 189 2203 cnt-
205 2167 336 2210 xxm,
358 2166 392 2201 9.
418 2167 648 2212 propositam,
669 2167 731 2212 qui
747 2170 890 2212 formae
914 2170 1077 2211 nimium,
1101 2173 1142 2204 ut
1164 2168 1312 2211 videtur,
1336 2169 1504 2212 tribuens,

109 2228 240 2263 horum
262 2226 514 2263 adiectivorum
538 2228 715 2272 propriam
740 2229 812 2262 vim
835 2232 911 2264 tum
934 2229 1085 2265 actionis
1107 2233 1171 2265 aut
1199 2234 1314 2264 status
1327 2230 1448 2273 futuri
1470 2234 1506 2265 et

111 2290 148 2324 in
180 2289 399 2324 indefinitum
430 2288 604 2332 durantis,
635 2293 711 2324 tum
742 2291 938 2326 voluntatis
969 2291 1206 2327 declaratione
1228 2295 1387 2326 constare
1409 2291 1506 2326 dicit.

117 2351 338 2386 vitabundus
361 2349 491 2384 iterum
513 2350 644 2395 legitur
666 2350 760 2386 infra
786 2364 815 2385 c.
842 2353 909 2394 cI,
933 2355 968 2390 9.
1003 2358 1038 2387 et
1061 2354 1208 2398 Fragm.
1234 2346 1328 2386 His‘t.
1353 2353 1423 2395 ΙΙΙ,
1447 2352 1505 2388 18.

203 2412 238 2457 ἕ.
262 2411 298 2446 2.
345 2413 400 2446 ita
424 2410 555 2446 delicta
577 2413 763 2446 occultiora
779 2415 878 2458 fore]
913 2415 983 2448 Pro
1010 2416 1092 2458 sore
1122 2412 1228 2447 multi
1259 2413 1344 2448 libri
1377 2414 1507 2449 babent

103 2476 230 2518 [πασς
266 2471 329 2507 alii
345 2474 488 2516 serent,
518 2472 581 2507 alii
607 2475 775 2516 suerunt,
808 2471 910 2508 unus'
929 2476 1087 2519 alterque
1118 2479 1242 2510 essent.
1288 2474 1507 2510 Infinitivnm

111 2540 254 2570 tuentur
275 2535 544 2577 Havercampus
565 2539 602 2568 et
625 2534 801 2580 Langias3
827 2539 933 2578 suere
957 2535 1110 2580 amplexi
1138 2538 1218 2571 sunt
1241 2535 1368 2581 Bipp.‚
1393 2537 1505 2571 Muel-

111 2596 206 2631 lerus
229 2600 264 2631 et
279 2595 502 2639 Germanus,
526 2595 626 2629 varia
649 2596 786 2639 prodita
809 2596 1052 2642 explicatione,
1073 2608 1183 2641 quum
1205 2607 1296 2640 quae
1318 2597 1505 2631 verborum

111 2657 283 2692 flente-tia
312 2657 442 2701 quique
473 2668 582 2691 nexus
613 2657 660 2691 sit
690 2668 793 2692 nemo
824 2657 1075 2702 interpretum,
1106 2668 1177 2692 uno
1198 2658 1319 2693 Fabro
1350 2663 1507 2702 excepto,

112 2718 335 2764 perspexerit.
382 2718 522 2753 Curtius
549 2718 642 2752 enim
675 2720 813 2753 nullum
842 2720 1032 2753 verborum
1061 2729 1200 2752 sensum
1234 2720 1294 2754 hic
1326 2731 1364 2754 se
1387 2720 1506 2754 videre

114 2780 290 2824 protes-us
312 2791 355 2815 ea
378 2779 589 2826 transposuit
611 2782 691 2825 post
717 2780 926 2815 desererent.
972 2779 1044 2826 Qui
1066 2791 1130 2815 suo
1151 2781 1230 2816 loco
1254 2780 1422 2823 retinent,
1444 2780 1504 2813 du-
