1826 3276
387 200 439 239 18
748 194 1390 238 C.SALLUSTICRISP1

386 326 530 368 neque
565 309 683 353 aliud
717 324 764 352 se
798 306 1026 366 fatigando
1062 308 1143 350 nisi
1178 308 1329 351 odium
1357 323 1571 366 quaerere
1598 314 1744 352 extre-

353 407 486 450 4mae
530 404 772 448 dementiae
820 407 907 454 est3
957 401 1037 444 nisi
1084 386 1201 444 xforte
1253 417 1387 459 quem
1429 403 1662 447 inhonesta
1701 410 1746 448 et

383 500 630 559 perniciosa
673 496 827 540 lubido
875 501 995 539 tenet
1040 497 1268 554 potentiae
1318 511 1562 555 paucorum
1607 498 1743 545 decu·

383 601 513 650 atque
547 593 792 635 libertatem
827 606 948 634 suam
983 591 1231 650 gratificari.

514 687 590 730 lv.
660 686 868 730 Ceterum
914 701 968 729 ex
1011 686 1102 729 aliis
1149 686 1359 745 negotiis,
1410 701 1524 744 quae
1566 687 1744 746 ingenio

381 841 447 863 non
470 830 650 863 nitetur
671 828 807 871 sopiens
830 829 874 860 in
896 838 1247 871 supervacuum,
1281 839 1342 861 nec
1372 839 1407 861 se
1438 829 1527 863 nihil
1544 831 1745 873 profuturus

381 890 569 933 impendet,
603 889 632 921 si
651 899 775 932 parum
799 888 936 921 habebit
958 888 1174 922 auctoritatis
1197 894 1231 922 et
1253 890 1388 922 virium.
1415 907 1461 915 —-
1489 891 1535 924 Se
1551 889 1744 934 fatigando

381 961 498 983 omnes
527 952 640 982 tenent
670 948 767 981 codd.
791 952 926 990 praeter
949 948 1049 980 Rem.
1075 948 1107 980 1.
1133 949 1210 983 Ecc.
1235 952 1270 982 et
1294 949 1430 991 Struv.,
1465 949 1525 993 qui
1556 960 1744 992 pronomen

380 1020 447 1042 non
470 1009 617 1048 habent,
652 1018 776 1049 eosque
804 1007 1008 1040 confirmare
1033 1008 1167 1041 videtur
1190 1008 1395 1052 Hieronym.
1418 1008 1453 1041 in
1475 1009 1590 1043 Praef.
1615 1008 1659 1042 ad
1680 1009 1745 1042 Es-

380 1067 478 1100 dram
513 1070 547 1100 et
578 1067 695 1100 Neem.
713 1069 852 1109 frustra
881 1071 995 1099 aurem
1028 1067 1094 1110 (ut
1118 1069 1169 1102 ait
1191 1069 1356 1112 quidam)
1389 1069 1473 1110 niti,
1506 1080 1613 1113 neque
1646 1069 1744 1102 aliud

373 1127 636 1170 fatigando
677 1126 743 1158 nisi
779 1127 892 1159 odium
924 1138 1097 1170 quaerere.
1156 1128 1223 1161 Sed
1254 1133 1346 1162 reete
1375 1129 1508 1163 monuit
1537 1129 1744 1162 Gen-lachim

378 1186 462 1220 huic
492 1186 641 1227 homini,
675 1185 823 1229 pessima
853 1197 954 1228 saepe
977 1187 1130 1220 oratione
1154 1187 1281 1229 utenti,
1310 1189 1442 1222 nullam
1463 1189 1499 1222 in
1523 1188 1587 1222 tali
1609 1200 1648 1222 re
1671 1199 1744 1221 esee

377 1245 481 1279 fidem
512 1245 720 1286 habendam,
753 1257 858 1289 quum
882 1246 1044 1291 fatigare
1075 1248 1219 1281 verbum
1242 1259 1410 1292 nusquam
1432 1249 1624 1293 reperiatur
1645 1251 1745 1293 refle-

357 1305 455 1360 ν,εἰυο
479 1316 577 1338 senen
603 1306 764 1348 positum.
819 1305 1039 1349 Quamquam
1062 1308 1153 1340 enim
1177 1309 1305 1348 lavare,
1329 1313 1476 1350 mutare,
1498 1313 1642 1350 vertere,
1667 1320 1742 1343 ver·

377 1376 462 1410 gere
495 1369 528 1398 et
558 1364 630 1398 alia
662 1365 829 1408 plurima,
862 1366 903 1398 de
927 1366 1050 1408 quibus
1075 1377 1107 1400 v.
1131 1368 1267 1411 Zumpt.
1291 1369 1448 1402 Gramm-
1473 1370 1550 1404 Lat.
1573 1371 1605 1412 §.
1628 1369 1685 1411 37,
1706 1369 1741 1403 2.

377 1427 447 1458 not.
480 1423 512 1459 3.
544 1435 577 1467 ι).
613 1425 690 1458 121.
739 1426 946 1459 Rumshorn.
981 1428 1012 1467 ς.
1039 1425 1117 1460 163.
1142 1427 1175 1460 1.
1199 1429 1234 1461 b.
1270 1440 1303 1472 p.
1335 1428 1404 1463 383
1427 1441 1476 1474 sq.
1518 1433 1552 1463 et
1581 1431 1743 1463 annotata

377 1488 493 1518 nostra.
514 1485 558 1517 ad
582 1484 681 1518 Catil.
705 1485 761 1526 vl,
784 1484 818 1518 7.
843 1497 877 1529 p.
901 1485 970 1527 37„
1002 1485 1164 1520 reflexive
1186 1491 1414 1531 usurpantur,
1448 1492 1564 1524 tamen
1578 1491 1742 1536 fatigare

378 1548 515 1588 propter
538 1547 608 1577 tam
632 1544 796 1588 exiguam
819 1546 1057 1580 auctoritatem
1081 1546 1138 1580 his
1162 1547 1278 1590 nequit
1300 1549 1530 1583 annumerari.
1555 1551 1742 1592 Per-peram

376 1603 482 1637 etiam
507 1604 696 1637 Muellerus
719 1604 869 1648 explicat
895 1607 1000 1639 multo
1028 1607 1152 1640 labore.
1180 1613 1229 1632 —'
1250 1609 1420 1650 Quaerere
1442 1609 1466 1643 i.
1493 1621 1523 1642 e.
1547 1609 1742 1653 quaerendo

378 1663 559 1706 consequi,
595 1675 739 1707 parare,
775 1666 988 1700 contrahere.
1033 1667 1109 1711 Iug-
1133 1668 1311 1709 LXXXV,
1334 1669 1391 1704 30.
1427 1671 1507 1703 Hae
1537 1675 1615 1704 sunt
1645 1680 1742 1703 meae

376 1723 567 1767 imagines,
595 1724 680 1756 haec
703 1725 883 1765 nobilitas,
916 1737 1004 1770 quae
1027 1732 1163 1770 egomet
1181 1730 1337 1771 plurimis
1359 1730 1531 1764 laboribus
1554 1724 1589 1763 et
1606 1731 1742 1774 pericu-

377 1780 418 1812 lis
442 1781 670 1823 quaesivi.
718 1785 920 1827 Lxxwa,
945 1786 978 1819 2.
1010 1787 1124 1820 Armis
1145 1787 1294 1832 gloriam
1317 1788 1448 1832 quaeri.
1493 1789 1683 1830 Lxxxlx,
1707 1790 1739 1824 1.

377 1839 547 1874 Dedecore
583 1845 698 1884 potins
741 1857 844 1888 quam
882 1858 987 1879 manu
1021 1849 1166 1881 salutem
1207 1848 1511 1892 quaesiverat.
1557 1848 1739 1893 Fragmm.

376 1899 467 1933 nist.
496 1901 563 1940 ΠΙ,
599 1902 662 1944 11,
699 1903 732 1937 1.
759 1905 854 1938 Gerl.
890 1907 1002 1940 Ductu
1032 1919 1106 1940 meo
1137 1907 1230 1940 vobis
1259 1907 1353 1939 salue
1380 1907 1592 1949 quaesita
1625 1913 1739 1943 erat.

375 1959 450 1993 Liv.
475 1961 582 2001 XXV,
607 1961 642 2002 6,
667 1963 721 1996 11.
760 1965 813 1997 Ad
841 1965 968 1998 Alliam
993 1978 1098 2010 prope
1133 1966 1240 1999 omnis
1264 1966 1429 2000 exercitus
1444 1967 1564 2011 sugit,
1597 1969 1644 2002 ad
1658 1971 1740 2012 sur·

375 2020 469 2053 culae
493 2021 668 2054 caudinas
692 2034 791 2057 arma
814 2025 961 2058 tradidit
984 2025 1094 2065 hosti5
1119 2030 1235 2059 tamen
1260 2031 1398 2060 tantum
1422 2026 1532 2069 abfuit
1555 2029 1599 2061 ab
1624 2041 1674 2071 eo,
1700 2035 1740 2066 ut

374 2080 447 2114 ulla
470 2080 661 2125 ignominia
685 2083 728 2116 iis
751 2084 952 2117 exercitibus
974 2089 1289 2128 quaereretur.
1323 2085 1384 2118 ubi
1407 2097 1441 2120 v,
1465 2087 1615 2122 Gronov.

465 2139 498 2182 §.
524 2140 557 2174 4.
603 2141 671 2174 nisi
685 2143 801 2185 sorte]
835 2143 991 2177 Tertiam
1022 2155 1180 2178 caussam
1207 2145 1266 2178 hic
1289 2145 1410 2179 afferri
1432 2157 1494 2180 cur
1515 2159 1537 2183 a
1559 2146 1739 2192 republica

374 2198 476 2242 plane
497 2199 732 2235 abstinendum
757 2203 819 2244 sit,
844 2203 914 2237 dixi
935 2204 979 2237 ad
1003 2206 1032 2246 §-
1051 2204 1083 2237 1.
1131 2205 1184 2238 De
1206 2205 1455 2248 particularum
1476 2208 1545 2241 nisi
1556 2211 1654 2252 forte
1675 2213 1738 2254 po-

374 2261 499 2298 testate
525 2270 558 2292 v.
584 2260 628 2292 ad
651 2261 753 2294 Catil.
778 2263 855 2306 XX,
883 2263 939 2297 17.
962 2275 996 2307 p.
1022 2263 1101 2298 105.
1149 2265 1253 2298 Addit
1282 2265 1416 2299 Cottius
1451 2266 1487 2300 h.
1519 2268 1544 2302 l.
1577 2269 1671 2303 Curt.
1695 2271 1736 2313 V,

374 2317 409 2351 8,
433 2318 488 2351 12.
529 2319 623 2353 Licet
646 2321 788 2356 honesta
812 2328 917 2356 morte
941 2324 1105 2369 defungi,
1129 2325 1227 2358 nisi
1242 2326 1373 2367 forte
1395 2327 1504 2360 satius
1525 2333 1576 2364 eet
1600 2331 1738 2364 victorio

373 2383 568 2422 exspectare
590 2380 781 2415 arbitrium.
813 2381 926 2416 Tacit.
951 2383 1044 2416 Hist.
1068 2384 1124 2425 lV,
1149 2383 1206 2425 74,
1229 2384 1319 2418 med.
1350 2385 1534 2421 Praeterea
1555 2379 1601 2422 cf.
1625 2390 1737 2423 Geru-

372 2438 522 2472 bardum
557 2440 600 2473 ad
635 2440 706 2474 Cic.
738 2441 812 2475 cat.
847 2442 895 2476 M.
926 2441 982 2483 10,
1005 2443 1063 2477 33.
1094 2447 1128 2478 et
1160 2445 1203 2478 ad
1226 2445 1321 2478 Lael.
1342 2444 1478 2488 13‚48.
1510 2450 1544 2480 et
1567 2447 1737 2492 imprimis

373 2499 454 2532 Car.
478 2499 640 2534 Beierum
673 2500 716 2532 ad
740 2499 808 2533 Off.
831 2500 859 2542 Ι,
883 2501 941 2542 33,
968 2502 1046 2535 120.
1081 2523 1124 2528 -—
1167 2504 1350 2538 Paucorum
1380 2506 1535 2548 potentia
1563 2509 1735 2551 quomodo

374 2557 598 2603 intelligenda
626 2559 671 2592 sit
705 2559 836 2593 dictum
865 2561 908 2594 ad
943 2562 1044 2595 Catil.
1080 2574 1109 2597 c.
1135 2563 1211 2604 XX,
1234 2563 1267 2599 7.
1298 2569 1332 2598 et
1363 2565 1407 2597 ad
1436 2577 1464 2597 c.
1490 2566 1679 2610 XXXVlll,
1702 2569 1732 2603 1.

372 2627 405 2659 p.
431 2616 509 2650 177.
533 2636 577 2642 -
605 2619 804 2663 (ὶναΐξίίσανὶ
825 2621 1048 2655 Kunhardtus
1071 2624 1225 2657 obsoleta
1247 2623 1400 2658 doctrina
1423 2637 1485 2667 pro
1509 2627 1735 2671 gratificandi
1798 2646 1809 2652 ⁸

374 2677 523 2722 positum
555 2682 685 2719 censet3
715 2678 776 2712 alii
807 2691 850 2712 ne
885 2682 1023 2715 credant
1053 2683 1208 2717 cavimus
1230 2687 1311 2718 nota
1340 2684 1384 2718 ad
1413 2684 1486 2719 Cat.
1511 2698 1540 2718 c.
1565 2687 1676 2728 XXX,
1699 2686 1731 2720 5.

371 2747 404 2780 p.
430 2735 508 2772 139.
552 2738 712 2772 ceterum
740 2742 834 2782 patet
856 2740 957 2774 decus
979 2743 1176 2786 gratificari
1197 2755 1275 2776 cum
1301 2747 1497 2787 contemptu
1519 2743 1648 2779 dictum
1673 2755 1732 2778 vu-
