1826 3276
404 186 488 228 544
757 178 804 221 e.
836 178 1159 225 SALLusrl
1197 166 1430 221 cnlsrl'

543 294 638 339 cll.
704 292 811 336 Post
846 298 912 334 ea*
932 291 1018 334 loci
1053 292 1205 335 consul
1245 288 1368 335 hund
1411 291 1546 335 dubie
1576 293 1667 349 iam
1692 292 1761 336 vi-

409 398 504 435 ctor
543 387 744 448 pervenit
788 386 834 429 in
878 385 1096 445 oppidum
1136 386 1327 442 Cirtam,
1373 401 1463 444 quo
1495 386 1618 430 initio
1650 402 1760 445 pro-
1817 422 1822 424 .

373 487 551 533 2fectus
592 481 850 528 intenderat.
935 481 1005 524 Eo
1047 476 1152 540 'post
1197 481 1314 525 diem
1365 481 1586 539 quintum,
1629 495 1761 539 quam

403 582 562 623 iterum
603 576 781 620 barbari
815 576 930 620 male
963 581 1292 636 pugnaverant,
1333 576 1469 635 legati
1512 591 1540 619 a
1574 569 1760 620 Boccho

407 675 607 728 veniunt,
654 672 729 729 qui
770 671 888 730 regis
930 672 1074 716 verbis
1117 673 1174 715 ab
1207 670 1357 715 Mario
1394 671 1605 730 petivere,
1619 720 1631 726 p
1651 669 1762 714 duos

405 813 520 845 autem
543 807 701 849 XXXVI,
723 806 780 848 24,
804 806 837 841 4.
860 806 1075 841 scribendum
1097 810 1149 842 est
1171 810 1383 850 concurrunt,
1398 809 1444 843 *ut
1465 803 1764 841 Drakenborchiun

404 873 497 905 recte
525 868 622 902 vidit.
646 886 690 891 —
728 868 803 900 lam
836 870 916 910 post
944 867 1056 902 hostes
1089 867 1227 902 Cottius
1258 867 1384 913 exigua
1414 867 1483 901 fide
1513 866 1630 901 Guelt.
1661 865 1697 899 3.
1729 867 1764 898 et

405 928 547 964 Eccard.
570 926 697 961 omisit.
721 945 764 950 -
788 925 920 959 Eadem
944 925 1082 960 levitate
1104 926 1194 960 idem
1217 938 1253 960 se
1278 927 1384 972 gessit
1406 930 1481 960 tum
1505 926 1542 960 in
1558 925 1706 968 delenda
1727 925 1764 958 in

405 987 655 1035 praepositione
684 988 764 1019 ante
796 985 924 1029 campis
940 1010 950 1030 ,
982 995 1070 1027 quae
1100 983 1136 1019 in
1157 986 1262 1020 Febr.
1287 987 1320 1021 1.
1344 987 1378 1021 2.
1410 990 1444 1021 et
1466 985 1561 1020 Leid.
1586 983 1636 1018 Μ.
1659 983 1763 1021 deest,

406 1055 480 1086 tum
503 1050 539 1082 in
561 1046 727 1081 eiicienda
752 1051 854 1089 atque
876 1045 998 1088 copula
1021 1045 1108 1078 inter
1130 1046 1207 1089 equi
1222 1067 1267 1073 -—
1283 1047 1351 1081 viri
1365 1070 1376 1088 ,
1406 1057 1511 1091 quam
1532 1044 1625 1079 solus
1649 1042 1764 1077 Guelf.
1822 1039 1823 1042 ’

405 1111 438 1145 6.
465 1120 532 1142 non
555 1107 670 1140 habet.
717 1106 756 1138 In
786 1115 922 1138 summo
953 1103 1044 1137 enim
1077 1107 1267 1139 ceterorum
1299 1115 1464 1139 consensu
1493 1104 1698 1150 asyndeton,
1720 1102 1764 1135 de

404 1181 472 1214 quo
495 1167 612 1211 pnullo
637 1168 715 1201 ante
739 1164 782 1198 ad
805 1166 838 1206 S.
859 1162 894 1198 9.
917 1162 1084 1201 diximus,
1108 1174 1176 1196 non
1198 1152 1448 1202 admittendum
1470 1167 1532 1198 eet-
1553 1183 1611 1203 ,-,
1630 1161 1764 1206 Afflictg·

405 1226 652 1272 explicavimus
675 1225 719 1258 ad
742 1236 771 1257 c.
794 1224 870 1263 LX,
891 1222 925 1256 7.
953 1241 999 1247 —
1023 1222 1119 1264 Νἰίῑ,
1142 1234 1210 1258 non
1232 1224 1280 1258 ad
1302 1224 1548 1264 incedendum,
1568 1225 1607 1257 ut
1628 1220 1764 1256 Cottius
1806 1222 1809 1226 '

404 1290 507 1328 vult,
539 1286 598 1320 sed
621 1284 734 1327 potius
764 1284 811 1317 ad
834 1283 1061 1327 surgendum,
1093 1286 1131 1317 ut
1153 1283 1267 1317 Faber
1295 1286 1387 1318 recte
1417 1282 1575 1327 explicat.
1596 1301 1643 1308 --
1663 1280 1764 1314 Ceto-

403 1360 483 1383 rum
504 1348 594 1380 hanc
616 1343 728 1378 caedis
761 1353 803 1376 ac
826 1343 933 1386 fugae
962 1340 1115 1376 hostium
1147 1342 1406 1386 descriptionem
1435 1353 1502 1376 non
1534 1341 1668 1375 minore
1690 1343 1765 1374 arte

404 1408 558 1443 imitatus
581 1407 632 1438 est
652 1401 795 1437 Tacitus
817 1401 852 1435 in
875 1401 992 1446 Agric.
1015 1414 1044 1436 c.
1067 1402 1242 1436 XXXVII.
1289 1402 1377 1435 Tum
1398 1412 1477 1436 vero
1498 1400 1692 1446 patentibus
1715 1399 1765 1432 lo-

404 1468 452 1502 cis
475 1464 610 1511 grande
633 1467 667 1496 et
690 1466 788 1495 atrox
810 1462 1049 1505 spectaculum.
1095 1462 1218 1506 Sequi,
1255 1462 1458 1502 vulnerare,
1490 1471 1632 1504 capere,
1661 1463 1764 1503 atque

405 1528 541 1567 eosdem
555 1549 566 1567 ,
596 1523 719 1557 oblatis
750 1522 848 1564 aliis,
882 1522 1067 1555 trucidare.
1113 1522 1190 1554 Iam
1218 1520 1382 1560 hostium,
1401 1523 1504 1564 prout
1525 1520 1644 1564 cuique
1665 1519 1768 1563 inge-

404 1587 500 1621 m'um
528 1589 624 1624 erat,
655 1586 815 1615 catervae
849 1586 1061 1614 armatorum
1089 1579 1307 1624 paucioribus
1336 1584 1440 1624 terga
1459 1584 1663 1623 praestare3
1688 1577 1766 1624 qui-

405 1647 487 1681 dam
509 1646 652 1679 inermes
675 1642 764 1675 ultro
787 1652 908 1682 ruere,
937 1651 978 1674 ac
1001 1651 1038 1674 se
1060 1640 1161 1673 morti
1182 1640 1314 1683 offerre.
1361 1639 1493 1674 Passim
1515 1649 1612 1674 arma
1634 1642 1668 1673 et
1691 1647 1766 1672 cor-

399 1717 511 1750 pora,
536 1709 570 1738 et
594 1701 703 1735 laceri
726 1705 848 1742 artus,
872 1705 907 1734 et
929 1704 1069 1734 cruenta
1091 1700 1223 1736 humus.

494 1764 567 1798 cu.
589 1765 621 1805 §-
639 1761 672 1794 1.
695 1764 730 1794 et
751 1760 786 1794 2.
834 1759 916 1793 Post
938 1771 981 1794 ea
1003 1759 1084 1802 loci]
1107 1760 1160 1792 De
1183 1769 1247 1794 usu
1269 1761 1304 1793 et
1325 1757 1458 1794 ratione
1481 1757 1586 1802 huius
1608 1753 1766 1790 dictionis

403 1836 438 1859 v.
468 1825 510 1858 ad
537 1835 567 1857 c.
592 1820 724 1862 LXIII,
748 1819 794 1855 6.¹
828 1820 937 1853 Recte
969 1822 1086 1853 eutem
1117 1818 1231 1852 Faber
1258 1823 1334 1863 post
1363 1830 1406 1853 ea
1436 1817 1578 1853 divisim
1607 1815 1763 1860 σοι-ἱρείας

405 1883 495 1927 quod
517 1893 579 1916 cur
603 1879 784 1924 probabile
805 1879 911 1927 nobis,
934 1878 1110 1919 videatur,
1140 1878 1269 1920 ibidem
1292 1878 1450 1913 diximus.
1474 1897 1520 1904 --
1543 1877 1651 1922 Regis
1673 1886 1765 1909 ver-

405 1945 472 1978 bis
493 1941 613 1985 explic.
638 1941 683 1973 ad
706 1952 736 1974 c.
761 1939 855 1982 XXI,
876 1939 910 1974 4.
934 1950 968 1982 p.
991 1938 1060 1972 135
1082 1949 1133 1981 sq.
1155 1957 1200 1963 —-
1223 1938 1408 1974 Rationem
1438 1938 1590 1982 petivere
1621 1934 1763 1980 perfecti

403 2002 658 2039 illustravimus·
675 1999 718 2033 ad
739 1998 842 2032 Catil.
866 2010 895 2031 c.
919 1998 1027 2040 xvu,
1048 1997 1082 2031 2.
1105 2001 1139 2032 et
1161 1998 1323 2039 XXXIX,
1345 1996 1380 2032 5.
1396 2016 1442 2023 —
1457 1998 1551 2031 Duos
1573 2006 1699 2037 omnes·>
1713 1998 1764 2028 to-

405 2067 485 2097 nent
518 2060 670 2101 codices;
702 2057 840 2093 Cottius
862 2057 997 2101 scripsit
1019 2058 1109 2101 duo,
1140 2058 1230 2101 quod
1252 2067 1320 2090 non
1343 2055 1452 2098 vidit,
1488 2056 1548 2090 sed
1570 2054 1764 2099 suspicatur

406 2121 644 2158 tantummodo
676 2118 712 2152 in
745 2119 851 2152 Febr.
882 2117 916 2152 1.
949 2120 1104 2158 exstat-⁴23
1137 2128 1171 2152 v.
1202 2117 1246 2151 ud
1269 2116 1365 2158 XXI,
1387 2115 1421 2151 4.
1452 2118 1487 2150 et
1513 2115 1638 2156 XXlll,
1660 2114 1694 2148 2.
1721 2131 1759 2138 —

406 2183 501 2216 Idem
524 2180 615 2214 mule
637 2178 743 2212 edidit
765 2178 808 2212 de
840 2189 876 2212 se
899 2189 966 2221 prov
985 2178 1027 2212 de
1049 2189 1109 2211 suo
1123 2202 1132 2218 ,
1161 2177 1252 2220 quod
1277 2187 1384 2220 paene
1406 2186 1523 2211 omues
1547 2173 1644 2208 codd.
1667 2176 1764 2208 tuen-

405 2245 492 2282 tur,
507 2250 587 2274 nam
607 2238 702 2272 solus
722 2238 804 2272 Bas.
826 2238 860 2271 1.
883 2237 920 2271 in
942 2241 1034 2272 textu
1056 2237 1163 2271 habet
1187 2237 1229 2271 de
1252 2247 1306 2278 se,
1327 2235 1417 2270 inter
1441 2246 1556 2271 versus
1579 2237 1695 2268 autem
1720 2233 1764 2266 de

405 2312 486 2342 suo,
510 2303 628 2334 contra
648 2297 758 2332 Paris.
781 2297 814 2331 b.
840 2309 871 2330 z.
904 2307 1024 2331 veram
1045 2295 1225 2330 lectionem
1256 2295 1436 2330 ostendunt
1458 2305 1481 2329 a
1502 2305 1549 2328 m.
1573 2305 1638 2337 pr„
1661 2292 1710 2326 de
1726 2302 1763 2326 80

407 2371 430 2394 a
452 2372 499 2393 m.
521 2372 588 2394 see.
610 2360 804 2399 traxerunt,
841 2356 934 2400 quod
961 2356 1068 2392 etiam
1092 2354 1296 2390 Gerlachius
1318 2354 1353 2388 in
1376 2355 1428 2390 ed.
1452 2353 1584 2388 maiore
1607 2352 1705 2396 (nam
1726 2350 1763 2384 in

406 2419 490 2452 min.
512 2420 557 2453 ad
590 2429 711 2452 verum
732 2417 865 2452 rediens
897 2417 938 2450 de
967 2428 1005 2451 se
1034 2416 1107 2460 ipso
1138 2415 1316 2459 descivit),
1348 2417 1382 2448 et
1414 2414 1528 2448 Faber
1552 2413 1790 2455 receperunt„

406 2479 508 2523 Quod
529 2479 588 2523 hic
609 2482 725 2512 autem
746 2489 806 2512 suo
829 2477 1083 2511 incommodum
1105 2487 1240 2510 sensum
1263 2475 1392 2509 habere
1414 2473 1514 2515 dicit,
1542 2471 1710 2513 concedo,
1733 2469 1764 2504 si

408 2539 451 2572 de
482 2539 622 2573 Boccho
654 2537 915 2582 intelligendum
938 2535 1083 2580 putavit.
1129 2534 1196 2568 Sed
1219 2547 1277 2569 suo
1300 2534 1395 2569 haud
1418 2533 1520 2568 dubie
1545 2532 1589 2566 ad
1604 2531 1762 2565 ἸΜατίιιπι

407 2598 578 2642 pertinet,
618 2597 713 2631 cuius
754 2608 863 2640 aeque
900 2596 1018 2641 magni
1036 2620 1046 2638 ‚
1090 2598 1192 2638 atque
1232 2594 1353 2638 populi
1390 2592 1540 2628 Romani
1577 2591 1762 2632 intererat,

406 2658 587 2692 Bocchum
621 2668 643 2692 a
676 2657 841 2692 societate
873 2656 1064 2702 Iugurthae
1097 2653 1256 2695 avocari,
1291 2664 1398 2696 eaque
1428 2663 1548 2686 caussa
1572 2650 1762 2695 plurimum
1818 2657 1823 2661 “

406 2717 570 2760 valebat,
604 2706 648 2752 uf
669 2716 786 2753 statim
816 2716 948 2752 Bocchi
978 2715 1109 2761 rogatis
1140 2714 1364 2750 satisfaceret.
1390 2729 1432 2739 —
1463 2711 1515 2746 De
1547 2714 1625 2746 ante
1644 2710 1762 2755 populi
