1826 3276
396 187 481 233 538
750 179 793 222 C.
825 177 1138 220 SALLUSTI
1178 178 1399 222 CRISPI

367 296 659 349 20stendunt,
710 308 798 351 qua
847 307 896 336 re
939 291 1076 335 hostis
1129 292 1283 338 adesse
1324 277 1592 355 intelligitur.
1660 296 1755 342 sed

400 393 502 451 quia
546 388 707 432 divorsi
751 387 1009 440 redeuntes,
1061 387 1170 431 alius
1225 389 1282 439 ab
1326 389 1411 433 alia
1451 397 1579 450 parte
1623 398 1756 454 atque

399 482 704 530 omnesidem
740 481 1071 544 significabant,
1114 483 1266 526 consul
1308 484 1521 542 incertus,
1543 456 1546 465 1
1565 499 1756 544 quonam

398 578 534 623 modo
570 577 708 621 aciem
741 577 986 629 instrueret,
1018 577 1138 619 nullo
1173 577 1326 628 ordine
1357 585 1640 637 commutato,
1673 581 1757 624 ad·-

363 681 577 718 3vorsu1n
607 672 751 717 omnia
785 676 966 731 paratus
1010 671 1177 715 ibidem
1221 675 1430 734 operitur.
1498 675 1565 719 Ita
1596 644 1775 736 Iugur-⁴

397 770 520 813 tham
556 783 659 827 spes
702 768 930 822 frustrata,
972 767 1048 824 qui
1072 767 1238 826 copias
1283 770 1329 812 in
1377 775 1583 828 quattuor
1623 772 1758 831 partis

399 865 692 919 distribuerat,
726 870 843 908 ratus
868 877 922 907 ex
951 863 1153 907 omnibus
1179 878 1321 922 aeque
1347 865 1515 923 aliquos
1542 866 1599 917 ab
1627 872 1758 925 tergo

490 1001 522 1041 §.
546 997 581 1031 2.
605 1000 638 1032 et
659 997 694 1034 3.
739 998 830 1031 alius
860 997 904 1032 ab
939 997 1012 1030 alia
1040 998 1166 1041 parte]
1199 999 1297 1032 Haec
1330 998 1460 1039 verba,
1488 1009 1510 1032 a
1534 998 1682 1033 Gruter«)
1706 999 1761 1033 in-

397 1062 475 1102 epte
506 1069 567 1101 pro
597 1058 716 1102 glossa
745 1056 886 1097 habita,
918 1057 1153 1100 perspicuitati
1182 1057 1388 1092 narrationis
1416 1058 1584 1092 inservire
1613 1069 1680 1092 non
1708 1062 1762 1093 est

399 1119 555 1152 dubium.
603 1117 732 1150 Errant
764 1119 898 1159 tamen,
933 1117 992 1159 qui
1025 1118 1069 1151 ad
1094 1118 1331 1160 praecedentia
1353 1118 1480 1152 divorsi
1500 1119 1681 1152 redeuntes
1706 1129 1761 1152 re-

398 1181 515 1213 ferunt
529 1202 538 1218 ‚
568 1177 624 1210 cui
660 1176 711 1210 rei
746 1180 848 1219 atque
883 1186 1022 1218 prorsus
1051 1178 1174 1212 obstat.
1219 1178 1336 1219 Quare
1359 1177 1409 1211 ad·
1425 1177 1668 1224 sigmfleabaut
1689 1180 1762 1212 tra-

398 1239 511 1272 henda
535 1240 624 1277 sunt,
645 1237 714 1270 hoo
735 1246 854 1269 sensu:
877 1235 960 1278 quia
982 1236 1016 1270 d.
1037 1247 1067 1271 r.
1090 1247 1130 1270 ex
1153 1237 1260 1270 variis
1283 1237 1364 1270 locis
1386 1235 1596 1271 nunciabant
1617 1225 1704 1279 visa,
1728 1241 1762 1270 et

397 1300 534 1343 quidem
558 1307 676 1330 omnes
699 1295 832 1328 eadem.
877 1297 987 1338 Atque
1009 1295 1100 1329 enim
1124 1307 1166 1330 ea
1188 1295 1224 1329 vi
1245 1295 1416 1338 positum,
1446 1306 1551 1338 quam
1574 1296 1763 1330 illustravi·-

397 1369 475 1392 mus
507 1357 551 1390 ad
583 1367 612 1389 c.
643 1354 756 1394 xcu,
776 1353 812 1386 4.
834 1370 879 1377 —-
910 1354 979 1388 Pro
1005 1356 1058 1389 ita
1092 1355 1188 1389 codd.
1213 1355 1313 1399 pauci
1343 1366 1386 1388 ae
1417 1355 1602 1389 deteriores
1630 1356 1763 1390 hahent

401 1418 535 1462 igitur,
558 1415 648 1458 quod
671 1412 822 1447 Weisius
844 1423 886 1445 ex
908 1415 1079 1457 corruptis
1101 1416 1175 1448 edd.
1199 1414 1340 1458 recepit.
1365 1433 1409 1439 -
1434 1416 1551 1459 Aeque
1569 1415 1670 1449 valde
1691 1419 1762 1449 tor-

399 1477 446 1511 sit
468 1476 679 1518 interpretem
725 1473 773 1506 Ut
795 1461 1003 1515 antiquiores
1025 1475 1243 1515 omittamus,
1266 1474 1421 1508 Wassius
1442 1474 1686 1518 interpretatur
1698 1477 1763 1517 sa-

398 1537 474 1576 cile,
492 1538 570 1578 fere
584 1558 594 1575 ‚
614 1543 743 1579 proptu·
766 1531 904 1566 eortius
927 1534 1106 1578 coniungit
1127 1545 1236 1579 aeque
1258 1545 1282 1566 a
1303 1538 1414 1578 tergo,
1438 1535 1610 1577 explicans
1630 1533 1763 1578 gerade

398 1607 465 1629 von
488 1595 604 1628 himen
634 1604 700 1630 zu,·
732 1590 910 1634 Bipontini
941 1604 1014 1627 esse
1037 1594 1159 1627 volunt
1181 1598 1292 1634 certe,-
1321 1594 1511 1629 Muellerus
1531 1592 1623 1626 idem
1642 1593 1760 1626 valere

397 1658 512 1688 censet
533 1657 637 1695 atque
659 1661 825 1695 graecum
849 1649 956 1693 ἴσωςς
990 1663 1060 1695 qna
1081 1652 1247 1687 sententia
1267 1663 1334 1686 non
1365 1653 1469 1697 plane
1490 1652 1616 1687 reiecta
1639 1652 1762 1686 Gerla-

397 1713 497 1747 chius
528 1712 563 1746 in
596 1712 799 1745 commentt.
831 1721 865 1752 p.
892 1709 974 1743 328.
1004 1720 1126 1743 vocem
1156 1708 1206 1743 ait
1235 1711 1349 1757 magis
1379 1712 1585 1756 respondere
1613 1722 1762 1756 graecae

396 1770 591 1814 particulae
622 1767 739 1812 ὅμως,
773 1775 912 1810 tamem,-
946 1768 1142 1802 Gronovius
1171 1779 1255 1805 vero
1276 1775 1476 1815 corruptum
1499 1776 1622 1816 putans
1643 1773 1760 1816 utique

395 1830 580 1874 legendum
607 1831 730 1871 suasit,
763 1830 1005 1873 interpretatus
1028 1829 1203 1861 minimum
1217 1857 1226 1869 ,
1259 1832 1464 1872 ἀπητεαπιιες
1487 1842 1624 1874 prorsus
1641 1823 1759 1865 ⁴utitem

397 1890 578 1923 delendum
611 1888 740 1924 iudicat
771 1889 1054 1934 Voigtlaenderus
1085 1889 1120 1921 in
1151 1889 1337 1924 Forcellini
1366 1891 1447 1925 Lex.
1480 1891 1574 1927 mv,
1608 1889 1654 1923 Τ.
1676 1890 1703 1923 1.
1726 1901 1759 1933 p.

396 1949 468 1991 93„
493 1953 612 1992 utpote
635 1961 677 1983 ex
704 1955 864 1993 sequente
894 1959 979 1982 voce
1002 1949 1131 1991 aliquos
1159 1953 1286 1984 ortum.
1332 1950 1400 1985 Sed
1434 1961 1517 1992 vere
1538 1949 1697 1983 Handius
1718 1949 1760 1982 de

396 2009 544 2044 Particc.
569 2010 645 2042 Lat.
670 2011 744 2044 Vol.
770 2012 811 2046 11.
834 2021 868 2053 p.
889 2008 968 2043 198.
994 2008 1144 2051 „Omnia
1165 2009 1264 2050 haec,
1286 2009 1407 2052 inquit,
1436 2009 1589 2044 mirabili
1613 2009 1760 2043 audacia

396 2069 541 2102 conficta
578 2062 668 2102 sunt.
723 2071 931 2115 Iugurtham
975 2078 1038 2101 sua
1078 2078 1153 2110 spes
1192 2068 1387 2111 fefellerat,
1429 2069 1511 2102 dum
1547 2068 1680 2102 Marius
1721 2069 1760 2102 in

396 2129 560 2173 quadrati
594 2130 745 2173 agminis
777 2131 925 2174 statione
959 2128 1126 2172 persistit3
1157 2128 1232 2171 ipse
1264 2129 1356 2163 enim
1388 2129 1503 2172 copias
1535 2128 1570 2168 in
1599 2131 1761 2171 quattuor

395 2193 511 2232 partes
533 2188 584 2222 ita
607 2189 846 2231 distribuerat,
870 2194 925 2230 ut,
950 2188 1142 2231 ubicunque
1165 2188 1297 2223 Marius
1321 2176 1675 2232 processisset-{quem
1696 2198 1759 2231 pn·

398 2249 494 2282 tabat
524 2259 592 2281 non
611 2246 791 2291 'quadrato
822 2249 987 2294 agmine,
1017 2248 1076 2282 sed
1107 2249 1258 2282 exercitu
1288 2249 1324 2282 in
1347 2258 1451 2282 unum
1476 2250 1648 2282 coniuncto
1671 2247 1760 2292 ireJ,

398 2319 440 2341 ex
463 2309 614 2342 omnibus
646 2309 699 2342 his
731 2309 835 2352 copiis
866 2320 974 2353 aequo
996 2309 1094 2342 modo
1118 2312 1278 2352 paratum
1302 2313 1391 2342 esset
1408 2308 1604 2352 aliquibus,
1635 2311 1674 2341 ut
1695 2305 1759 2340 ho-'

397 2368 506 2402 stibus
528 2368 572 2402 ab
597 2372 697 2413 tergo
720 2368 884 2402 venirent.
931 2369 1126 2403 cohaerent
1147 2368 1256 2414 igitur
1270 2370 1377 2404 verba
1396 2380 1436 2402 es
1458 2369 1609 2402 omnibus
1627 2378 1759 2412 aeque,-

398 2428 510 2469 quod,
546 2427 575 2461 si
606 2439 680 2461 rem
710 2429 754 2462 ad
787 2428 940 2462 hostium
976 2428 1144 2473 impetum
1175 2428 1353 2470 retuleris,
1391 2428 1482 2462 idem
1517 2428 1629 2468 valet,
1667 2438 1708 2462 ae
1729 2427 1759 2460 si

399 2487 558 2527 dixisset,
592 2486 629 2520 in
663 2498 882 2532 quocumque
910 2489 1062 2523 bostium
1085 2489 1255 2524 ἰιιικὲεειιέι
1301 2489 1369 2523 Per
1389 2498 1427 2523 se
1446 2487 1555 2532 igitur
1575 2490 1670 2531 patet
1692 2488 1758 2521 ah·-

398 2558 480 2591 quos
502 2558 576 2581 esse
598 2559 701 2581 unam
724 2559 766 2581 ex
789 2553 950 2592 quattuor
971 2548 1042 2582 illis
1064 2548 1232 2592 partibus.

490 2608 523 2649 ς.
546 2606 578 2639 4.
625 2607 736 2640 hostes
770 2609 986 2653 attigerant]
1027 2597 1171 2651 Hostes,
1201 2608 1291 2652 quod
1322 2607 1528 2642 vocabulum
1562 2616 1628 2640 non
1652 2609 1702 2640 eet
1724 2606 1758 2640 in

400 2665 475 2698 cod.
499 2666 670 2710 Bongars.
693 2667 798 2700 Fahr.
823 2667 856 2701 1.
880 2668 913 2703 2.
937 2668 1029 2702 Med.
1053 2667 1076 2702 8
1112 2671 1146 2702 et
1168 2667 1278 2702 Vatie.
1302 2667 1515 2707 1.,fCortius
1537 2670 1665 2703 temeto
1685 2665 1756 2698 eie·

399 2723 455 2757 cit.
480 2744 522 2750 ——
556 2724 650 2759 Idem
683 2736 845 2769 perverso
879 2727 1006 2763 iudicio
1039 2728 1160 2762 ductus
1191 2728 1296 2761 verba
1325 2728 1396 2771 ipse
1431 2726 1560 2770 aliique
1587 2736 1610 2760 a
1638 2724 1758 2760 scribis
