1826 3276
394 187 450 228 42
761 181 805 224 c.
835 179 1144 224 SALLUSTI
1175 179 1402 239 omspr

396 297 519 340 brevi
549 300 843 355 pervenerat,
890 299 939 338 ut
974 294 1130 338 nostris
1162 294 1449 341 vehementer
1478 297 1627 348 carus,
1658 295 1756 347 Nu—

361 391 596 442 5mantinis
627 402 832 433 maxumo
866 388 1023 432 terrori
1057 394 1185 433 esset.
1257 390 1328 433 Ae
1355 404 1480 442 sane,
1515 388 1638 447 quod
1667 388 1756 432 dif-

393 486 649 529 ficillumum
681 486 726 526 in
762 483 913 541 primis
951 489 1039 539 est,
1086 489 1130 527 et
1156 483 1328 543 proelio
1355 489 1555 527 strenuus
1585 489 1680 528 erat
1713 489 1757 527 et

393 581 534 623 bonus
564 579 770 634 consilio,
801 591 988 636 quorum
1020 578 1205 622 alterum
1234 593 1289 623 ex
1319 578 1596 638 providentia
1623 578 1755 622 timo-

393 689 512 728 rem,
545 674 730 719 alterum
751 687 806 717 ex
836 673 1021 717 audacia
1050 675 1340 718 temeritatem
1370 673 1530 717 afferre
1556 673 1755 733 plerum—

354 773 380 811 6
395 783 482 827 que
516 769 638 812 solet.
708 768 854 828 Igitur
884 769 1124 829 imperator
1165 770 1303 814 omnis
1337 769 1433 813 fere
1470 783 1540 812 res
1576 782 1754 828 asperas

389 926 506 961 sianns
528 927 553 962 1.
579 927 603 961 Ι.
627 926 777 968 habeat,
814 926 1041 968 Ger1achius,
1070 927 1105 960 in
1127 937 1169 961 eo
1190 927 1389 971 expellendo
1414 925 1570 961 Curtium
1598 923 1684 959 olim
1703 934 1754 958 se-

390 991 512 1029 cutus,
536 986 572 1020 iu
595 986 782 1021 novissima
805 986 859 1019 ed.
883 986 1009 1020 merito
1033 987 1214 1031 vulgatam
1236 985 1394 1020 restituit.

479 1049 512 1088 §.
546 1045 580 1080 5.
639 1047 890 1091 difficillumum
934 1048 970 1080 in
1004 1047 1147 1091 primis]
1180 1046 1349 1090 Imprimis
1381 1044 1585 1078 Gerlachius
1623 1042 1756 1077 notavit

391 1110 510 1140 contra
553 1117 686 1147 morem
725 1118 804 1140 cum
842 1106 1054 1150 superlativo
1094 1105 1247 1139 iunctum
1291 1116 1387 1146 esse3
1429 1104 1608 1149 geminum
1639 1108 1754 1137 tamen

387 1166 585 1209 exemplum
619 1166 734 1200 attulit
769 1177 810 1199 ex
839 1166 911 1199 cio.
946 1165 980 1199 in
1010 1166 1107 1199 verr.
1137 1165 1198 1208 111,
1225 1165 1280 1206 27,
1304 1164 1360 1199 68.
1410 1165 1532 1209 Itaque
1561 1164 1689 1198 hmini
1710 1164 1755 1197 in

384 1226 547 1270 primis
576 1226 922 1270 improbissimo
954 1226 1166 1270 respondent.
1220 1225 1290 1258 Sed
1324 1225 1427 1258 valde
1456 1226 1552 1258 errat
1581 1223 1620 1258 V.
1642 1223 1688 1257 D.
1717 1223 1755 1256 in

384 1286 506 1330 primis
526 1297 589 1330 pro
612 1286 773 1319 adverbio
797 1286 941 1328 habens,
964 1297 1031 1329 quo
1055 1284 1256 1329 superlativi
1279 1283 1331 1318 vis
1353 1287 1547 1328 augeatur3
1569 1292 1650 1317 nam
1665 1293 1755 1325 quae

386 1353 490 1379 voces
519 1345 728 1389 superlativo
763 1346 922 1390 augendo
952 1346 1032 1380 addi
1067 1347 1194 1388 solent,
1228 1345 1278 1378 ita
1304 1344 1484 1384 differunt,
1514 1346 1553 1377 ut
1585 1343 1692 1376 multo
1712 1351 1754 1375 ac

388 1405 491 1450 longe
516 1405 710 1450 significent
734 1412 899 1450 quantum
921 1406 975 1448 id,
999 1406 1089 1449 quod
1113 1415 1286 1439 summum
1311 1407 1385 1445 est,
1416 1414 1439 1437 a
1454 1401 1590 1437 relicuis
1609 1401 1712 1435 rebus
1733 1412 1753 1434 e

382 1465 508 1508 quibus
543 1465 694 1498 eminere
726 1465 852 1499 dicitur
883 1466 1003 1507 distet,
1036 1477 1139 1510 quam
1161 1476 1245 1498 vero
1269 1467 1303 1497 et
1332 1463 1388 1497 vel
1417 1460 1623 1496 eminentiae
1642 1460 1751 1494 notio-

383 1535 462 1557 nem
486 1535 553 1558 non
576 1536 636 1568 per
659 1537 695 1558 se
718 1530 889 1570 augeant,
912 1525 971 1560 sed
994 1525 1038 1558 ad
1061 1524 1226 1567 cuiusque
1247 1523 1414 1557 iudicium
1432 1525 1467 1556 et
1484 1520 1684 1564 'opinionem
1695 1530 1753 1554 re-

382 1584 508 1618 ferant.
555 1584 767 1628 Superlativi
790 1590 905 1620 autem
929 1586 1085 1618 absolute
1108 1588 1143 1618 et
1163 1584 1237 1617 sine
1254 1583 1424 1617 relatione
1440 1581 1544 1626 positi
1558 1581 1655 1614 nulla
1670 1590 1752 1624 gm-

383 1643 478 1677 datio
500 1655 574 1677 esse
596 1649 724 1687 potest3
759 1657 840 1679 nam
864 1646 1017 1689 ineptum
1042 1646 1152 1686 foret,
1187 1644 1223 1677 id
1247 1643 1339 1687 quod
1368 1654 1431 1687 per
1452 1653 1490 1676 se
1510 1642 1673 1685 optimum
1693 1640 1752 1673 vel

383 1704 628 1747 gravissimum
659 1703 807 1744 dicitur,
847 1705 950 1738 valde
983 1706 1038 1738 vel
1069 1704 1251 1738 admodum
1284 1703 1445 1748 optimum
1475 1701 1600 1736 dicere.
1650 1699 1751 1744 Quod

383 1761 536 1795 nonnulli
571 1766 687 1796 autem
711 1764 833 1798 volunt
855 1765 1003 1798 maxime
1025 1763 1237 1807 superlativo
1261 1763 1359 1806 addi,
1383 1763 1479 1796 velut
1501 1762 1582 1795 Ger.
1604 1760 1632 1794 1.
1655 1759 1750 1792 Voss·

383 1821 427 1855 tle
449 1821 638 1855 Consti-net.
673 1835 703 1857 e.
728 1823 834 1857 xvu.
867 1836 900 1868 p.
932 1822 1013 1857 385.
1048 1823 1257 1856 Ruddiman.
1289 1821 1412 1856 Institt.
1444 1822 1601 1855 Gramm.
1635 1819 1681 1853 Τ.
1703 1818 1748 1852 11.

381 1892 416 1924 p.
441 1880 519 1914 306.
543 1882 715 1914 Drakenb.
747 1883 790 1916 ad
815 1882 890 1918 Liv.
915 1884 1011 1924 xm,
1034 1882 1091 1922 23,
1115 1882 1149 1916 6.
1173 1881 1310 1914 Ernesti
1335 1880 1371 1913 in
1394 1880 1488 1914 Clav.
1512 1879 1583 1913 Cic.
1606 1889 1640 1914 v.
1663 1883 1748 1918 tam,

381 1940 591 1974 Ramshorn.
618 1940 774 1973 Gramm.
810 1941 883 1975 Lat.
915 1944 947 1983 §.
971 1941 1050 1982 156,
1073 1941 1108 1974 3.
1135 1951 1168 1974 a·
1191 1951 1224 1983 p.
1249 1940 1341 1981 320„
1363 1939 1400 1972 id
1421 1939 1550 1972 dudum
1572 1938 1749 1981 explosum
1789 1962 1792 1970 .

382 2002 434 2033 est
455 2009 477 2032 a
499 2009 634 2032 summo
657 2000 867 2034 Ruhnkenio
899 2001 942 2034 ad
976 2001 1062 2034 Vell.
1090 2001 1135 2040 11,
1159 1999 1218 2040 27,
1242 2000 1275 2033 1.
1322 1999 1411 2033 Nam
1442 2008 1532 2042 quae
1565 1997 1638 2031 eius
1659 2000 1748 2030 stru—

382 2062 500 2092 cturae
522 2058 670 2093 afferunt
692 2060 862 2102 exempla,
886 2060 956 2093 Cic.
992 2060 1027 2093 in
1051 2061 1149 2095 Verr.
1172 2060 1216 2101 11,
1247 2058 1306 2099 66,
1329 2059 1408 2093 160.
1457 2058 1746 2100 Taurominitani,

381 2119 440 2162 qui
472 2119 661 2152 maxime
692 2119 735 2151 ab
771 2120 906 2153 iniuriis
936 2124 1127 2153 nostrorum
1150 2119 1420 2163 magistratuum
1451 2118 1747 2152 remotissimi

381 2183 584 2212 consuerant
607 2189 702 2219 esse,
731 2178 807 2212 Liv.
831 2179 854 2212 l.
876 2180 900 2215 l.
946 2179 1026 2223 Ego
1058 2178 1247 2212 maxime
1279 2178 1532 2223 gravissim
1545 2189 1611 2212 am
1635 2178 1745 2222 (rem)

383 2238 447 2282 agi
477 2238 644 2279 arbitror,
677 2238 811 2271 Colum.
837 2239 904 2280 IX,
928 2238 960 2274 3.
1007 2239 1112 2282 Λρίε,
1148 2239 1178 2272 si
1208 2239 1364 2282 saevior,
1387 2239 1576 2273 maxime
1610 2239 1745 2283 pessi-

382 2309 529 2338 ma,-
551 2298 659 2339 haec,
682 2300 716 2330 et
749 2298 777 2331 si
801 2309 890 2341 quae
920 2298 992 2332 alia
1024 2301 1123 2342 sunt,
1156 2299 1213 2331 vel
1242 2300 1333 2332 male
1365 2298 1494 2342 scripta
1528 2299 1585 2333 vel
1621 2308 1746 2342 parum

382 2361 543 2392 necui-ute
573 2357 665 2391 edita
693 2358 885 2399 habentur3
924 2358 1092 2401 corruptis
1131 2360 1247 2391 autem
1289 2359 1512 2401 probatorum
1540 2357 1746 2402 scriptorum

382 2418 548 2461 exemplis
571 2429 639 2452 non
664 2418 809 2451 meliora
833 2423 910 2452 sunt
935 2419 1040 2461 petita
1063 2430 1103 2451 ex
1129 2417 1183 2458 iis,
1211 2416 1269 2460 qui
1292 2418 1443 2454 barbara
1466 2418 1619 2452 oratione
1642 2421 1743 2450 utun-

383 2483 450 2512 tur.
497 2479 612 2521 Quare
637 2488 743 2520 quum
766 2478 966 2520 superlativi
995 2477 1068 2518 vis,
1102 2480 1236 2519 praeter
1267 2490 1366 2512 voces
1387 2489 1492 2522 supra
1513 2477 1639 2519 dictus,
1662 2488 1743 2520 qua-

385 2549 464 2571 rum
480 2537 668 2581 peculiaris
688 2537 778 2571 ratio
799 2543 861 2579 est,
885 2538 979 2572 nullo
996 2537 1161 2571 adverbio
1183 2537 1305 2582 augeri
1326 2538 1443 2581 possit,
1465 2537 1619 2580 sequitur
1638 2535 1743 2570 etiam

385 2597 551 2642 imprimis
581 2596 660 2631 talis
690 2597 844 2633 adverbii
874 2598 964 2631 vices
996 2597 1162 2631 sustinere
1197 2608 1263 2631 non
1292 2608 1402 2641 posse.
1444 2596 1562 2640 Neque
1590 2594 1743 2637 sustinet,

384 2657 490 2692 modo
520 2660 635 2692 teneas
671 2668 738 2691 non
776 2658 942 2702 imprimis
979 2657 1202 2701 adverbium,
1235 2657 1294 2691 sed
1327 2658 1362 2691 in
1390 2656 1511 2701 primis
1540 2653 1742 2690 substantivi

386 2720 555 2761 potestate
577 2717 636 2752 hic
658 2717 798 2761 haberi,
830 2717 872 2752 de
895 2729 963 2761 quo
986 2717 1143 2753 dictionis
1166 2715 1360 2754 discrimine
1391 2728 1423 2751 v.
1446 2716 1490 2751 ad
1513 2715 1588 2751 Cat.
1612 2714 1685 2757 LX,
1707 2713 1741 2749 6.
