1826 3276
372 175 429 215 w
739 170 785 213 C.
813 169 1126 213 SALLUSTI
1155 170 1371 214 CRISBI

376 285 452 329 ubi
494 286 630 344 legati
683 284 786 327 satis
837 282 1063 327 confidunt
1078 315 1091 339 ‚
1139 283 1212 328 die
1260 286 1492 328 constituto
1547 284 1733 330 Senatus

376 380 570 436 utrisque
618 377 758 423 datur.
838 377 959 420 Tum
1000 377 1306 422 Adherbalem
1345 379 1436 423 hoc
1479 378 1616 423 modo
1663 380 1734 424 lo-

376 479 523 517 cutum
551 470 813 530 accepimus.

509 565 628 610 XIV.
696 565 880 620 „Patres
922 564 1171 626 conscripti.
1217 566 1409 627 Micipsa
1451 571 1580 628 pater
1612 583 1736 613 meus

376 639 708 704 mor'iensxmihi
741 661 990 721 praecepit,
1022 662 1086 705 uti
1118 661 1244 721 regni
1278 662 1511 708 Numidiae
1542 669 1737 708 tantum-

377 755 512 799 modo
558 756 915 815 procurationem
963 756 1270 801 existumarem
1320 772 1467 803 meam
1483 791 1497 815 ,
1542 764 1738 803 ceterum

472 915 561 950 XIV.
610 916 645 960 ἕ.
666 915 700 951 1.
745 916 830 951 mihi
848 916 1038 962 praecepit]
1062 916 1256 950 Pronomen
1271 917 1372 959 mihi,
1395 918 1556 954 evurtio
1578 920 1737 964 eiectum,

376 974 458 1019 quia
478 975 515 1009 in
538 975 686 1019 quinque
710 977 808 1010 codd.
835 980 913 1021 post
942 976 1119 1020 praecepit
1140 975 1290 1019 legitur,
1324 989 1406 1011 cum
1430 979 1615 1014 Ger-lachin
1637 990 1738 1015 revo-

375 1034 540 1069 cavimus.
584 1035 698 1080 Aegre
719 1036 812 1070 enim
835 1048 877 1070 eo
898 1046 1027 1077 careas,
1051 1046 1156 1078 quum
1175 1035 1351 1071 Adherbal
1373 1037 1409 1071 in
1425 1041 1496 1073 totu
1518 1039 1682 1089 oratione
1698 1050 1740 1075 eu

376 1094 527 1128 maxime
549 1095 674 1130 afferat
689 1119 700 1138 ‚
723 1107 811 1140 quae
834 1097 877 1132 ad
900 1107 998 1130 suam
1023 1106 1203 1139 personam
1225 1100 1394 1138 spectent,
1426 1109 1495 1141 qua
1518 1109 1586 1132 non
1605 1098 1739 1144 signiti—

376 1157 455 1188 catn
476 1165 604 1199 vagam
636 1157 745 1190 verba
776 1157 977 1191 sententium
1006 1156 1136 1189 habere
1162 1154 1331 1191 videntur.
1376 1157 1446 1191 Sed
1469 1158 1580 1191 multo
1603 1169 1741 1200 perver-

376 1214 447 1248 sius
474 1214 608 1248 Cor-tius
630 1215 745 1248 statim
771 1219 847 1258 post
868 1215 992 1249 edidit=
1013 1216 1066 1248 uti
1087 1225 1274 1259 regnum
1298 1215 1486 1250 Numidiae
1507 1218 1740 1252 tantummodo

375 1275 715 1321 procuratione
746 1276 976 1309 existimarem
1007 1285 1163 1317 meum,
1196 1286 1284 1318 quae
1315 1275 1484 1319 scripturn.
1514 1287 1537 1310 a
1570 1277 1741 1310 librorum

377 1333 445 1367 fido
467 1334 564 1367 nulla
592 1338 663 1374 est,
695 1344 717 1368 a
748 1335 882 1369 dicendi
914 1347 979 1370 usu
1011 1335 1160 1377 vitiosa,
1196 1344 1218 1368 a
1250 1345 1351 1368 sensu
1381 1335 1515 1384 inepta.
1553 1336 1740 1381 vulgatam

376 1393 468 1426 enim
493 1402 610 1427 omncs
632 1393 729 1428 codd.
753 1398 908 1438 tuentur,
931 1395 996 1428 nisi
1020 1395 1109 1438 quod
1132 1394 1168 1427 in
1191 1395 1307 1428 Guelf.
1335 1395 1391 1429 10.
1415 1399 1449 1428 et
1471 1395 1507 1428 in
1529 1394 1617 1429 Tur.
1643 1397 1674 1430 1.
1691 1407 1738 1430 m.

378 1462 428 1496 pr.
453 1452 580 1496 legitur
600 1463 744 1497 regno
769 1455 874 1489 Num.
898 1459 932 1489 et
954 1455 990 1488 in
1014 1454 1160 1487 Eccard.
1185 1453 1301 1488 Guelf.
1323 1454 1357 1488 6.
1372 1453 1406 1487 9.
1434 1453 1527 1487 Lcid.
1551 1454 1589 1487 G.
1614 1455 1688 1489 Vat.
1708 1455 1741 1488 2.

377 1513 464 1546 Min.
484 1513 524 1547 2.
546 1524 592 1547 re
601 1524 733 1558 gnum
759 1515 863 1548 Num.
889 1526 957 1558 quo
981 1515 1074 1548 nisus
1097 1513 1234 1547 Cottius
1255 1524 1361 1557 quum
1383 1514 1419 1547 in
1446 1513 1561 1547 Guelf.
1585 1513 1618 1548 6.
1644 1513 1742 1548 inve-

378 1572 484 1606 nisset
509 1573 832 1616 praenuntiae-nem
854 1573 1083 1608 inconsultam
1111 1572 1255 1607 tentavit
1286 1570 1524 1607 mutationem.
1573 1573 1668 1607 Tum
1691 1575 1742 1607 vi—

378 1631 526 1664 dendum
547 1642 591 1665 ne
616 1642 739 1674 parum
761 1634 907 1668 latinum
931 1634 991 1675 sit,
1015 1633 1043 1667 si
1066 1632 1183 1675 aliqua
1204 1642 1260 1665 res
1281 1631 1437 1665 ablativa
1457 1631 1607 1665 verbulis
1629 1633 1741 1666 uomi—

377 1690 430 1724 uis
454 1690 565 1734 posito
589 1692 735 1726 alicuius
765 1703 836 1727 esse
858 1694 915 1727 vel
937 1693 1022 1737 fieri
1054 1692 1199 1725 dicatur.
1245 1689 1418 1733 Denique,
1449 1691 1540 1735 quod
1576 1693 1781 1737 gavissus

376 1760 493 1792 mum,
525 1761 594 1784 non
627 1751 696 1785 sibi
726 1757 942 1796 opponuntur
975 1763 1164 1797 regnum
1198 1750 1388 1784 Numidiae
1418 1754 1453 1785 et
1483 1752 1578 1786 eius
1610 1753 1742 1798 impe-

379 1810 510 1852 rium,
542 1810 602 1845 sed
627 1811 813 1846 Numidiae
841 1813 1122 1858 procuratio
1153 1813 1187 1845 et
1218 1811 1291 1844 eius
1318 1811 1559 1855 imperium
1590 1814 1743 1856 etius,

383 1870 470 1903 unde
491 1869 593 1903 simul
617 1871 832 1914 consequitur
854 1883 1032 1917 perperam
1057 1882 1079 1907 a
1101 1871 1220 1906 Curtio
1253 1871 1325 1919 eius
1347 1869 1513 1904 omissum
1535 1881 1630 1914 esse,
1663 1873 1744 1909 licet

378 1929 414 1962 iu
430 1929 527 1963 codd.
551 1929 649 1963 Rivii
665 1953 677 1970 ‚
699 1930 830 1974 aliquot
853 1933 1045 1976 Cottianis,
1067 1933 1162 1967 Leid.
1180 1931 1218 1964 Ε.
1243 1930 1320 1964 Vnt.
1343 1929 1376 1963 5.
1402 1933 1436 1963 et
1454 1931 1559 1964 Bar-b.
1587 1931 1620 1966 6.
1646 1933 1742 1968 desit.

379 1989 475 2022 Istud
499 1990 631 2022 factum
655 1990 861 2026 Gerlachius
885 1992 920 2026 in
945 1996 1039 2027 textu
1062 1989 1294 2035 improbavit,
1326 1989 1385 2023 sed
1409 1989 1455 2023 'in
1478 1990 1685 2029 Commenta
1708 2005 1741 2036 p.

378 2047 459 2081 232.
490 2047 608 2082 Curtio
630 2050 836 2093 assentitur,
867 2056 941 2086 tum
965 2055 1103 2096 propter
1129 2050 1213 2084 duos
1243 2048 1339 2082 codd.
1362 2049 1464 2090 Itan„
1486 2053 1559 2084 tum
1583 2052 1666 2094 quia
1688 2065 1743 2087 ee-
1803 2055 1808 2063 “

379 2113 489 2143 terum
512 2109 669 2142 membra
688 2111 852 2145 orationis
874 2115 945 2146 tam
969 2115 1062 2144 arcte
1085 2110 1241 2153 copulet,
1264 2112 1301 2142 ut
1321 2108 1425 2152 regni
1447 2111 1552 2145 etiam
1568 2113 1611 2145 ad
1633 2113 1688 2147 ius
1710 2117 1745 2147 et

378 2168 557 2212 imperium
586 2169 708 2202 referri
737 2171 852 2213 possit.
900 2171 1001 2214 Quod
1032 2180 1244 2214 quamquam
1276 2180 1344 2202 non
1376 2179 1486 2214 nego,
1527 2174 1642 2206 tamen
1672 2174 1744 2207 eius

378 2228 566 2263 sententiae
599 2229 876 2273 perspicuitatem
899 2231 1001 2265 valde
1032 2231 1199 2270 adiuvat,
1230 2240 1319 2272 quac
1351 2229 1424 2263 sine
1445 2230 1598 2274 genitivo
1621 2243 1743 2276 prono-

379 2288 483 2322 minis
506 2288 609 2322 t'acilc
636 2300 700 2332 pro
732 2290 888 2334 generali
920 2291 997 2335 capi
1027 2290 1143 2334 possit.
1189 2290 1243 2323 Ad
1276 2290 1343 2323 hoc
1374 2291 1744 2333 praestanti-simorum

379 2349 477 2383 codd.
503 2349 658 2382 omnium
685 2350 871 2384 auctoritas
892 2350 1023 2394 aliquid
1054 2351 1166 2391 valet,
1200 2349 1257 2383 cui
1279 2350 1442 2384 Gerlach.
1464 2350 1501 2385 in
1529 2353 1581 2386 od.
1613 2352 1746 2386 minore

379 2408 484 2442 etium
507 2408 632 2452 paruit.
679 2410 836 2443 Ceterum
858 2410 1030 2454 quomodo
1056 2411 1128 2444 vim
1149 2411 1210 2444 aed
1232 2410 1421 2454 particulae
1443 2411 1592 2456 accipiat
1613 2412 1743 2447 dietum

377 2471 431 2503 est
453 2469 496 2502 nd
518 2480 547 2501 c.
566 2469 608 2510 ΙΙ,
630 2468 663 2502 4.

467 2538 526 2561 vos
551 2528 710 2572 affinium
734 2530 804 2563 loco
828 2530 996 2574 ducerem]
1032 2530 1084 2563 lta
1105 2530 1255 2574 optimus
1277 2532 1311 2564 et
1332 2529 1587 2573 antiquissimus
1611 2530 1686 2565 vat.
1703 2531 1740 2565 A.

378 2591 454 2622 tum
476 2588 631 2622 nonnulli
646 2600 688 2622 ex
703 2589 843 2623 Gruter-i
860 2590 977 2634 libi-is,
1000 2600 1088 2633 quos
1102 2590 1161 2623 ille
1184 2594 1316 2631 tamon,
1341 2599 1445 2623 verae
1466 2589 1623 2623 lectionis
1644 2589 1743 2634 igna-

380 2659 456 2690 rus,
487 2648 684 2682 recentioris
717 2649 840 2682 aetatis
869 2648 975 2691 dicit,
1011 2661 1052 2683 ex
1078 2649 1265 2683 Wnssianis
1289 2650 1378 2683 Ball.
1403 2649 1503 2683 Bodl.
1527 2652 1562 2682 et
1582 2649 1742 2690 Martin.;

380 2707 471 2742 idem
493 2708 622 2742 habent
638 2708 755 2744 Struv.
773 2708 867 2742 Leid.
883 2709 927 2743 Κ.
946 2710 1019 2743 cod.
1045 2709 1251 2744 Rittershus.
1273 2709 1355 2745 Bas.
1371 2708 1406 2743 4.
1427 2709 1529 2743 Bern.
1544 2709 1578 2743 4.
1601 2709 1691 2743 Med.
1708 2709 1741 2742 8.
