1826 3276
440 159 811 206 IUGURTHA.
872 157 998 202 CAP.
1027 155 1174 202 XXII.
1419 157 1506 202 18⁹5

110 280 368 342 eo‘rmagis',
414 279 541 339 quod
575 279 779 334 Romae,
825 277 935 322 dum
968 274 1415 339 proficisci'parant,
1445 273 1507 319 de

108 379 287 440 proelio
333 378 456 423 facto
516 384 561 422 et
613 376 959 438 oppugnatione
1011 373 1162 419 Cirtae
1217 371 1503 427 audiebatur3

108 462 192 521 sed
234 477 271 523 is
307 476 474 521 ‘rumor'
507 476 703 520 clemens
741 480 848 519 erat.
921 473 1130 529 Quorum
1166 469 1385 532 Iugurtha
1423 475 1539 515 zie-2

110 636 155 670 ad
179 647 209 670 c.
233 635 349 677 ΧΟΙΙ,
373 635 407 681 2,
442 633 596 678 Supinae
628 637 748 668 autem
781 632 1020 678 negligentiae
1051 631 1267 666 accusandus
1295 634 1348 666 est
1379 631 1508 666 Gerla-

110 697 232 738 chius,
257 695 318 741 qui
340 696 423 740 quid
447 695 563 729 Italici
590 695 689 728 codd.
714 694 905 739 praebeant
927 705 972 727 ne
1001 693 1112 727 verbo
1143 692 1286 736 quidem
1320 691 1508 726 monuerit.

112 778 155 783 —
181 758 250 792 Pro
275 758 327 791 ita
358 757 479 790 decem
509 756 608 789 codd.
642 756 812 800 itaque,
843 755 935 800 quod
973 765 1015 788 ex
1047 753 1316 796 interpolatione
1349 753 1508 788 additum

110 820 259 865 vulgata
279 817 432 853 deterius
455 820 525 858 est3
550 827 631 850 nam
656 817 848 862 asyndeton
863 815 1032 862 gravitati
1054 815 1214 855 Senatus,
1238 814 1405 847 brevibus
1421 825 1508 847 ver-

111 880 166 914 bis
189 878 266 922 usi,
292 873 409 924 magis
431 878 640 922 respondere
662 878 797 922 quivis,
822 879 968 923 opinor,
994 876 1098 911 facile
1121 874 1255 913 sentiet.
1292 875 1391 908 Idem
1416 875 1510 909 valet

110 942 154 975 de
178 953 258 976 esse,
273 944 351 986 post
373 940 542 984 dignum,
564 950 629 983 pro
656 951 726 983 quo
750 951 877 974 novem
901 939 1000 975 codd.
1018 940 1102 982 fore
1130 936 1316 979 exhibent,
1346 947 1368 970 a
1389 935 1510 970 Cottio

111 1007 302 1047 receptum.
373 1001 511 1036 certam
552 1001 646 1035 enim
688 1001 838 1035 Senatus
868 999 1041 1044 expromit
1077 997 1305 1039 sententiam3
1351 997 1511 1032 futurum

111 1068 285 1106 eventum,
309 1062 369 1108 qui
392 1062 518 1097 dubius
541 1066 604 1105 est,
631 1074 701 1096 non
725 1066 838 1097 curat.
862 1062 975 1097 Aliter
997 1060 1177 1096 Adherbal
1199 1060 1236 1093 in
1259 1058 1408 1103 supplici
1431 1070 1509 1093 ora·
1537 1102 1541 1117 ἡ

110 1125 207 1162 tione
228 1125 265 1160 in
288 1120 412 1160 senatu
433 1124 558 1159 habita
583 1137 614 1158 c.
641 1124 737 1166 xlv,
768 1123 826 1158 18.
862 1124 1053 1158 Masinissa
1083 1134 1145 1157 uos
1177 1122 1231 1158 ita
1262 1121 1435 1164 instituit,
1465 1131 1511 1154 ue

112 1199 212 1234 quem
247 1188 434 1221 coleremus
457 1186 526 1220 nisi
546 1186 712 1230 populum
739 1186 956 1225 Romanum;
990 1185 1129 1220 abunde
1161 1193 1297 1228 magna
1329 1181 1512 1226 praesidia

112 1249 209 1284 nobis
236 1250 274 1284 in
308 1253 426 1283 vostra
457 1248 614 1282 amicitia
629 1250 746 1291 fore.
795 1248 907 1292 Seque
931 1247 1068 1292 illisque
1092 1244 1265 1280 Weissius
1287 1243 1377 1277 bene
1398 1243 1513 1288 expli-

113 1313 190 1344 cat.-
223 1309 411 1350 Romanis,
445 1309 528 1353 quia.
558 1308 705 1342 minime
737 1308 904 1350 decebat,
937 1307 1042 1350 illos,
1080 1307 1142 1352 qui
1174 1306 1210 1341 in
1243 1317 1365 1340 eorum
1400 1306 1512 1341 tutela

113 1375 249 1413 essent,
275 1371 407 1405 bellum
430 1370 522 1406 inter
544 1381 581 1405 se
604 1381 748 1416 gerere;
783 1370 983 1407 Adherbale
1007 1374 1041 1406 et
1065 1369 1242 1416 Iugurtha
1256 1392 1267 1410 ,
1302 1366 1387 1412 qula
1421 1366 1515 1403 inter

112 1442 151 1468 se
172 1432 313 1478 cognati
333 1435 446 1468 erant.

206 1531 319 1567 xxn.
365 1534 398 1576 §.
423 1533 457 1570 1.
499 1533 672 1580 proficisci
701 1533 847 1579 parant]
880 1530 1022 1567 Fabric.
1059 1530 1094 1566 l.
1115 1535 1264 1576 parent,
1288 1530 1453 1573 soloece3
1477 1541 1515 1565 v.

117 1591 293 1628 Drakenb.
324 1594 368 1628 ad
402 1594 479 1629 mv.
508 1595 547 1637 1,
583 1593 653 1637 4⁰,
685 1594 722 1629 7.
757 1595 911 1629 Gronov.
944 1594 989 1628 ad
1019 1593 1078 1635 11,
1111 1592 1181 1634 4⁷,
1212 1590 1248 1628 5.
1297 1593 1352 1626 De
1382 1603 1515 1636 parare

117 1653 227 1687 verbo
260 1654 305 1689 cf.
341 1655 384 1688 ad
409 1656 484 1690 Cat.
517 1656 646 1698 XLVI,
679 1654 714 1692 3.
738 1675 784 1680 —
809 1656 968 1689 Clemens
989 1653 1159 1690 Priscian.
1184 1653 1316 1696 xvm,
1340 1652 1410 1695 26,
1433 1653 1516 1690 2⁷7.

119 1714 166 1750 Τ.
191 1715 233 1749 11.
255 1727 292 1760 p.
315 1715 396 1751 250.
421 1717 477 1751 ed.
505 1716 571 1750 Kr.
594 1715 639 1750 ad
670 1716 708 1749 h.
744 1716 768 1750 1.
803 1715 994 1760 respiciens
1027 1716 1113 1750 satis
1145 1716 1234 1749 bene
1265 1714 1417 1758 explicat
1447 1727 1518 1749 non

118 1777 246 1812 nimius
254 1790 268 1818 ,-
300 1777 498 1812 accuratius
522 1777 694 1810 Gruterus
717 1776 821 1810 illum
842 1788 1021 1811 rumorem
1044 1777 1254 1811 clementem
1277 1775 1398 1810 vocari
1422 1775 1519 1819 dicit,

118 1837 203 1882 quia
235 1838 329 1872 infra
358 1850 481 1873 verum
514 1837 642 1878 fuerit,
664 1836 863 1882 ‘minusque
895 1838 1052 1882 atrocia,
1081 1848 1190 1882 quam
1222 1848 1262 1871 re
1285 1847 1371 1870 vera
1394 1840 1519 1880 essent,

118 1899 332 1944 vulgaverit.
364 1899 516 1933 Omnino
541 1899 656 1943 enim,
678 1899 850 1933 translata
872 1909 895 1933 a
917 1899 1077 1934 moribus
1100 1899 1145 1933 ad
1169 1910 1225 1933 res
1249 1897 1520 1942 significatione,

120 1960 267 2006 clemens
290 1960 418 1995 dicitur
442 1961 606 2006 quicquid
629 1959 809 1994 medlocre
833 1964 903 2000 est,
925 1972 1039 2005 neque
1062 1958 1308 2005 magnitudine
1332 1961 1395 1992 aut
1418 1969 1520 2002 aspe-

119 2019 226 2056 ritate
244 2033 309 2056 sua
331 2022 490 2057 offendit.
515 2023 562 2056 ct'.
584 2020 699 2056 Tacit.
725 2021 863 2056 Annali.
887 2023 982 2067 xm,
1005 2021 1065 2063 38,
1089 2021 1124 2055 3.
1149 2022 1260 2055 locum
1284 2019 1438 2065 delegit,
1461 2031 1522 2054 cu-

121 2083 175 2116 ius
199 2094 284 2128 pars
311 2085 428 2118 altera
452 2085 554 2119 colles
582 2088 685 2118 eraut
710 2083 967 2117 clementer
1001 2087 1238 2128 assurgentes.
1271 2081 1393 2116 Germ.
1424 2093 1454 2115 c.
1488 2081 1525 2117 1.

126 2145 307 2179 Danubius
324 2147 459 2181 molli
483 2151 527 2182 et
551 2147 620 2181 ele
632 2150 748 2180 ment
760 2156 804 2179 er
829 2145 920 2179 edito
943 2146 1070 2180 montis
1094 2143 1258 2178 Abnobae
1276 2143 1362 2188 iugo
1382 2143 1525 2188 effusus,

124 2205 188 2238 ubi
219 2217 252 2240 v.
283 2207 412 2242 Franc.
442 2207 588 2243 Passov.
619 2205 793 2240 Similiter
824 2207 910 2240 lenis
940 2210 976 2241 et
1009 2207 1134 2241 leniter
1166 2205 1212 2239 ab
1244 2204 1363 2239 animo
1398 2204 1443 2239 ad
1467 2215 1526 2239 res

123 2266 350 2310 transfertur,
370 2269 414 2302 de
436 2280 506 2313 quo
528 2279 595 2302 usu
616 2279 652 2302 V.
676 2268 941 2303 Drakenborch.
965 2268 1011 2303 ad
1038 2267 1116 2302 Liv.
1140 2268 1196 2312 II,
1219 2264 1287 2308 50,
1311 2265 1367 2299 10.

218 2351 254 2397 §-
277 2351 312 2386 2.
358 2363 502 2398 quorum
519 2352 695 2398 Iugurtha
712 2357 857 2397 accepta
876 2353 1047 2398 oratione]
1073 2352 1272 2387 Verborum
1295 2349 1381 2383 ordo
1404 2348 1526 2394 paullo

125 2411 333 2448 insolentior
354 2412 556 2447 simillimus
577 2412 654 2447 eius
677 2416 748 2455 est,
772 2413 834 2458 qui
857 2414 1010 2448 habetur
1035 2414 1112 2450 Cat.
1140 2411 1328 2452 XXXVH,
1353 2410 1387 2445 9.
1416 2410 1526 2446 Prae-

128 2478 226 2510 terea
259 2486 450 2520 quorum
484 2475 633 2509 victoria
663 2475 783 2509 Sullae
811 2480 1034 2520 parentes
1064 2474 1274 2519 proscripti‚·
1306 2484 1342 2507 v.
1378 2472 1423 2507 ad
1447 2472 1525 2508 ent.

128 2536 275 2579 xxlx,
307 2536 343 2571 3.
375 2548 411 2580 p.
447 2534 527 2570 135.
558 2556 604 2560 —
636 2536 759 2572 Senatu·
789 2547 863 2570 esse
886 2536 994 2582 longe
1015 2535 1163 2580 plurimi
1185 2535 1285 2569 codd.
1311 2534 1463 2576 habent3
1488 2533 1526 2568 in

130 2597 304 2631 nonnullis
327 2602 445 2632 tamen
468 2596 663 2631 infinitivus
685 2602 738 2631 est
759 2601 836 2641 post
862 2598 998 2641 carius,
1029 2596 1067 2630 in
1090 2596 1298 2632 Commelin.
1323 2599 1402 2640 post
1424 2596 1526 2641 quic—

130 2670 258 2703 quam3
281 2659 399 2694 Guelf.
425 2669 510 2692 vero
534 2659 590 2692 11.
614 2661 650 2693 et
673 2659 794 2692 decem
817 2658 938 2693 Leidd.
962 2658 1067 2702 plane
1089 2669 1159 2692 non
1182 2661 1390 2703 agnoscunt,
1415 2667 1526 2701 quare

131 2719 274 2754 Cottius
304 2723 340 2756 et
370 2719 536 2755 Gerlach.
570 2719 606 2754 in
640 2720 693 2754 ed.
727 2720 812 2755 mai.
836 2719 1040 2754 omiserunt.
1088 2717 1158 2753 Sed
1185 2719 1401 2763 optimorum
1425 2718 1527 2754 codd.

134 2791 317 2817 consensus
347 2780 524 2817 maximus
555 2792 628 2817 esse
661 2780 739 2816 iure
771 2780 861 2816 tueri
893 2780 1042 2816 videtur.
1076 2800 1123 2807 —
1158 2781 1199 2815 In
1221 2780 1399 2816 nonnullis
1423 2779 1523 2815 codd.
