1826 3276
361 194 446 235 248
723 188 768 230 G.
797 187 1117 229 SALLUSTI
1146 185 1363 239 CRISPI

330 312 354 350 3
368 306 482 361 erat,
518 303 707 346 animum
739 299 934 345 intendit.
1003 301 1144 360 Igitur
1176 302 1380 348 diffidens
1414 305 1552 349 veteri
1585 319 1713 349 exer-

368 400 493 453 citui,
537 394 694 440 milites
738 394 954 454 scribere,
997 395 1218 454 praesidia
1251 397 1444 456 undique
1477 414 1715 454 accersere,

369 508 502 548 arma,
536 491 639 550 tela,
681 504 819 547 equos
854 494 898 533 et
932 495 1078 533 cetera
1109 491 1390 535 instrumenta
1423 493 1600 538 militiae
1633 509 1716 552 pa-

368 601 492 643 rare,
536 585 594 629 ad
634 584 723 628 hoc
769 583 1061 627 commeatum
1103 583 1291 642 affatim,
1335 587 1525 646 denique
1558 589 1718 646 omnia,

371 696 485 740 quae
527 681 574 724 in
609 680 729 723 bello
763 680 884 723 vario
919 685 963 723 et
996 680 1229 723 multarum
1263 696 1408 724 rerum
1433 683 1590 742 egenti
1623 683 1721 726 usui

342 781 474 824 4esse
521 775 673 820 solent.
743 773 950 818 ceterum
990 774 1049 818 ad
1090 790 1144 818 ea
1183 777 1399 834 patranda
1433 782 1607 821 senatus
1641 792 1721 820 au-

372 885 583 919 nistranda.“
593 902 636 908 —-
653 883 720 917 Pro
737 883 897 917 exercitui
911 882 1057 916 libenter
1070 883 1236 918 dedissem
1252 886 1397 919 exercitu
1413 886 1466 930 (v.
1481 885 1525 919 ad
1541 897 1570 918 e.
1585 885 1643 926 vl,
1658 885 1725 929 1.),

372 944 403 979 si
425 945 526 979 modo
546 954 634 977 uuus
657 943 732 976 cod.
755 943 846 976 hanc
876 943 1024 976 formam
1055 944 1254 986 praeberet3
1285 938 1343 978 sed
1366 945 1567 979 Sallustium
1598 945 1725 988 ubique

373 1015 415 1038 ea
437 1015 538 1038 usum
561 1014 653 1046 esse,
675 1013 744 1035 non
768 1001 882 1046 magis
904 1005 1035 1036 certum
1057 1006 1131 1047 est,
1166 1014 1270 1046 quam
1292 1003 1484 1048 genitivum
1507 1004 1644 1048 quintae
1666 1005 1726 1038 de-

374 1062 564 1098 clinationis
587 1062 622 1095 in
643 1073 662 1095 e
684 1071 819 1104 semper
841 1071 920 1094 eum
942 1062 1098 1104 probare,
1121 1063 1163 1096 de
1185 1074 1252 1106 quo
1275 1063 1411 1107 egimus
1426 1064 1469 1097 ad
1487 1065 1621 1106 mxxi,
1637 1065 1726 1099 2.—

373 1123 501 1157 Statim
524 1125 600 1165 post
623 1131 740 1162 omnes
762 1129 868 1163 paene
892 1119 974 1154 libri
996 1120 1112 1164 inepta
1135 1122 1251 1167 glossa
1273 1122 1492 1166 inquinantur
1507 1125 1630 1158 militen
1644 1125 1726 1157 eli-

375 1193 503 1228 gere,
527 1181 688 1220 scribere,
720 1179 776 1212 vel
800 1179 926 1213 milites
948 1181 1108 1223 scribere,
1133 1182 1317 1226 eligere.
1361 1181 1475 1226 Supra
1497 1183 1636 1216 modum
1659 1181 1728 1227 igi-

375 1245 433 1275 tur
453 1240 637 1284 religiosus
659 1239 727 1272 fuit
750 1237 972 1282 Gerlachius‚
1007 1240 1067 1283 qni
1097 1241 1132 1275 in
1156 1241 1208 1275 ed.
1240 1240 1322 1274 mai.
1345 1241 1474 1287 eligere
1495 1242 1729 1276 tantummodo

375 1300 507 1334 uncinis
539 1299 733 1339 incluserit,
766 1298 857 1341 quod
885 1298 959 1331 sine
990 1310 1089 1334 mora
1118 1301 1352 1343 expellendum
1375 1301 1453 1335 fuit.
1497 1301 1730 1345 incorruptam

375 1360 579 1404 scripturam
602 1358 742 1402 praebet
763 1368 850 1390 unus
871 1358 945 1393 cod.
969 1359 1086 1402 Rivii,
1114 1360 1294 1394 Einsiedel.
1318 1364 1352 1394 et
1373 1361 1450 1395 Vnt.
1474 1358 1508 1394 4.
1530 1378 1576 1385 ·—-
1610 1363 1731 1394 Accer-

375 1431 449 1454 τετε
471 1420 574 1463 longe
597 1416 737 1460 plurimi
760 1417 856 1449 codd.
881 1417 1062 1461 exhibent3
1095 1419 1213 1453 relicui
1237 1429 1416 1456 arcessere.
1438 1438 1484 1446 —
1507 1421 1553 1455 Et
1576 1423 1654 1454 ante
1675 1432 1732 1454 ce-

376 1483 452 1512 tera
475 1477 610 1511 Curtia-1
633 1476 735 1511 facilc
759 1476 886 1518 omisit,
909 1477 966 1510 cui
991 1479 1080 1513 facto
1104 1490 1219 1512 omnes
1243 1479 1317 1512 cod.
1339 1483 1540 1524 repugnant.
1564 1497 1609 1505 -
1632 1480 1732 1524 Affa-

376 1539 439 1573 tim
460 1538 520 1571 hie
542 1539 575 1570 et
597 1548 626 1570 c.
650 1537 744 1578 LIV,
766 1535 800 1570 6.
835 1541 884 1570 est
907 1538 1055 1580 copiose,
1080 1539 1197 1581 paullo
1220 1537 1416 1582 angustiore
1438 1537 1532 1572 vocis
1553 1532 1742 1582 potestate,'

377 1607 445 1641 qua
475 1596 613 1640 proprie
643 1594 853 1628 abundantia
884 1601 943 1628 aut
971 1596 1070 1640 copia
1093 1598 1286 1631 naturalem
1309 1608 1351 1631 ac
1373 1602 1569 1632 conmotam
1592 1599 1733 1633 modum

379 1656 541 1689 excedens
561 1654 795 1699 significatur3
816 1666 850 1687 v.
874 1655 990 1690 Hand.
1013 1657 1056 1689 de
1078 1657 1228 1691 Purticc.
1251 1657 1327 1691 Lat.
1353 1657 1428 1691 Vol.
1451 1658 1479 1692 1.
1509 1669 1544 1703 p.
1566 1656 1636 1691 2⁰0
1657 1669 1732 1703 sqq.

377 1715 573 1750 Doederlin.
595 1714 787 1759 Synonym.
821 1714 899 1748 Lat.
923 1714 998 1750 Vol.
1019 1715 1046 1750 1.
1080 1727 1112 1759 p.
1138 1715 1206 1750 1⁰8
1221 1711 1271 1760 sq.
1310 1715 1490 1750 Str-notura
1521 1717 1641 1751 eadem
1670 1721 1733 1760 ert,

379 1786 468 1818 quae
491 1774 623 1808 abunde
647 1774 829 1816 vocabuli;
857 1785 891 1808 v.
921 1773 965 1807 ad
987 1786 1017 1808 c.
1045 1774 1122 1816 011,
1145 1775 1179 1810 7.
1201 1794 1247 1802 —
1278 1777 1321 1810 In
1346 1776 1632 1820 praepositionem
1654 1782 1734 1812 ante

381 1834 467 1869 bello
498 1846 567 1868 non
597 1834 726 1869 habent
757 1834 888 1878 aliquot
909 1833 1059 1876 Palam,
1094 1835 1198 1869 Fabr.
1222 1835 1255 1870 1.
1279 1839 1314 1870 et
1337 1837 1452 1870 Guelf.
1475 1835 1552 1878 12„
1584 1847 1733 1879 quorum

379 1895 448 1929 fide
475 1893 605 1938 expulit
628 1893 774 1929 Curtius.
819 1893 886 1927 Sed
917 1892 1100 1927 videndum
1123 1906 1166 1928 ne
1187 1895 1321 1929 scribae
1343 1906 1419 1930 eam
1443 1900 1623 1939 propterea
1645 1895 1734 1930 omi-

379 1953 496 1995 serint,
518 1957 557 1987 ut
578 1954 684 1990 verba
705 1953 783 1987 usui
806 1964 878 1987 ease
900 1952 1054 1986 dativum
1076 1953 1254 1999 haberent,
1277 1967 1344 1989 non
1357 1955 1536 1990 sentientes
1555 1956 1734 1989 commode
1787 1959 1789 1961 '

380 2025 423 2048 ea
445 2013 551 2047 etiam
576 2013 732 2048 absolute
755 2011 835 2055 poni
860 2023 977 2055 possm
1009 2023 1044 2048 v.
1066 2013 1108 2047 ad
1132 2014 1166 2057 1,
1190 2013 1223 2047 3.
1255 2017 1290 2048 et
1312 2015 1360 2058 X,
1383 2014 1417 2049 3.
1450 2014 1568 2058 Quare
1589 2024 1612 2048 a
1633 2015 1732 2049 codd.

379 2072 584 2108 auctoritate
605 2083 671 2105 nou
696 2075 745 2104 est
767 2071 1005 2105 recedendum.
1048 2071 1117 2106 Sed
1139 2077 1230 2106 recte
1251 2073 1312 2106 ille
1333 2073 1508 2108 uarium
1529 2074 1652 2109 bellum
1675 2086 1733 2109 ex-

380 2133 489 2177 plicat
510 2132 599 2176 quod
622 2142 689 2165 non
713 2142 780 2164 uno
802 2130 935 2174 proelio
958 2133 1018 2165 aut
1047 2143 1116 2165 una
1146 2133 1396 2176 expugnatione
1428 2133 1646 2176 conficiatur,
1674 2135 1734 2168 ned

382 2192 479 2227 cuius
502 2192 628 2225 multae
651 2191 718 2224 sint
740 2191 885 2226 formae.
909 2190 955 2223 ci.
980 2190 1023 2224 ad
1046 2202 1077 2224 c.
1102 2192 1262 2233 LXXIV,
1285 2192 1318 2225 1.
1342 2193 1405 2234 LI,
1429 2192 1461 2227 1.
1487 2193 1607 2227 Facies
1630 2195 1734 2228 totius

381 2252 500 2297 negoti
521 2251 670 2285 varia.
694 2250 790 2284 Flor.
813 2250 881 2291 IV,
908 2249 952 2291 2,
976 2250 1032 2284 26.
1065 2253 1197 2295 Anceps
1218 2252 1480 2297 variumque
1501 2239 1537 2287 et
1559 2258 1734 2288 cruentum

381 2312 419 2346 in
442 2311 613 2355 Hispania
636 2311 758 2345 bellum
781 2321 857 2343 cum
881 2311 1008 2355 legatis
1033 2311 1091 2344 Cn.
1117 2311 1280 2356 Pompeii.

471 2371 504 2415 §.
527 2370 560 2406 4.
608 2374 641 2404 et
662 2380 763 2414 reges
784 2370 872 2403 ultro
895 2370 1026 2403 auxilia
1049 2371 1196 2414 mittere]
1231 2373 1279 2406 Et
1299 2371 1436 2406 Curtius
1456 2371 1602 2406 nimium
1623 2372 1734 2406 tribu—

381 2441 441 2464 ens
461 2433 640 2473 corruptae
663 2430 735 2462 cod.
760 2429 904 2463 Eccard.
927 2429 1119 2473 scripturae
1150 2431 1286 2467 delevit.
1330 2431 1455 2465 Melius
1482 2430 1575 2465 idem
1597 2431 1734 2476 scripsit

381 2491 527 2531 mittere,
550 2489 835 2534 quemadmodum
859 2493 910 2524 est
931 2490 967 2523 in
991 2491 1105 2524 Guelf.
1123 2491 1156 2526 3.
1177 2491 1230 2524 12.
1255 2491 1331 2524 vin.
1346 2490 1381 2525 1.
1404 2489 1436 2524 2.
1461 2492 1527 2527 Ino.
1553 2491 1586 2526 l.
1609 2491 1732 2526 Franc-

380 2549 459 2583 Sen.
475 2549 509 2583 2.
534 2549 760 2583 neumneid.
774 2550 818 2584 Κ.
834 2549 874 2583 N.
897 2561 966 2584 uno
989 2551 1156 2592 Putschii,
1179 2552 1253 2584 Pal.
1269 2550 1302 2584 3.
1325 2550 1360 2584 4.
1381 2549 1415 2583 6.
1439 2549 1473 2582 ⁶1.
1497 2549 1552 2584 1⁰.
1578 2550 1683 2584 [aud.
1697 2551 1732 2585 3.

380 2608 482 2642 Bodl.
505 2608 642 2644 Martia.
666 2610 740 2642 Erl.
765 2608 853 2654 Teg.
877 2609 971 2644 Med.
994 2611 1027 2645 1.
1051 2611 1084 2646 2.
1109 2611 1195 2645 Min.
1222 2611 1255 2644 1.
1279 2610 1352 2643 Vnt.
1365 2609 1398 2642 1.
1413 2608 1447 2643 3.
1459 2607 1493 2643 5.
1516 2604 1623 2643 Barb-
1647 2608 1682 2643 4.
1696 2609 1730 2643 5.

382 2668 462 2702 ven.
483 2667 517 2702 3.
542 2667 575 2702 4.
599 2669 714 2702 Berol.
738 2668 771 2702 1.
800 2669 902 2703 Misn.
927 2669 1068 2709 Goerlit.
1114 2671 1166 2704 Ex
1188 2669 1307 2703 ceteris
1334 2668 1489 2712 plerique
1510 2669 1583 2702 fere
1603 2669 1734 2703 habent

383 2727 563 2771 mittendo,
596 2728 686 2772 quod
709 2739 916 2772 quamquam
939 2729 1024 2763 olim
1047 2729 1081 2763 in
1105 2732 1263 2764 contextu
1286 2732 1381 2770 erat,
1414 2733 1529 2764 tamen
1552 2728 1669 2765 multis
1691 2739 1733 2762 ex
