<?xml version="1.0" encoding="UTF-8"?>
<!DOCTYPE html PUBLIC "-//W3C//DTD XHTML 1.0 Transitional//EN"
    "http://www.w3.org/TR/xhtml1/DTD/xhtml1-transitional.dtd">
<html xmlns="http://www.w3.org/1999/xhtml" xml:lang="en" lang="en">
 <head>
  <title>
</title>
<meta http-equiv="Content-Type" content="text/html;charset=utf-8" />
  <meta name='ocr-system' content='tesseract 3.04.00' />
  <meta name='ocr-capabilities' content='ocr_page ocr_carea ocr_par ocr_line ocrx_word'/>
</head>
<body>
  <div class='ocr_page' id='page_1' title='image "./operaquaesupers02salluoft_0504.png"; bbox 0 0 1826 3276; ppageno 0'>
   <div class='ocr_carea' id='block_1_1' title="bbox 350 170 1348 218">
    <p class='ocr_par' dir='ltr' id='par_1_1' title="bbox 350 170 1348 218">
     <span class='ocr_line' id='line_1_1' title="bbox 350 170 1348 218; baseline 0.001 -6"><span class='ocrx_word' id='word_1_1' title='bbox 350 177 434 218; x_wconf 69' lang='lat'><strong>482</strong></span> <span class='ocrx_word' id='word_1_2' title='bbox 714 171 757 213; x_wconf 88' lang='lat' dir='ltr'><strong>C.</strong></span> <span class='ocrx_word' id='word_1_3' title='bbox 787 170 1103 213; x_wconf 83' lang='lat' dir='ltr'><strong>SALLUSTI</strong></span> <span class='ocrx_word' id='word_1_4' title='bbox 1130 170 1348 214; x_wconf 85' lang='lat' dir='ltr'>CRISPI</span> 
     </span>
    </p>
   </div>
   <div class='ocr_carea' id='block_1_2' title="bbox 355 272 1714 637">
    <p class='ocr_par' dir='ltr' id='par_1_2' title="bbox 355 272 1714 637">
     <span class='ocr_line' id='line_1_2' title="bbox 484 272 1706 348; baseline 0.001 -18"><span class='ocrx_word' id='word_1_5' title='bbox 484 272 580 331; x_wconf 84' lang='lat' dir='ltr'><strong>XC.</strong></span> <span class='ocrx_word' id='word_1_6' title='bbox 649 283 788 343; x_wconf 78' lang='lat' dir='ltr'>Igitur</span> <span class='ocrx_word' id='word_1_7' title='bbox 820 284 1003 348; x_wconf 76' lang='lat' dir='ltr'><strong>consul,</strong></span> <span class='ocrx_word' id='word_1_8' title='bbox 1038 283 1242 328; x_wconf 83' lang='lat' dir='ltr'><strong>omnibus</strong></span> <span class='ocrx_word' id='word_1_9' title='bbox 1273 285 1533 344; x_wconf 78' lang='lat' dir='ltr'><strong>exploratis,</strong></span> <span class='ocrx_word' id='word_1_10' title='bbox 1571 287 1706 331; x_wconf 86' lang='lat' dir='ltr'><strong>credo</strong></span> 
     </span>
     <span class='ocr_line' id='line_1_3' title="bbox 356 376 1710 435; baseline -0.001 -8"><span class='ocrx_word' id='word_1_11' title='bbox 356 382 420 427; x_wconf 84' lang='lat' dir='ltr'><strong>dis</strong></span> <span class='ocrx_word' id='word_1_12' title='bbox 453 380 592 425; x_wconf 82' lang='lat' dir='ltr'><strong>fretus</strong></span> <span class='ocrx_word' id='word_1_13' title='bbox 613 376 737 435; x_wconf 86' lang='lat' dir='ltr'><strong>(nam</strong></span> <span class='ocrx_word' id='word_1_14' title='bbox 764 384 916 422; x_wconf 88' lang='lat' dir='ltr'><strong>contra</strong></span> <span class='ocrx_word' id='word_1_15' title='bbox 950 384 1090 422; x_wconf 81' lang='lat' dir='ltr'><strong>tantas</strong></span> <span class='ocrx_word' id='word_1_16' title='bbox 1124 378 1405 423; x_wconf 84' lang='lat' dir='ltr'><strong>difficultates</strong></span> <span class='ocrx_word' id='word_1_17' title='bbox 1433 381 1610 426; x_wconf 85' lang='lat' dir='ltr'><strong>consilio</strong></span> <span class='ocrx_word' id='word_1_18' title='bbox 1644 399 1710 426; x_wconf 84' lang='lat' dir='ltr'><strong>sa-</strong></span> 
     </span>
     <span class='ocr_line' id='line_1_4' title="bbox 356 471 1711 533; baseline 0.001 -14"><span class='ocrx_word' id='word_1_19' title='bbox 356 477 408 519; x_wconf 82' lang='lat' dir='ltr'><strong>tis</strong></span> <span class='ocrx_word' id='word_1_20' title='bbox 451 471 689 533; x_wconf 79' lang='lat' dir='ltr'><strong>providere</strong></span> <span class='ocrx_word' id='word_1_21' title='bbox 740 487 830 516; x_wconf 85' lang='lat' dir='ltr'><strong>non</strong></span> <span class='ocrx_word' id='word_1_22' title='bbox 873 478 1076 533; x_wconf 80' lang='lat' dir='ltr'><strong>poterat3</strong></span> <span class='ocrx_word' id='word_1_23' title='bbox 1127 474 1298 533; x_wconf 83' lang='lat' dir='ltr'><strong>quippe</strong></span> <span class='ocrx_word' id='word_1_24' title='bbox 1342 474 1472 519; x_wconf 87' lang='lat' dir='ltr'><strong>etiam</strong></span> <span class='ocrx_word' id='word_1_25' title='bbox 1507 475 1711 520; x_wconf 80' lang='lat' dir='ltr'><strong>frumenti</strong></span> 
     </span>
     <span class='ocr_line' id='line_1_5' title="bbox 355 559 1714 637; baseline 0.001 -25"><span class='ocrx_word' id='word_1_26' title='bbox 355 569 503 627; x_wconf 87' lang='lat' dir='ltr'><strong>inopia</strong></span> <span class='ocrx_word' id='word_1_27' title='bbox 554 567 803 612; x_wconf 81' lang='lat' dir='ltr'><strong>tentabatur</strong></span> <span class='ocrx_word' id='word_1_28' title='bbox 821 603 834 626; x_wconf 87' lang='lat'>,</span> <span class='ocrx_word' id='word_1_29' title='bbox 890 568 1012 627; x_wconf 88' lang='lat' dir='ltr'><strong>quod</strong></span> <span class='ocrx_word' id='word_1_30' title='bbox 1065 568 1284 613; x_wconf 88' lang='lat' dir='ltr'><strong>Numidae</strong></span> <span class='ocrx_word' id='word_1_31' title='bbox 1329 559 1496 637; x_wconf 86' lang='lat' dir='ltr'><strong>pabulo</strong></span> <span class='ocrx_word' id='word_1_32' title='bbox 1541 571 1714 632; x_wconf 80' lang='lat' dir='ltr'><strong>pecoris</strong></span> 
     </span>
    </p>
   </div>
   <div class='ocr_carea' id='block_1_3' title="bbox 356 648 1714 724">
    <p class='ocr_par' dir='ltr' id='par_1_3' title="bbox 356 648 1714 724">
     <span class='ocr_line' id='line_1_6' title="bbox 356 648 1714 724; baseline 0.001 -17"><span class='ocrx_word' id='word_1_33' title='bbox 356 664 497 724; x_wconf 85' lang='lat' dir='ltr'><strong>magis</strong></span> <span class='ocrx_word' id='word_1_34' title='bbox 544 677 679 721; x_wconf 81' lang='lat' dir='ltr'><strong>quam</strong></span> <span class='ocrx_word' id='word_1_35' title='bbox 726 677 833 707; x_wconf 85' lang='lat' dir='ltr'><strong>arvo</strong></span> <span class='ocrx_word' id='word_1_36' title='bbox 875 663 1081 720; x_wconf 86' lang='lat' dir='ltr'><strong>student,</strong></span> <span class='ocrx_word' id='word_1_37' title='bbox 1126 671 1171 708; x_wconf 86' lang='lat' dir='ltr'><strong>et</strong></span> <span class='ocrx_word' id='word_1_38' title='bbox 1210 664 1521 723; x_wconf 88' lang='lat' dir='ltr'><strong>quodcumque</strong></span> <span class='ocrx_word' id='word_1_39' title='bbox 1565 648 1714 709; x_wconf 70' lang='lat' dir='ltr'><strong>natuin</strong></span> 
     </span>
    </p>
   </div>
   <div class='ocr_carea' id='block_1_4' title="bbox 352 798 1720 2755">
    <p class='ocr_par' dir='ltr' id='par_1_4' title="bbox 352 798 1720 1498">
     <span class='ocr_line' id='line_1_7' title="bbox 356 798 1717 845; baseline 0.001 -11"><span class='ocrx_word' id='word_1_40' title='bbox 356 798 559 845; x_wconf 81' lang='lat' dir='ltr'><strong>praegnanti</strong></span> <span class='ocrx_word' id='word_1_41' title='bbox 587 809 688 833; x_wconf 89' lang='lat' dir='ltr'><strong>sensu</strong></span> <span class='ocrx_word' id='word_1_42' title='bbox 722 798 828 834; x_wconf 83' lang='lat' dir='ltr'><strong>etiam</strong></span> <span class='ocrx_word' id='word_1_43' title='bbox 851 802 971 844; x_wconf 90' lang='lat' dir='ltr'><strong>potum</strong></span> <span class='ocrx_word' id='word_1_44' title='bbox 993 800 1270 844; x_wconf 85' lang='lat' dir='ltr'><strong>comprehendit,</strong></span> <span class='ocrx_word' id='word_1_45' title='bbox 1301 803 1509 844; x_wconf 76' lang='lat' dir='ltr'><strong>quamquam</strong></span> <span class='ocrx_word' id='word_1_46' title='bbox 1530 800 1590 835; x_wconf 85' lang='lat' dir='ltr'><strong>hic</strong></span> <span class='ocrx_word' id='word_1_47' title='bbox 1612 801 1717 835; x_wconf 82' lang='lat' dir='ltr'><strong>inter-</strong></span> 
     </span>
     <span class='ocr_line' id='line_1_8' title="bbox 357 858 1719 903; baseline 0 -10"><span class='ocrx_word' id='word_1_48' title='bbox 357 861 440 894; x_wconf 84' lang='lat' dir='ltr'><strong>dum</strong></span> <span class='ocrx_word' id='word_1_49' title='bbox 472 858 598 896; x_wconf 71' lang='lat' dir='ltr'><strong>diseue</strong></span> <span class='ocrx_word' id='word_1_50' title='bbox 627 860 851 902; x_wconf 86' lang='lat' dir='ltr'><strong>nominatur,</strong></span> <span class='ocrx_word' id='word_1_51' title='bbox 880 863 920 895; x_wconf 83' lang='lat' dir='ltr'><strong>ut</strong></span> <span class='ocrx_word' id='word_1_52' title='bbox 951 861 1042 903; x_wconf 79' lang='lat' dir='ltr'><strong>apud</strong></span> <span class='ocrx_word' id='word_1_53' title='bbox 1070 861 1145 895; x_wconf 83' lang='lat' dir='ltr'><strong>Liv.</strong></span> <span class='ocrx_word' id='word_1_54' title='bbox 1177 861 1277 900; x_wconf 77' lang='lat' dir='ltr'><strong>xxi,</strong></span> <span class='ocrx_word' id='word_1_55' title='bbox 1300 860 1335 902; x_wconf 83' lang='lat'><strong>4,</strong></span> <span class='ocrx_word' id='word_1_56' title='bbox 1359 860 1393 895; x_wconf 81' lang='lat'><strong>6.</strong></span> <span class='ocrx_word' id='word_1_57' title='bbox 1441 860 1631 895; x_wconf 67' lang='lat' dir='ltr'><strong>Hannibali</strong></span> <span class='ocrx_word' id='word_1_58' title='bbox 1653 861 1719 895; x_wconf 72' lang='lat' dir='ltr'><strong>cibi</strong></span> 
     </span>
     <span class='ocr_line' id='line_1_9' title="bbox 355 918 1717 964; baseline -0.001 -11"><span class='ocrx_word' id='word_1_59' title='bbox 355 919 567 964; x_wconf 79' lang='lat' dir='ltr'><strong>potionisque</strong></span> <span class='ocrx_word' id='word_1_60' title='bbox 584 920 761 953; x_wconf 83' lang='lat' dir='ltr'><strong>—modus</strong></span> <span class='ocrx_word' id='word_1_61' title='bbox 771 920 910 963; x_wconf 76' lang='lat' dir='ltr'><strong>finitus.</strong></span> <span class='ocrx_word' id='word_1_62' title='bbox 957 919 1074 954; x_wconf 76' lang='lat' dir='ltr'><strong>Nostri</strong></span> <span class='ocrx_word' id='word_1_63' title='bbox 1105 919 1176 954; x_wconf 88' lang='lat' dir='ltr'><strong>loci</strong></span> <span class='ocrx_word' id='word_1_64' title='bbox 1198 919 1329 953; x_wconf 81' lang='lat' dir='ltr'><strong>similis</strong></span> <span class='ocrx_word' id='word_1_65' title='bbox 1345 922 1398 953; x_wconf 81' lang='lat' dir='ltr'><strong>est</strong></span> <span class='ocrx_word' id='word_1_66' title='bbox 1422 920 1508 953; x_wconf 79' lang='lat' dir='ltr'><strong>Vell.</strong></span> <span class='ocrx_word' id='word_1_67' title='bbox 1531 919 1576 960; x_wconf 90' lang='lat'><strong>11,</strong></span> <span class='ocrx_word' id='word_1_68' title='bbox 1598 918 1656 961; x_wconf 80' lang='lat'><strong>41,</strong></span> <span class='ocrx_word' id='word_1_69' title='bbox 1684 919 1717 952; x_wconf 83' lang='lat'><strong>2.</strong></span> 
     </span>
     <span class='ocr_line' id='line_1_10' title="bbox 358 979 1715 1024; baseline -0.001 -11"><span class='ocrx_word' id='word_1_70' title='bbox 358 981 489 1013; x_wconf 79' lang='lat' dir='ltr'><strong>Caesar</strong></span> <span class='ocrx_word' id='word_1_71' title='bbox 511 989 643 1022; x_wconf 83' lang='lat' dir='ltr'><strong>semper</strong></span> <span class='ocrx_word' id='word_1_72' title='bbox 665 979 760 1012; x_wconf 76' lang='lat' dir='ltr'><strong>cibo</strong></span> <span class='ocrx_word' id='word_1_73' title='bbox 783 979 820 1012; x_wconf 80' lang='lat' dir='ltr'><strong>in</strong></span> <span class='ocrx_word' id='word_1_74' title='bbox 842 979 970 1020; x_wconf 77' lang='lat' dir='ltr'><strong>uitam,</strong></span> <span class='ocrx_word' id='word_1_75' title='bbox 1002 991 1069 1012; x_wconf 81' lang='lat' dir='ltr'><strong>non</strong></span> <span class='ocrx_word' id='word_1_76' title='bbox 1093 980 1129 1013; x_wconf 79' lang='lat' dir='ltr'><strong>in</strong></span> <span class='ocrx_word' id='word_1_77' title='bbox 1150 980 1360 1024; x_wconf 79' lang='lat' dir='ltr'><strong>voluptatem</strong></span> <span class='ocrx_word' id='word_1_78' title='bbox 1381 980 1552 1014; x_wconf 77' lang='lat' dir='ltr'><strong>utebatur.</strong></span> <span class='ocrx_word' id='word_1_79' title='bbox 1598 979 1715 1012; x_wconf 89' lang='lat' dir='ltr'><strong>Incon-</strong></span> 
     </span>
     <span class='ocr_line' id='line_1_11' title="bbox 356 1037 1719 1083; baseline -0.001 -10"><span class='ocrx_word' id='word_1_80' title='bbox 356 1039 446 1074; x_wconf 81' lang='lat' dir='ltr'><strong>sulto</strong></span> <span class='ocrx_word' id='word_1_81' title='bbox 474 1038 584 1083; x_wconf 83' lang='lat' dir='ltr'><strong>igitur</strong></span> <span class='ocrx_word' id='word_1_82' title='bbox 620 1037 772 1072; x_wconf 84' lang='lat' dir='ltr'><strong>Weisius</strong></span> <span class='ocrx_word' id='word_1_83' title='bbox 804 1049 846 1072; x_wconf 85' lang='lat' dir='ltr'><strong>ex</strong></span> <span class='ocrx_word' id='word_1_84' title='bbox 877 1038 949 1073; x_wconf 88' lang='lat' dir='ltr'><strong>suis</strong></span> <span class='ocrx_word' id='word_1_85' title='bbox 979 1039 1074 1074; x_wconf 84' lang='lat' dir='ltr'><strong>editt.</strong></span> <span class='ocrx_word' id='word_1_86' title='bbox 1105 1039 1232 1082; x_wconf 79' lang='lat' dir='ltr'><strong>antiqq.</strong></span> <span class='ocrx_word' id='word_1_87' title='bbox 1266 1038 1404 1083; x_wconf 75' lang='lat' dir='ltr'><strong>scripsit</strong></span> <span class='ocrx_word' id='word_1_88' title='bbox 1438 1039 1532 1073; x_wconf 82' lang='lat' dir='ltr'><strong>cibus</strong></span> <span class='ocrx_word' id='word_1_89' title='bbox 1570 1044 1719 1082; x_wconf 72' lang='lat' dir='ltr'><strong>potus-</strong></span> 
     </span>
     <span class='ocr_line' id='line_1_12' title="bbox 356 1097 1719 1146; baseline -0.001 -13"><span class='ocrx_word' id='word_1_90' title='bbox 356 1111 446 1144; x_wconf 80' lang='lat' dir='ltr'><strong>que.</strong></span> <span class='ocrx_word' id='word_1_91' title='bbox 470 1117 514 1125; x_wconf 90' lang='lat'><strong>--</strong></span> <span class='ocrx_word' id='word_1_92' title='bbox 538 1097 639 1142; x_wconf 81' lang='lat' dir='ltr'><strong>Quod</strong></span> <span class='ocrx_word' id='word_1_93' title='bbox 661 1097 845 1146; x_wconf 72' lang='lat' dir='ltr'><strong>Sallustius</strong></span> <span class='ocrx_word' id='word_1_94' title='bbox 876 1098 912 1132; x_wconf 87' lang='lat' dir='ltr'><strong>in</strong></span> <span class='ocrx_word' id='word_1_95' title='bbox 942 1098 1164 1133; x_wconf 82' lang='lat' dir='ltr'><strong>describenda</strong></span> <span class='ocrx_word' id='word_1_96' title='bbox 1192 1098 1421 1133; x_wconf 83' lang='lat' dir='ltr'><strong>Numidarum</strong></span> <span class='ocrx_word' id='word_1_97' title='bbox 1443 1103 1566 1136; x_wconf 81' lang='lat' dir='ltr'><strong>natura</strong></span> <span class='ocrx_word' id='word_1_98' title='bbox 1595 1099 1719 1142; x_wconf 73' lang='lat' dir='ltr'><strong>imper-</strong></span> 
     </span>
     <span class='ocr_line' id='line_1_13' title="bbox 352 1149 1718 1203; baseline -0.002 -9"><span class='ocrx_word' id='word_1_99' title='bbox 352 1159 458 1203; x_wconf 79' lang='lat' dir='ltr'><strong>fectis</strong></span> <span class='ocrx_word' id='word_1_100' title='bbox 478 1157 586 1192; x_wconf 87' lang='lat' dir='ltr'><strong>utitur</strong></span> <span class='ocrx_word' id='word_1_101' title='bbox 614 1157 762 1202; x_wconf 81' lang='lat' dir='ltr'><strong>(agebat</strong></span> <span class='ocrx_word' id='word_1_102' title='bbox 777 1177 820 1183; x_wconf 91' lang='lat'><em>-</em></span> <span class='ocrx_word' id='word_1_103' title='bbox 838 1158 1051 1194; x_wconf 73' lang='lat' dir='ltr'><strong>tolerabatur</strong></span> <span class='ocrx_word' id='word_1_104' title='bbox 1077 1177 1122 1187; x_wconf 89' lang='lat'>—</span> <span class='ocrx_word' id='word_1_105' title='bbox 1143 1149 1370 1192; x_wconf 72' lang='lat' dir='ltr'><strong>uescebantur</strong></span> <span class='ocrx_word' id='word_1_106' title='bbox 1390 1177 1435 1189; x_wconf 74' lang='grc'><strong>--</strong></span> <span class='ocrx_word' id='word_1_107' title='bbox 1455 1158 1718 1203; x_wconf 70' lang='lat' dir='ltr'><strong>quaerebant—</strong></span> 
     </span>
     <span class='ocr_line' id='line_1_14' title="bbox 357 1216 1718 1262; baseline -0.001 -10"><span class='ocrx_word' id='word_1_108' title='bbox 357 1218 473 1261; x_wconf 85' lang='lat' dir='ltr'><strong>erat),</strong></span> <span class='ocrx_word' id='word_1_109' title='bbox 495 1217 570 1252; x_wconf 88' lang='lat' dir='ltr'><strong>eius</strong></span> <span class='ocrx_word' id='word_1_110' title='bbox 591 1216 643 1251; x_wconf 86' lang='lat' dir='ltr'><strong>rei</strong></span> <span class='ocrx_word' id='word_1_111' title='bbox 665 1228 786 1251; x_wconf 83' lang='lat' dir='ltr'><strong>caussa</strong></span> <span class='ocrx_word' id='word_1_112' title='bbox 807 1217 895 1252; x_wconf 86' lang='lat' dir='ltr'><strong>haec</strong></span> <span class='ocrx_word' id='word_1_113' title='bbox 918 1221 990 1262; x_wconf 84' lang='lat' dir='ltr'><strong>est,</strong></span> <span class='ocrx_word' id='word_1_114' title='bbox 1013 1217 1104 1262; x_wconf 83' lang='lat' dir='ltr'><strong>quod</strong></span> <span class='ocrx_word' id='word_1_115' title='bbox 1127 1217 1220 1252; x_wconf 84' lang='lat' dir='ltr'><strong>illius</strong></span> <span class='ocrx_word' id='word_1_116' title='bbox 1242 1217 1419 1262; x_wconf 81' lang='lat' dir='ltr'><strong>temporis,</strong></span> <span class='ocrx_word' id='word_1_117' title='bbox 1441 1228 1510 1261; x_wconf 81' lang='lat' dir='ltr'><strong>quo</strong></span> <span class='ocrx_word' id='word_1_118' title='bbox 1532 1218 1622 1252; x_wconf 70' lang='lat' dir='ltr'><strong>haec</strong></span> <span class='ocrx_word' id='word_1_119' title='bbox 1644 1225 1718 1251; x_wconf 51' lang='lat' dir='ltr'><strong>m}</strong></span> 
     </span>
     <span class='ocr_line' id='line_1_15' title="bbox 357 1276 1719 1322; baseline -0.001 -10"><span class='ocrx_word' id='word_1_120' title='bbox 357 1277 539 1312; x_wconf 86' lang='lat' dir='ltr'><strong>morabilis</strong></span> <span class='ocrx_word' id='word_1_121' title='bbox 559 1276 768 1321; x_wconf 80' lang='lat' dir='ltr'><strong>expugnatio</strong></span> <span class='ocrx_word' id='word_1_122' title='bbox 797 1277 892 1312; x_wconf 80' lang='lat' dir='ltr'><strong>facta</strong></span> <span class='ocrx_word' id='word_1_123' title='bbox 920 1281 989 1321; x_wconf 87' lang='lat' dir='ltr'><strong>est,</strong></span> <span class='ocrx_word' id='word_1_124' title='bbox 1022 1280 1094 1311; x_wconf 88' lang='lat' dir='ltr'><strong>tam</strong></span> <span class='ocrx_word' id='word_1_125' title='bbox 1116 1277 1272 1311; x_wconf 80' lang='lat' dir='ltr'><strong>vividam</strong></span> <span class='ocrx_word' id='word_1_126' title='bbox 1303 1277 1420 1311; x_wconf 80' lang='lat' dir='ltr'><strong>animo</strong></span> <span class='ocrx_word' id='word_1_127' title='bbox 1442 1276 1598 1321; x_wconf 86' lang='lat' dir='ltr'><strong>concepit</strong></span> <span class='ocrx_word' id='word_1_128' title='bbox 1619 1276 1719 1322; x_wconf 71' lang='lat' dir='ltr'><strong>eogi-</strong></span> 
     </span>
     <span class='ocr_line' id='line_1_16' title="bbox 357 1337 1719 1381; baseline -0.001 -9"><span class='ocrx_word' id='word_1_129' title='bbox 357 1338 542 1379; x_wconf 78' lang='lat' dir='ltr'><strong>tationem,</strong></span> <span class='ocrx_word' id='word_1_130' title='bbox 574 1340 613 1371; x_wconf 86' lang='lat' dir='ltr'><strong>ut</strong></span> <span class='ocrx_word' id='word_1_131' title='bbox 633 1347 677 1370; x_wconf 82' lang='lat' dir='ltr'><strong>ea</strong></span> <span class='ocrx_word' id='word_1_132' title='bbox 707 1347 863 1379; x_wconf 84' lang='lat' dir='ltr'><strong>quoque,</strong></span> <span class='ocrx_word' id='word_1_133' title='bbox 893 1348 983 1380; x_wconf 84' lang='lat' dir='ltr'><strong>quae</strong></span> <span class='ocrx_word' id='word_1_134' title='bbox 1012 1348 1076 1381; x_wconf 85' lang='lat' dir='ltr'><strong>per</strong></span> <span class='ocrx_word' id='word_1_135' title='bbox 1097 1348 1134 1371; x_wconf 89' lang='lat' dir='ltr'><strong>se</strong></span> <span class='ocrx_word' id='word_1_136' title='bbox 1155 1347 1224 1371; x_wconf 90' lang='lat' dir='ltr'><strong>non</strong></span> <span class='ocrx_word' id='word_1_137' title='bbox 1249 1337 1293 1370; x_wconf 79' lang='lat' dir='ltr'><strong>ad</strong></span> <span class='ocrx_word' id='word_1_138' title='bbox 1315 1337 1401 1372; x_wconf 84' lang='lat' dir='ltr'><strong>illud</strong></span> <span class='ocrx_word' id='word_1_139' title='bbox 1423 1337 1562 1380; x_wconf 76' lang='lat' dir='ltr'><strong>quidem</strong></span> <span class='ocrx_word' id='word_1_140' title='bbox 1586 1342 1719 1381; x_wconf 80' lang='lat' dir='ltr'><strong>tempus</strong></span> 
     </span>
     <span class='ocr_line' id='line_1_17' title="bbox 357 1395 1720 1440; baseline 0.001 -9"><span class='ocrx_word' id='word_1_141' title='bbox 357 1398 469 1432; x_wconf 85' lang='lat' dir='ltr'><strong>solum</strong></span> <span class='ocrx_word' id='word_1_142' title='bbox 485 1396 702 1440; x_wconf 80' lang='lat' dir='ltr'><strong>pertinerent,</strong></span> <span class='ocrx_word' id='word_1_143' title='bbox 725 1395 785 1430; x_wconf 84' lang='lat' dir='ltr'><strong>sed</strong></span> <span class='ocrx_word' id='word_1_144' title='bbox 807 1398 922 1431; x_wconf 78' lang='lat' dir='ltr'><strong>tamen</strong></span> <span class='ocrx_word' id='word_1_145' title='bbox 944 1401 1024 1431; x_wconf 82' lang='lat' dir='ltr'><strong>tunc</strong></span> <span class='ocrx_word' id='word_1_146' title='bbox 1047 1395 1200 1430; x_wconf 82' lang='lat' dir='ltr'><strong>maxime</strong></span> <span class='ocrx_word' id='word_1_147' title='bbox 1223 1397 1442 1433; x_wconf 85' lang='lat' dir='ltr'><strong>commodum</strong></span> <span class='ocrx_word' id='word_1_148' title='bbox 1464 1397 1627 1432; x_wconf 78' lang='lat' dir='ltr'><strong>afferrent</strong></span> <span class='ocrx_word' id='word_1_149' title='bbox 1649 1397 1720 1432; x_wconf 77' lang='lat' dir='ltr'><strong>Nu-</strong></span> 
     </span>
     <span class='ocr_line' id='line_1_18' title="bbox 357 1455 1311 1498; baseline -0.001 -7"><span class='ocrx_word' id='word_1_150' title='bbox 357 1457 481 1498; x_wconf 84' lang='lat' dir='ltr'><strong>midis,</strong></span> <span class='ocrx_word' id='word_1_151' title='bbox 504 1456 625 1490; x_wconf 88' lang='lat' dir='ltr'><strong>eodem</strong></span> <span class='ocrx_word' id='word_1_152' title='bbox 647 1458 763 1491; x_wconf 83' lang='lat' dir='ltr'><strong>tenore</strong></span> <span class='ocrx_word' id='word_1_153' title='bbox 786 1458 824 1489; x_wconf 89' lang='lat' dir='ltr'><strong>ut</strong></span> <span class='ocrx_word' id='word_1_154' title='bbox 846 1455 1080 1491; x_wconf 80' lang='lat' dir='ltr'><strong>antecedentia</strong></span> <span class='ocrx_word' id='word_1_155' title='bbox 1101 1455 1311 1490; x_wconf 72' lang='lat' dir='ltr'><strong>enunciat-et.</strong></span> 
     </span>
    </p>

    <p class='ocr_par' dir='ltr' id='par_1_5' title="bbox 355 1513 1720 2755">
     <span class='ocr_line' id='line_1_19' title="bbox 449 1513 1720 1559; baseline 0 -9"><span class='ocrx_word' id='word_1_156' title='bbox 449 1516 521 1550; x_wconf 84' lang='lat' dir='ltr'><strong>XC.</strong></span> <span class='ocrx_word' id='word_1_157' title='bbox 544 1518 578 1558; x_wconf 77' lang='lat' dir='ltr'><strong>S.</strong></span> <span class='ocrx_word' id='word_1_158' title='bbox 608 1514 642 1549; x_wconf 86' lang='lat' dir='ltr'><strong>l.</strong></span> <span class='ocrx_word' id='word_1_159' title='bbox 690 1515 822 1556; x_wconf 79' lang='lat' dir='ltr'><strong>Credo,</strong></span> <span class='ocrx_word' id='word_1_160' title='bbox 855 1516 909 1550; x_wconf 75' lang='lat' dir='ltr'><strong>dis</strong></span> <span class='ocrx_word' id='word_1_161' title='bbox 938 1515 1078 1559; x_wconf 79' lang='lat' dir='ltr'><strong>fretus]</strong></span> <span class='ocrx_word' id='word_1_162' title='bbox 1114 1515 1222 1549; x_wconf 80' lang='lat' dir='ltr'><strong>Credo</strong></span> <span class='ocrx_word' id='word_1_163' title='bbox 1253 1515 1289 1549; x_wconf 84' lang='lat' dir='ltr'><strong>h.</strong></span> <span class='ocrx_word' id='word_1_164' title='bbox 1313 1514 1338 1548; x_wconf 88' lang='lat' dir='ltr'><strong>l.</strong></span> <span class='ocrx_word' id='word_1_165' title='bbox 1361 1513 1436 1548; x_wconf 80' lang='lat' dir='ltr'><strong>sine</strong></span> <span class='ocrx_word' id='word_1_166' title='bbox 1455 1515 1570 1550; x_wconf 77' lang='lat' dir='ltr'><strong>ironia</strong></span> <span class='ocrx_word' id='word_1_167' title='bbox 1592 1516 1720 1552; x_wconf 72' lang='lat' dir='ltr'><strong>dictum</strong></span> 
     </span>
     <span class='ocr_line' id='line_1_20' title="bbox 356 1574 1720 1619; baseline 0.001 -9"><span class='ocrx_word' id='word_1_168' title='bbox 356 1587 447 1617; x_wconf 84' lang='lat' dir='ltr'><strong>esse,</strong></span> <span class='ocrx_word' id='word_1_169' title='bbox 479 1574 541 1619; x_wconf 80' lang='lat' dir='ltr'><strong>qui</strong></span> <span class='ocrx_word' id='word_1_170' title='bbox 576 1585 659 1608; x_wconf 84' lang='lat' dir='ltr'><strong>sane</strong></span> <span class='ocrx_word' id='word_1_171' title='bbox 688 1574 849 1618; x_wconf 74' lang='lat' dir='ltr'><strong>frequens</strong></span> <span class='ocrx_word' id='word_1_172' title='bbox 885 1578 936 1608; x_wconf 88' lang='lat' dir='ltr'><strong>est</strong></span> <span class='ocrx_word' id='word_1_173' title='bbox 965 1582 1066 1616; x_wconf 86' lang='lat' dir='ltr'><strong>usus,</strong></span> <span class='ocrx_word' id='word_1_174' title='bbox 1097 1577 1136 1608; x_wconf 90' lang='lat' dir='ltr'><strong>ut</strong></span> <span class='ocrx_word' id='word_1_175' title='bbox 1165 1574 1317 1608; x_wconf 81' lang='lat' dir='ltr'><strong>diximus</strong></span> <span class='ocrx_word' id='word_1_176' title='bbox 1345 1574 1389 1608; x_wconf 80' lang='lat' dir='ltr'><strong>ad</strong></span> <span class='ocrx_word' id='word_1_177' title='bbox 1420 1575 1525 1613; x_wconf 77' lang='lat' dir='ltr'><strong>catil.</strong></span> <span class='ocrx_word' id='word_1_178' title='bbox 1551 1575 1628 1616; x_wconf 82' lang='lat' dir='ltr'>LII,</span> <span class='ocrx_word' id='word_1_179' title='bbox 1651 1575 1720 1619; x_wconf 67' lang='lat'><strong>13„</strong></span> 
     </span>
     <span class='ocr_line' id='line_1_21' title="bbox 359 1633 1719 1678; baseline 0.001 -9"><span class='ocrx_word' id='word_1_180' title='bbox 359 1637 445 1669; x_wconf 86' lang='lat' dir='ltr'><strong>bene</strong></span> <span class='ocrx_word' id='word_1_181' title='bbox 466 1633 601 1668; x_wconf 86' lang='lat' dir='ltr'><strong>monuit</strong></span> <span class='ocrx_word' id='word_1_182' title='bbox 622 1634 749 1667; x_wconf 81' lang='lat' dir='ltr'><strong>Faber.</strong></span> <span class='ocrx_word' id='word_1_183' title='bbox 773 1652 818 1674; x_wconf 57' lang='lat'><strong>,—</strong></span> <span class='ocrx_word' id='word_1_184' title='bbox 852 1634 916 1668; x_wconf 83' lang='lat' dir='ltr'><strong>Dis</strong></span> <span class='ocrx_word' id='word_1_185' title='bbox 938 1636 1055 1678; x_wconf 71' lang='lat' dir='ltr'><strong>fretus</strong></span> <span class='ocrx_word' id='word_1_186' title='bbox 1077 1634 1172 1668; x_wconf 83' lang='lat' dir='ltr'><strong>haud</strong></span> <span class='ocrx_word' id='word_1_187' title='bbox 1194 1635 1296 1668; x_wconf 83' lang='lat' dir='ltr'><strong>dubie</strong></span> <span class='ocrx_word' id='word_1_188' title='bbox 1317 1637 1450 1678; x_wconf 73' lang='lat' dir='ltr'><strong>spectet</strong></span> <span class='ocrx_word' id='word_1_189' title='bbox 1480 1636 1524 1673; x_wconf 68' lang='lat' dir='ltr'><strong>nd</strong></span> <span class='ocrx_word' id='word_1_190' title='bbox 1547 1647 1576 1670; x_wconf 85' lang='lat' dir='ltr'><strong>c.</strong></span> <span class='ocrx_word' id='word_1_191' title='bbox 1598 1636 1719 1678; x_wconf 77' lang='lat' dir='ltr'>LXIII,</span> 
     </span>
     <span class='ocr_line' id='line_1_22' title="bbox 357 1693 1719 1741; baseline 0.001 -13"><span class='ocrx_word' id='word_1_192' title='bbox 357 1695 390 1730; x_wconf 85' lang='lat' dir='ltr'><strong>l.</strong></span> <span class='ocrx_word' id='word_1_193' title='bbox 423 1694 535 1728; x_wconf 74' lang='lat' dir='ltr'><strong>Mario</strong></span> <span class='ocrx_word' id='word_1_194' title='bbox 558 1693 730 1736; x_wconf 66' lang='lat' dir='ltr'><strong>haruspex</strong></span> <span class='ocrx_word' id='word_1_195' title='bbox 751 1693 899 1736; x_wconf 73' lang='lat' dir='ltr'><strong>dixerat,</strong></span> <span class='ocrx_word' id='word_1_196' title='bbox 926 1705 1015 1739; x_wconf 76' lang='lat' dir='ltr'><strong>quae</strong></span> <span class='ocrx_word' id='word_1_197' title='bbox 1037 1694 1152 1728; x_wconf 78' lang='lat' dir='ltr'><strong>animo</strong></span> <span class='ocrx_word' id='word_1_198' title='bbox 1176 1694 1339 1739; x_wconf 77' lang='lat' dir='ltr'><strong>agitabat</strong></span> <span class='ocrx_word' id='word_1_199' title='bbox 1354 1695 1507 1737; x_wconf 72' lang='lat' dir='ltr'><strong>fretus</strong></span> <span class='ocrx_word' id='word_1_200' title='bbox 1539 1696 1612 1730; x_wconf 75' lang='lat' dir='ltr'><strong>dis</strong></span> <span class='ocrx_word' id='word_1_201' title='bbox 1633 1707 1719 1741; x_wconf 76' lang='lat' dir='ltr'><strong>agc-</strong></span> 
     </span>
     <span class='ocr_line' id='line_1_23' title="bbox 357 1752 1720 1800; baseline 0.001 -12"><span class='ocrx_word' id='word_1_202' title='bbox 357 1759 421 1790; x_wconf 80' lang='lat' dir='ltr'><strong>ret.</strong></span> <span class='ocrx_word' id='word_1_203' title='bbox 443 1773 489 1782; x_wconf 85' lang='lat'><strong>--</strong></span> <span class='ocrx_word' id='word_1_204' title='bbox 518 1752 609 1787; x_wconf 81' lang='lat' dir='ltr'><strong>Nam</strong></span> <span class='ocrx_word' id='word_1_205' title='bbox 640 1753 792 1798; x_wconf 69' lang='lat' dir='ltr'><strong>nangius</strong></span> <span class='ocrx_word' id='word_1_206' title='bbox 829 1764 969 1798; x_wconf 81' lang='lat' dir='ltr'><strong>prorsus</strong></span> <span class='ocrx_word' id='word_1_207' title='bbox 1001 1753 1117 1799; x_wconf 86' lang='lat' dir='ltr'><strong>inepte</strong></span> <span class='ocrx_word' id='word_1_208' title='bbox 1152 1754 1190 1788; x_wconf 84' lang='lat' dir='ltr'><strong>h.</strong></span> <span class='ocrx_word' id='word_1_209' title='bbox 1220 1754 1245 1788; x_wconf 87' lang='lat'><strong>1.</strong></span> <span class='ocrx_word' id='word_1_210' title='bbox 1275 1753 1368 1787; x_wconf 77' lang='lat' dir='ltr'><strong>idem</strong></span> <span class='ocrx_word' id='word_1_211' title='bbox 1399 1763 1474 1790; x_wconf 84' lang='lat' dir='ltr'><strong>esse</strong></span> <span class='ocrx_word' id='word_1_212' title='bbox 1503 1754 1588 1791; x_wconf 82' lang='lat' dir='ltr'><strong>dicit</strong></span> <span class='ocrx_word' id='word_1_213' title='bbox 1619 1760 1720 1800; x_wconf 70' lang='lat' dir='ltr'><strong>atque</strong></span> 
     </span>
     <span class='ocr_line' id='line_1_24' title="bbox 358 1804 1715 1858; baseline -0.006 -9"><span class='ocrx_word' id='word_1_214' title='bbox 358 1814 433 1849; x_wconf 82' lang='lat' dir='ltr'><strong>etsi.</strong></span> <span class='ocrx_word' id='word_1_215' title='bbox 457 1834 503 1841; x_wconf 84' lang='lat'><strong>--</strong></span> <span class='ocrx_word' id='word_1_216' title='bbox 537 1813 719 1847; x_wconf 74' lang='lat' dir='ltr'><strong>providere</strong></span> <span class='ocrx_word' id='word_1_217' title='bbox 750 1814 868 1858; x_wconf 82' lang='lat' dir='ltr'><strong>paullo</strong></span> <span class='ocrx_word' id='word_1_218' title='bbox 895 1804 1095 1850; x_wconf 80' lang='lat' dir='ltr'><strong>insolentius</strong></span> <span class='ocrx_word' id='word_1_219' title='bbox 1125 1814 1282 1848; x_wconf 81' lang='lat' dir='ltr'><strong>absolute</strong></span> <span class='ocrx_word' id='word_1_220' title='bbox 1313 1813 1442 1847; x_wconf 72' lang='lat' dir='ltr'><strong>dictum</strong></span> <span class='ocrx_word' id='word_1_221' title='bbox 1465 1815 1556 1850; x_wconf 65' lang='lat' dir='ltr'><strong>valet</strong></span> <span class='ocrx_word' id='word_1_222' title='bbox 1577 1816 1642 1850; x_wconf 51' lang='grc' dir='ltr'><strong>θεὸς</strong></span> <span class='ocrx_word' id='word_1_223' title='bbox 1663 1828 1715 1849; x_wconf 66' lang='grc' dir='ltr'><strong>ω.</strong></span> 
     </span>
     <span class='ocr_line' id='line_1_25' title="bbox 357 1871 1719 1920; baseline 0 -12"><span class='ocrx_word' id='word_1_224' title='bbox 357 1885 460 1916; x_wconf 78' lang='lat' dir='ltr'><strong>ecre,</strong></span> <span class='ocrx_word' id='word_1_225' title='bbox 484 1873 567 1908; x_wconf 83' lang='lat' dir='ltr'><strong>satis</strong></span> <span class='ocrx_word' id='word_1_226' title='bbox 590 1877 730 1908; x_wconf 84' lang='lat' dir='ltr'><strong>cautum</strong></span> <span class='ocrx_word' id='word_1_227' title='bbox 753 1885 839 1908; x_wconf 84' lang='lat' dir='ltr'><strong>esse.</strong></span> <span class='ocrx_word' id='word_1_228' title='bbox 861 1891 908 1902; x_wconf 76' lang='lat'><strong>·—</strong></span> <span class='ocrx_word' id='word_1_229' title='bbox 933 1874 1146 1908; x_wconf 74' lang='lat' dir='ltr'><strong>Tentabatur</strong></span> <span class='ocrx_word' id='word_1_230' title='bbox 1170 1872 1196 1907; x_wconf 85' lang='lat' dir='ltr'><strong>i.</strong></span> <span class='ocrx_word' id='word_1_231' title='bbox 1219 1884 1250 1910; x_wconf 86' lang='lat' dir='ltr'><strong>e.</strong></span> <span class='ocrx_word' id='word_1_232' title='bbox 1279 1872 1316 1907; x_wconf 88' lang='lat' dir='ltr'><strong>in</strong></span> <span class='ocrx_word' id='word_1_233' title='bbox 1338 1871 1530 1916; x_wconf 77' lang='lat' dir='ltr'><strong>periculum</strong></span> <span class='ocrx_word' id='word_1_234' title='bbox 1551 1877 1587 1909; x_wconf 81' lang='lat' dir='ltr'><strong>et</strong></span> <span class='ocrx_word' id='word_1_235' title='bbox 1608 1885 1719 1920; x_wconf 82' lang='lat' dir='ltr'><strong>angn-</strong></span> 
     </span>
     <span class='ocr_line' id='line_1_26' title="bbox 357 1933 1720 1979; baseline 0.001 -11"><span class='ocrx_word' id='word_1_236' title='bbox 357 1934 440 1968; x_wconf 81' lang='lat' dir='ltr'><strong>stias</strong></span> <span class='ocrx_word' id='word_1_237' title='bbox 472 1933 723 1974; x_wconf 79' lang='lat' dir='ltr'><strong>adducebatur3</strong></span> <span class='ocrx_word' id='word_1_238' title='bbox 756 1934 806 1969; x_wconf 78' lang='lat' dir='ltr'><strong>cf.</strong></span> <span class='ocrx_word' id='word_1_239' title='bbox 838 1945 868 1968; x_wconf 87' lang='lat' dir='ltr'><strong>c.</strong></span> <span class='ocrx_word' id='word_1_240' title='bbox 899 1933 1051 1975; x_wconf 81' lang='lat' dir='ltr'>XLVIII,</span> <span class='ocrx_word' id='word_1_241' title='bbox 1076 1933 1110 1968; x_wconf 92' lang='lat'><strong>1.</strong></span> <span class='ocrx_word' id='word_1_242' title='bbox 1156 1933 1328 1979; x_wconf 79' lang='lat' dir='ltr'><strong>Iugurtha</strong></span> <span class='ocrx_word' id='word_1_243' title='bbox 1350 1933 1409 1967; x_wconf 69' lang='lat' dir='ltr'><strong>ubi</strong></span> <span class='ocrx_word' id='word_1_244' title='bbox 1430 1943 1467 1968; x_wconf 77' lang='lat' dir='ltr'><strong>se</strong></span> <span class='ocrx_word' id='word_1_245' title='bbox 1487 1935 1559 1970; x_wconf 75' lang='lat' dir='ltr'><strong>suis</strong></span> <span class='ocrx_word' id='word_1_246' title='bbox 1589 1936 1720 1970; x_wconf 72' lang='lat' dir='ltr'><strong>artibus</strong></span> 
     </span>
     <span class='ocr_line' id='line_1_27' title="bbox 356 1992 1719 2038; baseline -0.001 -10"><span class='ocrx_word' id='word_1_247' title='bbox 356 1994 534 2028; x_wconf 76' lang='lat' dir='ltr'><strong>tentari</strong></span> <span class='ocrx_word' id='word_1_248' title='bbox 557 1992 815 2030; x_wconf 72' lang='lat' dir='ltr'><strong>animadvertit.</strong></span> <span class='ocrx_word' id='word_1_249' title='bbox 839 1994 933 2028; x_wconf 83' lang='lat' dir='ltr'><strong>Flor.</strong></span> <span class='ocrx_word' id='word_1_250' title='bbox 955 1994 1013 2037; x_wconf 85' lang='lat' dir='ltr'><strong>lv,</strong></span> <span class='ocrx_word' id='word_1_251' title='bbox 1036 1993 1070 2038; x_wconf 82' lang='lat'><strong>2,</strong></span> <span class='ocrx_word' id='word_1_252' title='bbox 1094 1993 1153 2028; x_wconf 72' lang='lat'><strong>27.</strong></span> <span class='ocrx_word' id='word_1_253' title='bbox 1200 1994 1257 2027; x_wconf 78' lang='lat' dir='ltr'><strong>Sic</strong></span> <span class='ocrx_word' id='word_1_254' title='bbox 1271 1996 1373 2036; x_wconf 78' lang='lat' dir='ltr'><strong>same</strong></span> <span class='ocrx_word' id='word_1_255' title='bbox 1395 1996 1511 2028; x_wconf 78' lang='lat' dir='ltr'><strong>castra.</strong></span> <span class='ocrx_word' id='word_1_256' title='bbox 1526 1996 1719 2027; x_wconf 62' lang='lat' dir='ltr'><strong>»tentata</strong></span> 
     </span>
     <span class='ocr_line' id='line_1_28' title="bbox 357 2050 1718 2098; baseline -0.001 -11"><span class='ocrx_word' id='word_1_257' title='bbox 357 2059 448 2089; x_wconf 79' lang='lat' dir='ltr'><strong>sunt.</strong></span> <span class='ocrx_word' id='word_1_258' title='bbox 494 2054 532 2087; x_wconf 89' lang='lat' dir='ltr'><strong>ln</strong></span> <span class='ocrx_word' id='word_1_259' title='bbox 555 2057 654 2087; x_wconf 79' lang='lat' dir='ltr'><strong>tanta</strong></span> <span class='ocrx_word' id='word_1_260' title='bbox 675 2054 918 2098; x_wconf 75' lang='lat' dir='ltr'><strong>perspicuitate</strong></span> <span class='ocrx_word' id='word_1_261' title='bbox 941 2053 1076 2088; x_wconf 87' lang='lat' dir='ltr'><strong>Cortius</strong></span> <span class='ocrx_word' id='word_1_262' title='bbox 1097 2063 1213 2098; x_wconf 78' lang='lat' dir='ltr'><strong>nugas</strong></span> <span class='ocrx_word' id='word_1_263' title='bbox 1233 2052 1308 2098; x_wconf 82' lang='lat' dir='ltr'><strong>ugit</strong></span> <span class='ocrx_word' id='word_1_264' title='bbox 1328 2052 1446 2096; x_wconf 74' lang='lat' dir='ltr'><strong>inopia</strong></span> <span class='ocrx_word' id='word_1_265' title='bbox 1478 2050 1718 2094; x_wconf 66' lang='lat' dir='ltr'><strong>promomine-</strong></span> 
     </span>
     <span class='ocr_line' id='line_1_29' title="bbox 357 2111 1719 2158; baseline -0.001 -11"><span class='ocrx_word' id='word_1_266' title='bbox 357 2114 430 2148; x_wconf 76' lang='lat' dir='ltr'><strong>tivo</strong></span> <span class='ocrx_word' id='word_1_267' title='bbox 453 2113 644 2155; x_wconf 74' lang='lat' dir='ltr'><strong>venditans,</strong></span> <span class='ocrx_word' id='word_1_268' title='bbox 668 2117 707 2148; x_wconf 88' lang='lat' dir='ltr'><strong>nt</strong></span> <span class='ocrx_word' id='word_1_269' title='bbox 730 2117 902 2150; x_wconf 84' lang='lat' dir='ltr'><strong>structura</strong></span> <span class='ocrx_word' id='word_1_270' title='bbox 923 2113 1003 2149; x_wconf 81' lang='lat' dir='ltr'><strong>talis</strong></span> <span class='ocrx_word' id='word_1_271' title='bbox 1025 2113 1086 2158; x_wconf 87' lang='lat' dir='ltr'><strong>sit,</strong></span> <span class='ocrx_word' id='word_1_272' title='bbox 1113 2112 1226 2157; x_wconf 81' lang='lat' dir='ltr'><strong>qualis</strong></span> <span class='ocrx_word' id='word_1_273' title='bbox 1249 2111 1316 2146; x_wconf 80' lang='lat' dir='ltr'><strong>ruit</strong></span> <span class='ocrx_word' id='word_1_274' title='bbox 1339 2123 1367 2146; x_wconf 88' lang='lat' dir='ltr'><strong>c.</strong></span> <span class='ocrx_word' id='word_1_275' title='bbox 1392 2111 1432 2154; x_wconf 75' lang='lat' dir='ltr'><strong>Ia,</strong></span> <span class='ocrx_word' id='word_1_276' title='bbox 1454 2111 1488 2145; x_wconf 94' lang='lat'><strong>1.</strong></span> <span class='ocrx_word' id='word_1_277' title='bbox 1513 2132 1559 2141; x_wconf 91' lang='lat'><strong>--</strong></span> <span class='ocrx_word' id='word_1_278' title='bbox 1590 2113 1719 2146; x_wconf 69' lang='lat' dir='ltr'><strong>Arnum</strong></span> 
     </span>
     <span class='ocr_line' id='line_1_30' title="bbox 358 2170 1718 2218; baseline -0.001 -11"><span class='ocrx_word' id='word_1_279' title='bbox 358 2174 484 2207; x_wconf 81' lang='lat' dir='ltr'><strong>dicitur</strong></span> <span class='ocrx_word' id='word_1_280' title='bbox 506 2184 598 2218; x_wconf 35' lang='lat' dir='ltr'><strong>ager)</strong></span> <span class='ocrx_word' id='word_1_281' title='bbox 615 2173 677 2216; x_wconf 87' lang='lat' dir='ltr'><strong>qui</strong></span> <span class='ocrx_word' id='word_1_282' title='bbox 708 2177 828 2211; x_wconf 80' lang='lat' dir='ltr'><strong>aratur</strong></span> <span class='ocrx_word' id='word_1_283' title='bbox 856 2177 890 2208; x_wconf 87' lang='lat' dir='ltr'><strong>et</strong></span> <span class='ocrx_word' id='word_1_284' title='bbox 911 2174 1063 2215; x_wconf 81' lang='lat' dir='ltr'><strong>seritur3</strong></span> <span class='ocrx_word' id='word_1_285' title='bbox 1094 2173 1137 2207; x_wconf 72' lang='lat' dir='ltr'><strong>cf.</strong></span> <span class='ocrx_word' id='word_1_286' title='bbox 1162 2173 1275 2206; x_wconf 81' lang='lat' dir='ltr'><strong>Plaut.</strong></span> <span class='ocrx_word' id='word_1_287' title='bbox 1298 2172 1404 2206; x_wconf 85' lang='lat' dir='ltr'><strong>Truc.</strong></span> <span class='ocrx_word' id='word_1_288' title='bbox 1427 2171 1455 2214; x_wconf 93' lang='lat' dir='ltr'><strong>I,</strong></span> <span class='ocrx_word' id='word_1_289' title='bbox 1477 2171 1512 2214; x_wconf 75' lang='grc'><strong>2,</strong></span> <span class='ocrx_word' id='word_1_290' title='bbox 1534 2170 1592 2208; x_wconf 77' lang='lat'><strong>4⁴1.</strong></span> <span class='ocrx_word' id='word_1_291' title='bbox 1639 2172 1718 2206; x_wconf 69' lang='lat' dir='ltr'><strong>Non</strong></span> 
     </span>
     <span class='ocr_line' id='line_1_31' title="bbox 355 2230 1716 2279; baseline -0.001 -11"><span class='ocrx_word' id='word_1_292' title='bbox 355 2245 495 2268; x_wconf 78' lang='lat' dir='ltr'><strong>arvus</strong></span> <span class='ocrx_word' id='word_1_293' title='bbox 517 2234 594 2275; x_wconf 74' lang='lat' dir='ltr'><strong>hic,</strong></span> <span class='ocrx_word' id='word_1_294' title='bbox 617 2233 676 2267; x_wconf 78' lang='lat' dir='ltr'><strong>sed</strong></span> <span class='ocrx_word' id='word_1_295' title='bbox 696 2244 894 2278; x_wconf 77' lang='lat' dir='ltr'><strong>pascuus</strong></span> <span class='ocrx_word' id='word_1_296' title='bbox 917 2239 967 2270; x_wconf 69' lang='lat' dir='ltr'><strong>est</strong></span> <span class='ocrx_word' id='word_1_297' title='bbox 989 2245 1087 2279; x_wconf 79' lang='lat' dir='ltr'><strong>ager.</strong></span> <span class='ocrx_word' id='word_1_298' title='bbox 1111 2232 1252 2268; x_wconf 85' lang='lat' dir='ltr'><strong>Sueten.</strong></span> <span class='ocrx_word' id='word_1_299' title='bbox 1275 2232 1356 2267; x_wconf 85' lang='lat' dir='ltr'><strong>Ner.</strong></span> <span class='ocrx_word' id='word_1_300' title='bbox 1379 2242 1410 2265; x_wconf 83' lang='lat' dir='ltr'><strong>c.</strong></span> <span class='ocrx_word' id='word_1_301' title='bbox 1434 2230 1492 2265; x_wconf 82' lang='lat'><strong>31.</strong></span> <span class='ocrx_word' id='word_1_302' title='bbox 1539 2230 1640 2265; x_wconf 81' lang='lat' dir='ltr'><strong>Rura</strong></span> <span class='ocrx_word' id='word_1_303' title='bbox 1659 2243 1716 2266; x_wconf 80' lang='lat' dir='ltr'><strong>ar—</strong></span> 
     </span>
     <span class='ocr_line' id='line_1_32' title="bbox 358 2290 1718 2338; baseline -0.001 -11"><span class='ocrx_word' id='word_1_304' title='bbox 358 2295 410 2328; x_wconf 75' lang='lat' dir='ltr'><strong>sis</strong></span> <span class='ocrx_word' id='word_1_305' title='bbox 444 2298 477 2328; x_wconf 87' lang='lat' dir='ltr'><strong>et</strong></span> <span class='ocrx_word' id='word_1_306' title='bbox 503 2293 625 2330; x_wconf 78' lang='lat' dir='ltr'><strong>vinetis</strong></span> <span class='ocrx_word' id='word_1_307' title='bbox 658 2298 691 2327; x_wconf 83' lang='lat' dir='ltr'><strong>et</strong></span> <span class='ocrx_word' id='word_1_308' title='bbox 719 2294 858 2338; x_wconf 78' lang='lat' dir='ltr'><strong>pascuis</strong></span> <span class='ocrx_word' id='word_1_309' title='bbox 890 2294 1002 2328; x_wconf 75' lang='lat' dir='ltr'><strong>uan’a.</strong></span> <span class='ocrx_word' id='word_1_310' title='bbox 1025 2292 1218 2327; x_wconf 83' lang='lat' dir='ltr'><strong>Doederliu.</strong></span> <span class='ocrx_word' id='word_1_311' title='bbox 1242 2291 1434 2336; x_wconf 75' lang='lat' dir='ltr'><strong>synonym.</strong></span> <span class='ocrx_word' id='word_1_312' title='bbox 1457 2291 1534 2326; x_wconf 69' lang='lat' dir='ltr'><strong>Isat-</strong></span> <span class='ocrx_word' id='word_1_313' title='bbox 1555 2290 1634 2325; x_wconf 81' lang='lat' dir='ltr'><strong>Vol.</strong></span> <span class='ocrx_word' id='word_1_314' title='bbox 1656 2290 1718 2327; x_wconf 87' lang='lat' dir='ltr'>III.</span> 
     </span>
     <span class='ocr_line' id='line_1_33' title="bbox 357 2349 1718 2398; baseline -0.002 -12"><span class='ocrx_word' id='word_1_315' title='bbox 357 2365 391 2396; x_wconf 85' lang='lat' dir='ltr'><strong>p.</strong></span> <span class='ocrx_word' id='word_1_316' title='bbox 416 2352 449 2389; x_wconf 84' lang='grc'><strong>8.</strong></span> <span class='ocrx_word' id='word_1_317' title='bbox 473 2353 520 2386; x_wconf 85' lang='grc' dir='ltr'><strong>Η.</strong></span> <span class='ocrx_word' id='word_1_318' title='bbox 545 2353 570 2387; x_wconf 94' lang='lat' dir='ltr'><strong>I.</strong></span> <span class='ocrx_word' id='word_1_319' title='bbox 595 2363 702 2397; x_wconf 79' lang='lat' dir='ltr'><strong>quum</strong></span> <span class='ocrx_word' id='word_1_320' title='bbox 725 2354 852 2396; x_wconf 78' lang='lat' dir='ltr'><strong>pabulo</strong></span> <span class='ocrx_word' id='word_1_321' title='bbox 874 2356 1086 2398; x_wconf 81' lang='lat' dir='ltr'><strong>opponatur,</strong></span> <span class='ocrx_word' id='word_1_322' title='bbox 1118 2349 1302 2387; x_wconf 78' lang='lat' dir='ltr'><strong>Sallustius</strong></span> <span class='ocrx_word' id='word_1_323' title='bbox 1335 2351 1472 2385; x_wconf 83' lang='lat' dir='ltr'><strong>videtur</strong></span> <span class='ocrx_word' id='word_1_324' title='bbox 1493 2349 1610 2394; x_wconf 85' lang='lat' dir='ltr'><strong>paullo</strong></span> <span class='ocrx_word' id='word_1_325' title='bbox 1631 2349 1718 2383; x_wconf 79' lang='lat' dir='ltr'><strong>Iibe-</strong></span> 
     </span>
     <span class='ocr_line' id='line_1_34' title="bbox 356 2409 1718 2458; baseline -0.002 -13"><span class='ocrx_word' id='word_1_326' title='bbox 356 2411 428 2445; x_wconf 87' lang='lat' dir='ltr'><strong>rius</strong></span> <span class='ocrx_word' id='word_1_327' title='bbox 451 2411 603 2447; x_wconf 82' lang='lat' dir='ltr'><strong>efficiens</strong></span> <span class='ocrx_word' id='word_1_328' title='bbox 624 2424 687 2456; x_wconf 90' lang='lat' dir='ltr'><strong>pro</strong></span> <span class='ocrx_word' id='word_1_329' title='bbox 711 2413 836 2448; x_wconf 81' lang='lat' dir='ltr'><strong>effecto</strong></span> <span class='ocrx_word' id='word_1_330' title='bbox 856 2414 1011 2458; x_wconf 81' lang='lat' dir='ltr'><strong>posuisse</strong></span> <span class='ocrx_word' id='word_1_331' title='bbox 1024 2438 1035 2455; x_wconf 93' lang='lat'><strong>‚</strong></span> <span class='ocrx_word' id='word_1_332' title='bbox 1059 2413 1124 2450; x_wconf 86' lang='lat' dir='ltr'><strong>nisi</strong></span> <span class='ocrx_word' id='word_1_333' title='bbox 1149 2411 1276 2454; x_wconf 78' lang='lat' dir='ltr'><strong>malis,</strong></span> <span class='ocrx_word' id='word_1_334' title='bbox 1305 2409 1482 2445; x_wconf 70' lang='lat' dir='ltr'><strong>vocabulis</strong></span> <span class='ocrx_word' id='word_1_335' title='bbox 1499 2409 1662 2454; x_wconf 69' lang='lat' dir='ltr'><strong>pabulum</strong></span> <span class='ocrx_word' id='word_1_336' title='bbox 1685 2413 1718 2444; x_wconf 85' lang='lat' dir='ltr'><strong>et</strong></span> 
     </span>
     <span class='ocr_line' id='line_1_35' title="bbox 357 2468 1716 2519; baseline -0.001 -15"><span class='ocrx_word' id='word_1_337' title='bbox 357 2482 479 2507; x_wconf 79' lang='lat' dir='ltr'><strong>arvum</strong></span> <span class='ocrx_word' id='word_1_338' title='bbox 515 2471 640 2505; x_wconf 82' lang='lat' dir='ltr'><strong>latiore</strong></span> <span class='ocrx_word' id='word_1_339' title='bbox 669 2484 769 2508; x_wconf 87' lang='lat' dir='ltr'><strong>sensu</strong></span> <span class='ocrx_word' id='word_1_340' title='bbox 800 2484 874 2508; x_wconf 70' lang='lat' dir='ltr'><strong>rens</strong></span> <span class='ocrx_word' id='word_1_341' title='bbox 902 2473 1103 2519; x_wconf 72' lang='lat' dir='ltr'><strong>pecuariam</strong></span> <span class='ocrx_word' id='word_1_342' title='bbox 1134 2476 1169 2507; x_wconf 85' lang='lat' dir='ltr'><strong>et</strong></span> <span class='ocrx_word' id='word_1_343' title='bbox 1191 2472 1443 2517; x_wconf 67' lang='lat' dir='ltr'><strong>agriculturam</strong></span> <span class='ocrx_word' id='word_1_344' title='bbox 1465 2468 1650 2514; x_wconf 75' lang='lat' dir='ltr'><strong>designari.</strong></span> <span class='ocrx_word' id='word_1_345' title='bbox 1672 2487 1716 2497; x_wconf 83' lang='lat'><strong>—-—</strong></span> 
     </span>
     <span class='ocr_line' id='line_1_36' title="bbox 356 2529 1717 2578; baseline -0.002 -14"><span class='ocrx_word' id='word_1_346' title='bbox 356 2530 476 2565; x_wconf 81' lang='lat' dir='ltr'><strong>Verbis</strong></span> <span class='ocrx_word' id='word_1_347' title='bbox 498 2531 716 2576; x_wconf 78' lang='lat' dir='ltr'><strong>quodeunque</strong></span> <span class='ocrx_word' id='word_1_348' title='bbox 737 2537 892 2568; x_wconf 82' lang='lat' dir='ltr'><strong>natum</strong></span> <span class='ocrx_word' id='word_1_349' title='bbox 921 2535 1044 2577; x_wconf 83' lang='lat' dir='ltr'><strong>fuerat</strong></span> <span class='ocrx_word' id='word_1_350' title='bbox 1064 2532 1303 2578; x_wconf 82' lang='lat' dir='ltr'><strong>significantur</strong></span> <span class='ocrx_word' id='word_1_351' title='bbox 1323 2531 1442 2576; x_wconf 71' lang='lat' dir='ltr'><strong>fruges</strong></span> <span class='ocrx_word' id='word_1_352' title='bbox 1463 2529 1534 2563; x_wconf 79' lang='lat' dir='ltr'><strong>iam</strong></span> <span class='ocrx_word' id='word_1_353' title='bbox 1556 2529 1717 2563; x_wconf 77' lang='lat' dir='ltr'><strong>collectae</strong></span> 
     </span>
     <span class='ocr_line' id='line_1_37' title="bbox 355 2591 1714 2637; baseline -0.002 -13"><span class='ocrx_word' id='word_1_354' title='bbox 355 2594 389 2624; x_wconf 80' lang='lat' dir='ltr'><strong>et</strong></span> <span class='ocrx_word' id='word_1_355' title='bbox 412 2591 456 2625; x_wconf 82' lang='lat' dir='ltr'><strong>ad</strong></span> <span class='ocrx_word' id='word_1_356' title='bbox 487 2601 587 2625; x_wconf 85' lang='lat' dir='ltr'><strong>usum</strong></span> <span class='ocrx_word' id='word_1_357' title='bbox 617 2592 835 2634; x_wconf 77' lang='lat' dir='ltr'><strong>reconditae,</strong></span> <span class='ocrx_word' id='word_1_358' title='bbox 871 2596 911 2627; x_wconf 85' lang='lat' dir='ltr'><strong>ut</strong></span> <span class='ocrx_word' id='word_1_359' title='bbox 945 2595 1039 2635; x_wconf 80' lang='lat' dir='ltr'><strong>patet</strong></span> <span class='ocrx_word' id='word_1_360' title='bbox 1068 2603 1111 2626; x_wconf 86' lang='lat' dir='ltr'><strong>ex</strong></span> <span class='ocrx_word' id='word_1_361' title='bbox 1140 2591 1358 2637; x_wconf 85' lang='lat' dir='ltr'><strong>sequentibus</strong></span> <span class='ocrx_word' id='word_1_362' title='bbox 1387 2599 1477 2635; x_wconf 79' lang='lat' dir='ltr'><strong>ager</strong></span> <span class='ocrx_word' id='word_1_363' title='bbox 1504 2593 1622 2623; x_wconf 86' lang='lat' dir='ltr'><strong>autem</strong></span> <span class='ocrx_word' id='word_1_364' title='bbox 1651 2592 1714 2623; x_wconf 78' lang='lat' dir='ltr'><strong>eto.</strong></span> 
     </span>
     <span class='ocr_line' id='line_1_38' title="bbox 356 2649 1715 2698; baseline -0.001 -13"><span class='ocrx_word' id='word_1_365' title='bbox 356 2651 483 2686; x_wconf 78' lang='lat' dir='ltr'><strong>Sensus</strong></span> <span class='ocrx_word' id='word_1_366' title='bbox 505 2653 556 2685; x_wconf 82' lang='lat' dir='ltr'><strong>est</strong></span> <span class='ocrx_word' id='word_1_367' title='bbox 577 2650 704 2695; x_wconf 75' lang='lat' dir='ltr'><strong>igitur:</strong></span> <span class='ocrx_word' id='word_1_368' title='bbox 735 2663 845 2695; x_wconf 88' lang='lat' dir='ltr'><strong>neque</strong></span> <span class='ocrx_word' id='word_1_369' title='bbox 867 2652 903 2686; x_wconf 89' lang='lat' dir='ltr'><strong>in</strong></span> <span class='ocrx_word' id='word_1_370' title='bbox 925 2652 1083 2695; x_wconf 85' lang='lat' dir='ltr'><strong>horreis,</strong></span> <span class='ocrx_word' id='word_1_371' title='bbox 1115 2663 1225 2698; x_wconf 79' lang='lat' dir='ltr'><strong>neque</strong></span> <span class='ocrx_word' id='word_1_372' title='bbox 1246 2651 1283 2686; x_wconf 82' lang='lat' dir='ltr'><strong>in</strong></span> <span class='ocrx_word' id='word_1_373' title='bbox 1313 2649 1408 2696; x_wconf 77' lang='lat' dir='ltr'><strong>agris</strong></span> <span class='ocrx_word' id='word_1_374' title='bbox 1431 2652 1527 2691; x_wconf 76' lang='lat' dir='ltr'><strong>erat,</strong></span> <span class='ocrx_word' id='word_1_375' title='bbox 1550 2659 1622 2693; x_wconf 76' lang='lat' dir='ltr'><strong>quo</strong></span> <span class='ocrx_word' id='word_1_376' title='bbox 1644 2649 1715 2682; x_wconf 76' lang='lat' dir='ltr'><strong>Ro-</strong></span> 
     </span>
     <span class='ocr_line' id='line_1_39' title="bbox 355 2707 1716 2755; baseline -0.001 -11"><span class='ocrx_word' id='word_1_377' title='bbox 355 2710 449 2744; x_wconf 81' lang='lat' dir='ltr'><strong>mani</strong></span> <span class='ocrx_word' id='word_1_378' title='bbox 467 2714 655 2745; x_wconf 84' lang='lat' dir='ltr'><strong>uterentur.</strong></span> <span class='ocrx_word' id='word_1_379' title='bbox 698 2711 799 2747; x_wconf 79' lang='lat' dir='ltr'><strong>Hanc</strong></span> <span class='ocrx_word' id='word_1_380' title='bbox 821 2710 1070 2755; x_wconf 82' lang='lat' dir='ltr'><strong>oppositionem</strong></span> <span class='ocrx_word' id='word_1_381' title='bbox 1102 2722 1170 2746; x_wconf 87' lang='lat' dir='ltr'><strong>non</strong></span> <span class='ocrx_word' id='word_1_382' title='bbox 1199 2713 1373 2746; x_wconf 81' lang='lat' dir='ltr'><strong>assecutus</strong></span> <span class='ocrx_word' id='word_1_383' title='bbox 1395 2708 1548 2744; x_wconf 73' lang='lat' dir='ltr'><strong>Weiaiuu</strong></span> <span class='ocrx_word' id='word_1_384' title='bbox 1568 2707 1716 2753; x_wconf 81' lang='lat' dir='ltr'><strong>pessime</strong></span> 
     </span>
    </p>
   </div>
  </div>
 </body>
</html>
