1826 3276
409 171 776 217 IUGURTHA.
837 170 971 216 CAP.
1005 170 1106 214 XII.
1416 175 1475 216 68

68 289 217 337 visens
244 288 433 337 domum
465 295 560 349 eat,
600 294 836 351 portarum
873 289 1007 334 clavis
1036 287 1308 333 adulterinas
1339 294 1473 349 paret

67 387 197 448 (nam
233 402 369 434 verae
404 386 466 432 ad
503 387 820 449 Hiempsalem
848 386 1221 447 'referebantur);
1271 394 1471 431 ceterum

66 485 144 530 ubi
176 500 249 530 res
276 485 530 547 postularet
556 499 603 530 se
625 485 776 546 ipsum
807 499 912 529 cum
940 499 1110 545 magna
1143 499 1277 528 manu
1304 490 1466 530 ventu—

0 561 7 568 ·
63 595 182 630 rum.
255 581 456 628 Numida
500 580 714 626 mandata
761 582 890 626 brevi
934 582 1152 638 confecit,
1208 586 1371 642 atque,
1415 586 1501 629 ut4

63 678 226 746 doctus
260 685 370 736 erat,
405 684 543 723 noctu
573 677 822 738 Iugurthae
850 678 1011 722 milites
1047 678 1302 727 introducit.
1375 679 1468 736 Qui

62 780 311 847 postquam
344 776 390 821 in
420 775 544 820 aedis
571 775 799 836 irrupere,
836 775 1002 820 divorsi
1037 790 1198 836 regem
1233 779 1504 837 quaerere‚5

62 872 324 919 dormientis
358 872 483 932 alios,
519 873 629 918 alios
665 874 935 919 occursantis
971 873 1241 930 interficere,
1278 876 1467 920 scrutari

59 1012 216 1048 Historr.
238 1013 268 1056 1,
292 1012 353 1057 25,
378 1013 427 1048 in.
475 1013 660 1048 Proculum
694 1017 730 1048 et
770 1013 949 1048 Veturium
972 1013 1085 1058 pretio
1111 1018 1146 1048 et
1166 1014 1346 1059 promissis
1367 1025 1470 1050 one-

58 1078 153 1111 rat.
171 1093 218 1099 —
241 1075 461 1120 Impellitque
486 1074 647 1118 eortius,
680 1074 766 1119 quia
789 1086 833 1109 ex
855 1081 981 1110 onerat
1013 1075 1168 1121 intelligi
1191 1075 1319 1120 possit,
1343 1080 1470 1112 contra

59 1135 220 1171 omnium
245 1136 348 1171 codd.
371 1136 479 1171 fidem
502 1135 617 1172 eiecit.
640 1155 687 1162 —--
710 1136 972 1180 Referebontur
1004 1137 1184 1171 offendere
1205 1137 1334 1181 possit,
1357 1150 1467 1182 quum

58 1198 200 1232 relatae
223 1202 327 1232 erant
350 1196 550 1242 simplicius
572 1197 757 1240 videntum
791 1199 852 1232 sed
876 1201 999 1233 auctor
1023 1198 1120 1231 haud
1137 1197 1243 1232 dubie
1265 1199 1468 1244 significare

59 1257 176 1293 voluit
195 1257 299 1293 toties
329 1259 449 1292 claves
473 1259 518 1293 ad
543 1258 787 1303 Hiempsalem
811 1261 944 1294 relatas
975 1270 1070 1302 esse,
1094 1258 1232 1302 quoties
1253 1260 1383 1296 clausis
1406 1273 1468 1296 ae·-

58 1319 164 1355 (libus
186 1331 274 1364 opus
297 1323 402 1355 esset.
424 1338 471 1344 —
507 1319 594 1354 Cum
618 1332 754 1366 magna
778 1333 886 1356 mann
908 1327 1093 1356 venturum
1115 1322 1185 1356 hoc
1209 1322 1331 1356 ordine
1354 1327 1469 1359 exstat

52 1380 90 1416 in
112 1382 200 1417 Bas.
220 1381 255 1418 1.
278 1382 387 1417 Fabr.
406 1381 441 1417 1.
466 1382 559 1428 Teg.
586 1382 658 1417 Eri.
684 1382 806 1417 Goerl.
830 1382 939 1417 Misn.
963 1383 1095 1418 Arond.
1119 1384 1227 1418 Mart.
1253 1384 1394 1422 Pembr.
1418 1386 1465 1421 B.

55 1442 160 1492 Publ.
184 1442 305 1478 Mark.
327 1445 372 1479 Γ.
389 1447 434 1480 Α.
456 1444 545 1478 Tur.
565 1444 599 1478 1.
625 1445 734 1478 Bern.
753 1445 787 1478 l.
808 1443 844 1479 3.
868 1445 952 1479 Bas.
980 1443 1015 1478 4.
1039 1445 1148 1478 Fabr.
1169 1444 1202 1478 2.
1229 1445 1348 1482 Guelf.
1371 1447 1405 1482 3.
1428 1447 1465 1483 5.

53 1504 303 1548 nonnullisque
327 1504 408 1539 aliis
433 1505 568 1548 Cottii,
593 1505 721 1550 quibus
745 1506 896 1540 fortasse
918 1505 1025 1539 etiam
1050 1505 1130 1540 Ital.
1158 1507 1339 1542 Gerlachii
1364 1520 1464 1544 acce-

55 1564 152 1599 dunt.
199 1555 345 1599 Relicui
369 1569 487 1600 tenent
510 1578 588 1600 cnm
609 1578 709 1612 mag.
735 1573 828 1602 vent.
849 1579 978 1609 manu,
1002 1566 1064 1610 qui
1088 1568 1174 1601 ordo
1198 1573 1280 1604 ante
1303 1570 1463 1606 cornum

56 1625 222 1670 vulgatus
245 1629 344 1671 erat,
378 1627 461 1671 sed,
484 1627 516 1662 si
538 1627 624 1672 quid
648 1627 776 1671 video,
799 1629 936 1663 numeri
962 1628 1098 1663 ratione
1119 1630 1233 1664 altero
1255 1632 1379 1676 paullo
1401 1633 1465 1667 de-

57 1685 165 1721 terior
187 1692 253 1722 est.
1067 1728 1078 1737 f

148 1750 182 1791 §.
206 1748 241 1782 4.
287 1748 451 1793 confecit]
477 1749 700 1794 Perfectum,
726 1751 772 1785 ab
796 1749 916 1784 Cortio
941 1754 975 1785 et
999 1751 1190 1786 Gerlachio
1214 1752 1380 1797 illatum,
1403 1767 1466 1790 ex-

56 1811 124 1843 stat
147 1808 184 1842 in
209 1809 329 1844 Guelf.
357 1809 392 1845 2.
418 1810 450 1844 5.
475 1811 510 1844 7.
536 1811 619 1847 Sen.
634 1812 668 1845 1.
696 1812 840 1846 Eccard.
867 1811 954 1845 Tur.
978 1813 1011 1846 1.
1040 1814 1122 1847 Bas.
1143 1813 1176 1846 4.
1204 1815 1309 1849 Bern.
1326 1817 1359 1850 1.
1372 1818 1465 1863 Teg.

53 1869 132 1905 Eri.
154 1869 275 1904 Goerl.
299 1871 383 1904 Par.
407 1881 452 1912 c.,
478 1882 591 1915 neque
614 1871 686 1906 alio
711 1874 843 1906 ducunt
867 1871 914 1916 ii,
938 1873 974 1907 in
999 1873 1128 1917 quibus
1149 1877 1298 1919 perfecit
1321 1877 1464 1922 legitur.

0 1928 3 1930 ’
53 1930 172 1964 Ceteri
194 1932 403 1976 plerumque
429 1934 584 1976 conficit,
619 1933 725 1977 pauci
755 1935 913 1978 perficit,
948 1935 1042 1978 quod
1072 1939 1210 1979 tempus
1241 1943 1386 1982 propter
1407 1941 1464 1974 in-

51 1991 204 2027 troducit
243 1993 516 2037 praeferendum
560 1994 673 2028 videri
716 1995 838 2038 possit.
893 1995 964 2029 Sed
1008 1995 1196 2031 videndum
1239 2009 1284 2032 ne
1324 2001 1464 2037 librarii

51 2057 193 2097 propter
224 2053 295 2088 hoc
327 2053 446 2098 ipsum
478 2055 650 2089 mutarint
682 2056 877 2099 perfectum
910 2056 947 2090 in
971 2068 1158 2102 praesens,
1193 2072 1286 2104 quae
1307 2064 1464 2108 suspicio

52 2125 95 2148 eo
118 2115 357 2159 confirmatur,
382 2116 476 2160 quod
500 2116 576 2158 alii,
601 2121 640 2151 ut
665 2118 815 2154 Eccard.
842 2118 961 2154 Guelf.
984 2119 1018 2153 4.
1044 2119 1103 2154 10.
1128 2120 1224 2156 Leid.
1249 2123 1290 2157 F.
1313 2123 1396 2160 Bas.
1415 2126 1462 2169 2,

51 2178 251 2219 temporum
282 2177 548 2221 aequandorum
581 2189 706 2213 caussa
749 2180 917 2215 dederunt
957 2181 1163 2216 introduxit.
1220 2183 1275 2218 De
1305 2187 1464 2229 perfecto

50 2235 221 2271 historico
245 2248 327 2271 cum
349 2239 526 2283 praesenti
551 2240 740 2275 coniuncto
758 2253 792 2275 v.
815 2252 908 2285 quae
931 2241 1086 2277 diximus
1110 2243 1154 2278 ad
1180 2244 1258 2280 Cat.
1281 2258 1312 2282 c.
1337 2249 1418 2291 XX,
1429 2249 1462 2284 1.

50 2307 85 2341 p.
109 2296 168 2332 95.
191 2298 274 2344 Ing.
300 2299 380 2343 XX,
412 2300 446 2335 1.
471 2301 600 2344 XXVI,
633 2302 667 2337 3.
693 2303 839 2345 XXXV,
869 2301 903 2337 4.
929 2304 1055 2346 XLIX,
1078 2303 1112 2338 1.
1144 2305 1266 2351 LXIV,
1291 2308 1328 2343 3.
1364 2308 1464 2345 *Plu-

50 2358 144 2393 rima
169 2358 246 2393 eius
267 2361 407 2405 generis
436 2373 479 2396 ex
501 2362 605 2397 Livio
637 2363 783 2408 collegit
806 2364 986 2400 Drakenb.
1006 2366 1051 2399 ad
1074 2366 1137 2411 111,
1164 2366 1223 2410 46,
1243 2368 1276 2403 9.
1327 2371 1462 2416 Appius

50 2420 191 2454 domum
215 2430 254 2453 se
288 2424 500 2468 recepit,
525 2425 738 2470 collegisque
761 2426 800 2460 in
825 2431 945 2461 castra
968 2429 1154 2463 scribit.
1179 2429 1228 2463 cf.
1251 2432 1401 2468 eundem
1425 2437 1461 2470 et

49 2482 112 2517 Fr.
137 2483 299 2518 Gronov,
325 2484 370 2517 ad
395 2485 526 2526 XXIX,
551 2485 609 2529 27,
634 2486 670 2522 5.

139 2545 172 2586 §-
197 2542 231 2578 5.
281 2544 426 2590 divorsi]
459 2545 484 2580 i.
509 2558 539 2580 e.
573 2546 714 2582 diversa
735 2547 796 2583 via
819 2548 1008 2591 abeuntes,
1042 2548 1199 2586 diversos
1223 2552 1319 2588 locos
1342 2558 1460 2600 petcn-

46 2606 118 2646 tes,
143 2604 213 2638 loci
235 2604 497 2651 significatione
519 2608 565 2642 ad
588 2619 755 2651 personas
778 2611 968 2652 translata,
993 2615 1032 2645 ut
1055 2612 1148 2647 infra
1172 2625 1204 2648 c.
1230 2615 1406 2660 Lxxvn,
1422 2619 1457 2653 4.

47 2665 93 2698 cf.
127 2665 281 2711 Herzog.
325 2667 371 2700 ad
412 2667 512 2701 Caes.
546 2669 604 2702 vel
637 2668 732 2703 Hirt.
766 2670 808 2704 Β.
848 2671 892 2705 G.
927 2672 1020 2714 VIII,
1053 2673 1112 2709 19.
1165 2675 1327 2712 Plurima
1357 2679 1457 2715 dabit

46 2726 223 2762 Drakenb.
247 2727 292 2762 ad
325 2726 405 2762 Liv-
430 2728 475 2770 X,
499 2728 557 2772 33,
582 2728 638 2763 10.
665 2730 853 2764 diversi
885 2735 1039 2768 consules
1062 2735 1110 2768 ad
1131 2740 1323 2773 vastandos
1348 2753 1455 2786 agros

45 2786 211 2832 urbesque
241 2789 502 2834 oppugnandas
540 2790 734 2827 discedunt.
780 2791 834 2826 De
863 2793 1009 2839 propria
1032 2795 1191 2832 diversus
1224 2801 1390 2835 vocabuli
1414 2802 1451 2836 vi
