1826 3276
417 182 500 225 412
569 199 571 201 -
658 223 662 237 ,
720 204 723 205 ⁷
771 177 815 219 c.
841 175 1157 218 2SALLUS‘T1
1196 176 1414 221 emsm

416 296 476 338 tia
507 262 662 339 fluctus
698 290 874 334 trahunt
882 305 896 343 ;
929 290 990 333 ita
1014 289 1148 334 facies
1178 291 1375 336 locorum
1409 294 1512 338 cu'm
1542 297 1680 340 ventis
1714 297 1769 340 si-
1819 318 1825 325 ·

383 389 512 433 4mul
545 391 743 431 mutatur.
798 383 951 442 Syrtes
986 384 1043 428 ab
1077 390 1219 430 tractu
1248 379 1504 432 nominatae.
1570 390 1676 434 Eius
1705 390 1768 434 ci-

416 482 555 526 vitatis
598 479 748 540 lingua
790 478 926 522 modo
962 493 1175 524 convorsa
1211 481 1431 527 connubio
1459 482 1770 539 Numidarum3

416 577 565 637 legum
601 575 831 632 cultusque
874 574 1087 633 pleraque
1134 574 1379 631 Sidonica,
1413 591 1527 634 quae
1569 592 1624 622 eo
1667 579 1770 622 faci-

416 671 495 717 lius
529 670 795 725 retinebant,
840 669 961 726 quod
990 670 1149 728 procul
1186 670 1242 714 ab
1275 671 1461 731 imperio
1494 672 1613 732 regis
1648 678 1770 717 aeta-

379 770 505 812 5tem
541 765 745 826 agebant.
825 763 942 807 Inter
987 763 1084 808 illos
1128 770 1171 808 et
1211 765 1486 823 frequentem
1520 766 1772 812 Numidiam

414 860 536 904 multi
565 859 763 919 vastique
799 859 886 902 loci
901 887 905 889 -
921 863 1055 904 erant.

414 994 538 1026 auctor
570 991 702 1027 dixerat
733 981 889 1036 Syitibus
919 1002 970 1026 ex
1000 1002 1047 1026 re
1076 1002 1197 1025 nomen
1225 991 1370 1026 inditum
1389 1002 1485 1027 esse.
1530 993 1632 1037 Quod
1655 996 1772 1030 autem

412 1051 553 1095 Syrtes,
585 1051 739 1086 Graecae
769 1051 912 1096 originis
934 1061 1054 1085 vocem
1067 1075 1078 1093 ,
1101 1051 1224 1085 Latino
1257 1053 1428 1086 vocabulo
1462 1053 1610 1097 explieat
1644 1053 1771 1088 mirum

412 1108 522 1144 videri
545 1110 672 1154 nequit,
695 1123 801 1154 quum
823 1110 993 1145 neminem
1017 1110 1228 1145 eruditorum
1250 1111 1485 1146 Romanorum
1506 1113 1630 1157 fugere
1647 1115 1774 1157 posset,

411 1166 501 1213 quid·
516 1170 552 1203 in
577 1171 714 1204 Graeco
739 1181 895 1204 sermone
918 1171 1056 1205 trahere
1078 1171 1185 1204 verbo
1207 1171 1438 1214 responderet,
1482 1171 1628 1206 Proreus
1653 1172 1772 1206 eodem

410 1230 515 1263 modo
539 1229 662 1264 Cicero
693 1229 819 1264 Acadd.
843 1231 898 1271 Π,
921 1230 986 1273 16,
1008 1230 1064 1264 49.
1113 1232 1161 1266 Et
1179 1230 1329 1274 primum
1353 1231 1488 1275 quidem
1509 1231 1572 1265 hoo
1591 1232 1773 1276 reprehen—

413 1290 582 1333 dendum,
616 1290 705 1333 quod
739 1289 983 1334 captiosissimo
1012 1301 1140 1334 genere
1170 1291 1452 1336 interrogationis
1482 1295 1651 1332 utuntur-,-
1682 1292 1773 1336 quod

411 1360 522 1393 genus
544 1349 683 1382 minime
706 1349 743 1382 in
762 1349 978 1392 philosophia
999 1349 1139 1393 probari
1159 1350 1264 1391 solet,
1296 1361 1400 1394 quum
1421 1351 1553 1395 aliquid
1575 1352 1773 1386 minutatim
1821 1381 1826 1390 .

413 1414 448 1444 et
467 1408 649 1453 gradatim
669 1409 812 1442 additur
829 1412 892 1442 aut
913 1408 1068 1443 demitur.
1105 1408 1132 1441 S
1140 1408 1206 1441 ori
1214 1413 1228 1442 t
1240 1420 1288 1443 as
1310 1410 1371 1443 hos
1389 1415 1524 1452 vocant,
1546 1411 1629 1455 quia
1650 1422 1773 1445 acer-

411 1479 510 1502 vam
542 1468 694 1511 efficiunt
723 1478 792 1501 uno
825 1467 945 1501 addito
975 1479 1098 1513 grano.
1143 1467 1261 1511 Neque
1294 1468 1461 1503 dissimile
1490 1472 1541 1503 est
1569 1470 1660 1513 quod
1680 1471 1773 1514 apud

411 1528 555 1562 eundem
578 1527 713 1572 legitur
735 1527 847 1571 Legg.
870 1526 900 1568 I,
922 1526 956 1567 6,
981 1527 1037 1560 19.
1084 1527 1206 1572 Itaque
1229 1527 1443 1562 arbitrantur
1460 1528 1681 1572 prudentiam
1703 1540 1774 1563 esse

412 1588 576 1632 legem,
609 1587 704 1621 cuius
727 1597 768 1620 ea
793 1586 844 1618 vis
865 1585 932 1626 sit,
962 1591 1002 1619 ut
1023 1591 1115 1620 recte
1139 1589 1263 1629 facere
1286 1587 1426 1630 iubeat,
1454 1591 1546 1622 vetet
1567 1587 1773 1632 delinquere,

412 1657 554 1691 eamque
584 1657 656 1680 rem
694 1645 749 1679 illi
790 1646 970 1679 Graeco
1005 1649 1132 1689 patant
1163 1647 1297 1680 nomine
1326 1657 1352 1680 a
1384 1658 1463 1680 suo
1497 1647 1656 1692 cuique
1697 1648 1773 1683 tri-

410 1706 579 1740 buendo
618 1705 850 1750 appellatam,
885 1703 946 1737 ubi
976 1713 1010 1738 V.
1036 1705 1204 1739 Goerenz.
1257 1706 1297 1740 In
1328 1717 1464 1740 smnmo
1486 1706 1640 1741 omnium
1662 1707 1772 1749 codd„

409 1765 469 1809 qui
491 1765 554 1799 illa
578 1764 685 1798 verba
709 1764 859 1807 habent,
890 1774 1056 1797 consensu
1078 1764 1143 1798 soli
1166 1764 1360 1808 discrepant
1392 1766 1499 1800 Laud.
1521 1765 1557 1800 3.
1581 1767 1658 1800 Vnt.
1680 1764 1715 1802 5.
1737 1769 1772 1800 et

410 1825 569 1865 Goerlit„
598 1823 634 1857 in
662 1823 786 1867 quibus
817 1822 947 1856 desunt.
994 1822 1062 1857 Sed
1095 1824 1199 1858 istam
1230 1824 1366 1868 ellipsin
1397 1835 1464 1859 non
1493 1836 1535 1859 ex
1565 1826 1706 1870 antiquo
1738 1830 1773 1861 ct

409 1885 605 1927 incorrupto
637 1883 786 1926 quodam
821 1882 938 1916 codice
968 1882 1106 1916 fluxisse
1136 1887 1251 1918 cetera
1287 1888 1411 1919 natura
1445 1885 1570 1921 honum
1599 1885 1770 1920 librorum

409 1943 566 1978 ostendit.
613 1944 731 1987 Quare
753 1942 934 1986 probabile
959 1946 1027 1985 est,
1046 1943 1189 1977 eandem
1211 1943 1461 1987 suspicionem,
1479 1953 1580 1986 ¹quae
1601 1943 1769 1977 editorum

408 2003 537 2037 iudicia
570 2002 757 2047 pervertit,
791 2002 921 2036 scribas
948 2012 1086 2045 quoque
1115 2006 1154 2036 ut
1183 2002 1249 2036 ista
1276 2003 1380 2036 verba
1401 2002 1596 2037 omitterent
1615 2012 1768 2036 commo-

410 2063 527 2107 visse,
562 2073 666 2106 quam
699 2061 932 2095 coniecturam
965 2061 1144 2096 confirmat
1175 2060 1292 2095 Guelf.
1321 2062 1356 2097 2.
1390 2061 1452 2095 ubi
1482 2061 1604 2095 eadem
1635 2071 1770 2102 manus,

409 2132 499 2165 quae
523 2122 631 2156 verba
654 2121 807 2165 scripsit,
837 2131 956 2156 rursus
978 2121 1120 2155 induxit.
1167 2120 1236 2154 Sed
1270 2132 1408 2155 omnem
1429 2121 1628 2164 scrupulum
1650 2120 1769 2155 eximit

409 2181 558 2215 Isidorus
573 2205 584 2223 ‚
615 2185 736 2216 auctor
757 2181 881 2216 nostris
912 2184 1003 2214 certe
1024 2180 1198 2215 codicibus
1220 2180 1414 2224 antiquior,
1446 2180 1506 2224 qui
1528 2179 1632 2222 xm,
1653 2179 1711 2222 18,
1732 2180 1767 2214 6.

410 2241 588 2284 (Gramm.
609 2242 686 2275 Lat.
710 2242 785 2275 Vol.
806 2242 865 2275 111.
898 2253 933 2284 p.
956 2239 1036 2274 428.
1069 2240 1124 2274 ed.
1147 2239 1270 2284 Lind.)
1301 2241 1389 2275 haec
1411 2240 1537 2275 habet:
1567 2241 1682 2284 Syrtes
1703 2251 1766 2274 αυ-

410 2305 478 2334 tem
505 2301 689 2334 Sallustius
714 2313 737 2336 a
769 2305 937 2336 tractu
966 2300 1127 2334 vocari
1150 2300 1243 2334 dicit.

500 2362 532 2403 §.
555 2360 588 2394 4.
611 2364 645 2395 et
667 2361 700 2396 5.
746 2362 841 2406 leges
871 2361 1045 2404 cultusque
1073 2359 1260 2403 ploraque]
1295 2360 1410 2405 Leges
1437 2361 1544 2394 exstat
1571 2357 1608 2392 in
1630 2357 1708 2391 Vin.
1732 2357 1764 2391 1.

408 2421 477 2454 luc.
501 2420 534 2455 2.
570 2421 687 2455 Guelf.
713 2421 748 2455 6.
783 2420 865 2455 Sen.
887 2421 922 2455 2.
953 2408 1076 2454 Hense.
1108 2420 1206 2454 Vrat.
1227 2418 1260 2453 8.
1292 2419 1407 2454 Berol.
1430 2419 1461 2453 1.
1479 2408 1631 2453 'Goerlit
1662 2417 1765 2453 Misn.

409 2480 504 2513 Med.
526 2479 560 2516 1,
582 2479 616 2514 2.
642 2480 676 2514 S.
699 2481 783 2517 Vat,
800 2481 833 2516 1.
856 2480 888 2517 4.
906 2479 946 2514 6.
972 2480 1116 2514 Barber.
1140 2478 1174 2512 5.
1200 2479 1286 2514 Min.
1310 2479 1344 2514 2.
1365 2479 1487 2513 Eichh.
1515 2476 1628 2511 Ceteri
1649 2477 1763 2522 legum

408 2539 556 2579 habent,
579 2540 670 2582 quod
694 2541 826 2575 factum
849 2544 901 2575 est
921 2551 943 2574 a
965 2539 1107 2579 scribis,
1139 2539 1198 2583 qui
1220 2539 1312 2572 hunc
1333 2549 1466 2582 quoque
1488 2549 1606 2572 vocem
1629 2537 1674 2571 ad
1691 2539 1764 2581 pte-

407 2609 515 2642 raque
537 2598 705 2641 pertinere
727 2603 794 2634 rati
814 2603 1022 2634 structuram
1045 2599 1258 2643 aequandam
1281 2608 1353 2631 esse
1374 2589 1557 2632 censerent.
1600 2596 1765 2631 Primitus

409 2660 524 2690 autem
547 2657 700 2701 genitivo
725 2658 856 2701 posito,
889 2659 964 2703 quis
991 2659 1108 2692 credat
1130 2658 1192 2692 ulli
1220 2657 1252 2690 in
1275 2659 1422 2690 mentem
1454 2657 1585 2691 venisse
1605 2656 1761 2690 nomina-

410 2717 518 2751 tivum
547 2717 777 2752 substituere?
811 2718 861 2752 Ad
886 2719 952 2753 hoc
976 2718 1154 2762 probabile
1178 2723 1228 2753 est
1251 2717 1451 2760 Leptitanos
1473 2727 1539 2752 non
1559 2719 1688 2760 partem
1711 2715 1760 2749 le-
