1826 3276
455 188 814 234 IUGURTHA.
873 189 1010 233 cAP.
1038 187 1153 232 XLI.
1411 192 1497 235 237

110 309 332 354 civitatem
370 307 600 354 retinebat.
672 306 768 353 Sed
811 307 891 353 ubi
933 307 1009 353 ina
1041 304 1237 352 formido
1272 306 1493 376 ruentibus
1506 314 1533 354 3

109 405 321 463 decessit,
366 405 534 450 scilicet
568 420 646 461 ea,
689 420 806 465 quae
839 404 1066 450 secundae
1099 419 1172 450 res
1208 410 1381 461 amant,
1424 404 1494 448 Ia·

108 503 243 548 scivia
272 509 407 562 atque
439 502 652 564 superbia
686 502 920 547 incessere.
964 496 1034 547 Ita
1064 501 1190 561 quod
1218 502 1264 546 in
1295 488 1533 552 advorsis4

107 601 241 646 rebus
270 606 537 661 optaverant
566 601 719 658 otium,
753 605 998 660 postquam
1027 598 1182 659 adepti
1210 603 1325 655 sunt,
1359 580 1496 660 {spe-

110 727 270 769 xxxw,
289 726 324 762 4.
339 726 386 760 cr.
400 726 506 761 etiam
517 726 590 760 Cic.
603 726 689 770 Epp.
700 725 745 760 ad
754 725 893 760 Famm.
903 726 931 769 1,
941 725 980 767 7,
991 725 1048 760 16.
1074 725 1143 768 Qui
1159 736 1233 766 nos,
1246 736 1330 770 quos
1338 726 1498 769 favendo

106 789 145 823 in
159 788 329 822 communi
350 797 473 822 caussa
495 787 697 822 retinere
716 791 914 832 potuerunt,
937 786 1126 820 invidendo
1150 786 1497 822 abalienarunt.

198 850 231 892 §-
255 848 291 883 3.
338 848 498 893 decessit]
523 848 577 882 Ita
599 847 770 891 scriptum
794 851 906 881 exstat
928 845 964 881 in
988 847 1072 881 Bas.
1097 847 1131 881 l.
1155 847 1252 881 Leid.
1277 847 1341 890 Ia,
1366 847 1500 882 Wassii

107 909 250 944 Baniol.
271 910 364 955 neg.
381 909 510 943 Arond.
534 909 646 944 Laud.
662 907 696 943 1.
712 907 747 943 2.
763 907 812 949 3.,
835 907 950 942 Paris.
964 909 1004 942 Α.
1017 908 1056 943 C.
1077 908 1181 944 Bern.
1195 907 1229 942 1.
1253 908 1350 942 Flor.
1364 908 1420 943 14.
1439 909 1499 945 15.

106 970 228 1005 Βοιαὶ.
252 970 286 1004 1.
319 972 373 1013 et,
405 969 436 1005 si
459 969 545 1004 fides
572 969 711 1012 Cottio,
752 968 860 1003 etiam
884 969 922 1003 in
945 968 1026 1003 Sen.
1051 968 1087 1003 1.
1122 969 1226 1003 Rem.
1251 968 1284 1005 1.
1308 968 1342 1002 2.
1377 969 1500 1004 Guelf.

105 1030 142 1066 2.
164 1029 200 1066 4.
223 1029 257 1066 6.
281 1029 316 1065 7.
340 1029 375 1064 8.
401 1030 458 1065 11.
482 1030 539 1068 12.
574 1031 721 1065 Eccard.
754 1030 872 1064 Struv.
903 1030 1010 1064 Acad.
1043 1030 1141 1065 Vrat.
1171 1029 1203 1063 1.
1228 1029 1264 1066 2.
1287 1030 1323 1066 8.
1356 1029 1500 1065 Relicui

105 1092 263 1127 discessit
284 1095 421 1134 tonent,
453 1092 547 1137 quod
571 1103 691 1127 omnes
714 1090 750 1125 in
773 1094 935 1126 contextu
959 1090 1133 1125 exhibent.
1185 1091 1257 1125 Sed
1279 1091 1339 1127 Fr.
1364 1092 1499 1126 Grono-

107 1153 186 1188 vius
209 1152 255 1188 ad
277 1153 355 1188 [aiv-
379 1153 448 1196 IV,
471 1153 540 1196 52,
563 1152 599 1188 8.
624 1153 771 1187 decessit
792 1153 940 1196 probat,
974 1151 1112 1187 ratione
1134 1154 1252 1186 tamen
1274 1163 1343 1186 non
1367 1152 1501 1195 addita,

105 1225 215 1260 quam
237 1219 334 1260 petas
356 1226 399 1250 ex
421 1213 643 1249 annotatione
665 1218 787 1248 nostra
811 1214 856 1248 ad
881 1226 911 1248 c.
922 1213 1000 1255 XX,
1020 1212 1055 1249 1.
1078 1212 1170 1248 Nam
1192 1225 1301 1257 quum
1325 1214 1500 1258 discedere

105 1277 152 1312 sit
171 1276 210 1311 in
233 1277 342 1311 alium
366 1277 511 1311 locum
536 1287 574 1310 se
593 1275 764 1318 conferre,
790 1275 954 1310 decedere
980 1277 1099 1308 autem
1121 1273 1289 1309 translato
1310 1285 1412 1308 sensu
1435 1285 1500 1309 va-

105 1339 178 1374 leat
200 1337 355 1383 aliquid,
379 1336 473 1382 quod
497 1341 602 1371 autea
624 1341 797 1377 tenueras,
825 1347 894 1370 non
919 1335 1070 1379 amplius
1090 1334 1252 1376 retinere,
1273 1334 1311 1369 in
1334 1326 1500 1380 promptu

104 1402 157 1434 est
177 1398 349 1444 posterius
365 1397 607 1434 tautummodo
624 1398 772 1432 verbum
787 1398 937 1442 probum
959 1407 1099 1431 sensum
1132 1397 1323 1441 μειοῦται-ος
1345 1396 1499 1432 formido

103 1460 221 1504 enim,
243 1471 333 1505 quae
353 1462 488 1495 mentes
511 1464 764 1504 occupaverat,
787 1458 968 1503 aliquanto
992 1461 1072 1503 post
1094 1468 1152 1492 eas
1175 1469 1244 1492 non
1267 1457 1420 1502 amplius
1442 1463 1498 1492 te-

105 1522 204 1566 nuit,
234 1521 296 1556 sed
329 1519 483 1555 evanuit.
527 1518 599 1554 Sed
620 1519 714 1563 quod
735 1518 825 1554 ratio
849 1520 1028 1564 postulat,
1058 1520 1180 1554 suadet
1203 1518 1310 1554 etiam
1334 1519 1500 1564 loquendi

106 1593 212 1623 usus,·
235 1582 282 1617 cf.
305 1580 382 1615 Liv.
406 1581 478 1623 lx,
498 1580 558 1622 29,
582 1580 615 1615 1.
644 1580 852 1626 Priusquam
877 1593 921 1615 ea
944 1592 1051 1615 cura
1076 1581 1320 1616 decederet
1341 1581 1499 1626 patri-

104 1644 195 1677 bus.
222 1643 274 1685 II,
295 1641 364 1684 ⁸1,
386 1640 422 1679 7.
457 1642 508 1676 De
532 1641 796 1677 domesticarum
819 1653 935 1677 rerum
959 1647 1083 1677 eventu
1107 1654 1170 1676 nec
1194 1642 1414 1687 patribus
1435 1653 1499 1676 nec

103 1704 230 1750 plebi
251 1714 363 1738 cura
386 1702 666 1737 decesserat.
704 1703 878 1745 XXXIII,
901 1702 968 1745 31,
989 1702 1048 1736 11.
1080 1703 1195 1736 Donec
1219 1715 1305 1737 cura
1329 1703 1372 1738 de
1395 1704 1499 1738 Anti-

106 1765 190 1800 ocho
214 1765 292 1800 dec
303 1764 504 1800 essisset.
527 1763 647 1808 Quare
661 1763 884 1798 scribendum
900 1763 1007 1798 etiam
1024 1763 1118 1807 apud
1133 1763 1231 1798 Caes.
1249 1759 1292 1798 B.
1305 1764 1445 1806 G.11,⁷‚
1461 1764 1499 1799 2.

107 1827 329 1861 Hostibus
351 1825 474 1860 eadem
499 1825 541 1859 dc
565 1821 690 1860 cdussa
714 1835 817 1869 spes
836 1825 999 1869 potiundi
1022 1824 1142 1868 oppidi
1165 1824 1398 1865 decessit‚·
1427 1835 1498 1869 quo

104 1887 184 1922 loco
206 1886 473 1931 Oudendorpius
497 1886 633 1921 consilii
655 1884 807 1920 incertus
830 1889 928 1929 erat,
965 1889 1084 1920 utrum
1113 1885 1204 1927 hoc,
1234 1897 1279 1920 an
1309 1887 1498 1932 vulgatum

104 1949 280 1994 probaret.
303 1947 401 1982 Curt.
426 1946 518 1990 vm,
543 1948 586 1989 2,
611 1948 645 1982 1.
674 1947 858 1993 Postquam
881 1948 938 1981 ira
961 1952 1108 1982 mente
1132 1947 1413 1983 decesserat.
1444 1949 1499 1983 Ita

104 2010 232 2046 Noster
253 2008 362 2043 etiam
384 2009 459 2054 lug.
484 2009 724 2050 LXXXVIII,
750 2009 782 2042 1.
821 2009 984 2044 Metellus
1004 2010 1100 2056 plebi
1122 2010 1368 2054 patribusque,
1402 2014 1500 2054 post-

105 2083 210 2118 quam
233 2070 370 2105 invidia
393 2070 677 2113 decesserat,
711 2071 810 2106 iusta
842 2082 956 2108 carus.
987 2089 1034 2096 —-
1069 2071 1263 2105 Scilicet
1286 2071 1498 2115 particulam

105 2143 174 2168 nou
197 2135 430 2167 concoxerunt
450 2131 674 2176 interpretes3
699 2132 872 2167 Gruterus
895 2131 989 2166 enim
1013 2131 1162 2167 otiosam
1184 2131 1334 2174 iudicat,
1357 2133 1499 2167 Palme-

106 2193 180 2229 riuo
197 2192 344 2228 coniecit
365 2194 473 2236 ilicet,
494 2193 675 2239 Bipontini
699 2194 787 2228 adeo
811 2193 993 2228 ediderunt
1015 2194 1119 2236 illico,
1143 2204 1234 2238 quae
1257 2193 1377 2228 omnia
1401 2196 1500 2229 recta

105 2254 241 2290 ratione
266 2252 509 2290 destituuntur.
556 2256 685 2290 Contra
709 2255 850 2289 Curtius
880 2256 1010 2290 scilicet
1040 2254 1241 2290 affirmandi
1274 2266 1377 2289 sensu
1409 2255 1500 2290 tole-

105 2315 183 2351 rari·
201 2325 302 2360 posse
321 2318 458 2359 censet,
481 2326 696 2360 quamquam
718 2328 787 2351 non
810 2317 885 2351 sine
907 2317 1152 2358 incommod03
1181 2315 1390 2350 Gerlachius
1413 2326 1499 2351 vero

105 2388 182 2412 rem
203 2375 418 2421 expedivisse
439 2375 507 2410 sibi
529 2376 624 2411 visus
646 2380 699 2412 est
720 2378 937 2413 observando
961 2377 1074 2419 „haec
1101 2377 1356 2422 elegantissime
1375 2388 1398 2412 a
1417 2377 1499 2412 Sal-

106 2438 213 2474 lustio
235 2438 329 2473 dicta
353 2439 465 2474 esse.“
510 2437 634 2473 Verius
657 2437 786 2474 dixeris
808 2439 938 2474 scilicet
960 2437 1104 2482 propria
1128 2436 1166 2471 vi
1187 2436 1340 2482 positum
1363 2437 1498 2473 ironiae

105 2510 245 2534 sensum
276 2498 428 2541 haberc3
462 2497 591 2543 quippe
621 2502 742 2535 auctor
771 2499 822 2535 ita
851 2510 932 2534 cum
962 2499 1154 2534 acerbitate
1186 2498 1337 2543 quadam
1361 2498 1498 2544 ingenii

105 2559 255 2595 humani
282 2571 429 2605 pravam
460 2561 744 2596 consuetudinem
772 2561 878 2596 rebus
907 2560 1066 2595 secundis
1089 2560 1310 2604 superbiendi
1341 2564 1439 2595 notat
1461 2563 1498 2595 et

107 2621 209 2666 quasi
229 2621 466 2666 conqueritur.
490 2623 538 2657 cf.
562 2634 594 2658 e.
605 2623 738 2667 XXXI,
762 2622 819 2658 19.
843 2622 1034 2656 Ruhnken.
1057 2621 1102 2657 ad
1126 2620 1212 2656 Ter.
1222 2621 1330 2656 Andr.
1345 2620 1376 2665 1,
1386 2620 1422 2664 2,
1435 2620 1496 2657 14.

107 2684 309 2719 -·Amant
328 2683 579 2728 explicavimus
601 2684 646 2719 ad
669 2696 700 2719 c.
728 2683 888 2726 XXXIV,
913 2682 948 2718 1.

199 2744 235 2786 5.
253 2743 288 2779 4.
337 2745 396 2780 Ito
419 2745 526 2790 quod]
550 2745 655 2781 Hunc
675 2745 793 2780 locum
814 2743 1016 2789 Herzogius
1039 2742 1085 2778 ad
1107 2743 1205 2779 Caes.
1221 2743 1266 2779 B.
1288 2743 1335 2778 G.
1359 2741 1408 2784 11,
1432 2741 1492 2777 19.

105 2815 141 2849 p.
163 2803 244 2840 184.
272 2803 325 2842 ita
353 2805 468 2842 voluit
494 2805 717 2853 interpungi,
750 2809 790 2843 ut
813 2809 988 2842 commate
1010 2807 1088 2850 post
1109 2806 1278 2840 incessere
1300 2802 1414 2848 posito
1437 2803 1492 2838 ita
