1826 3276
401 182 484 222 560
758 173 802 216 C.
831 172 1159 215 SALLUSTI
1189 173 1410 218 CRISPI

363 291 534 341 4nendi
562 270 798 342 *licentiam
839 288 947 346 ipsis
990 288 1214 348 permittit.
1282 289 1350 332 llli
1391 295 1560 335 mature
1597 271 1656 336 ad
1689 293 1761 338 hi-
1804 297 1809 299 ⁴

402 387 539 442 berna
572 384 876 426 Romanorum
909 383 1272 441 proficiscuntur3
1315 383 1478 428 deinde
1522 386 1568 429 in
1611 387 1763 433 itinere

403 496 429 522 a
465 477 664 521 Gaetulis
697 477 933 541 latronibus
969 478 1251 521 circumventi
1284 479 1566 538 spoliatique,
1599 483 1764 540 pavidi,

403 574 495 617 sine
542 572 704 615 decore
748 572 806 616 ad
842 573 1012 617 Sullam
1048 573 1333 632 perfugiunt,
1369 591 1501 633 quem
1538 578 1687 620 consul
1719 578 1764 621 in

402 667 727 727 expeditionem
779 668 1061 728 proficiscens
1117 683 1204 728 pro
1259 662 1467 729 praetore
1514 666 1764 730 reliquerat.

400 814 482 858 pida
504 814 540 847 in
563 812 727 858 periculis
749 815 783 846 et
808 812 965 848 sollertia
986 812 1022 846 in
1044 800 1147 846 rebus
1169 813 1390 858 gravioribus
1412 814 1681 860 difficilibusque
1706 828 1765 852 ex-

399 874 596 918 pediendis3
625 874 671 907 cf.
694 885 723 906 c.
749 873 806 914 Vl,
831 874 864 907 1.

491 935 522 974 ἓ.
545 932 578 965 3.
603 936 638 966 et
660 932 693 965 4.
729 932 876 976 deinde]
907 933 1095 976 Perperam
1119 932 1254 967 Cottius
1278 936 1312 968 et
1335 934 1541 968 Gerlachius
1560 934 1767 978 scripserunt

401 993 504 1034 dein,
538 992 632 1035 quod
665 1003 687 1027 a
718 992 824 1026 Rivio
859 1004 901 1025 ex
933 994 1127 1027 coniectura
1159 993 1308 1037 positum
1341 997 1404 1036 est,
1426 993 1543 1027 sedin
1565 995 1664 1029 nullo
1688 995 1763 1030 cod.

400 1056 527 1086 exstat:
548 1071 593 1076 —
618 1053 725 1095 Ipsis,
750 1063 813 1096 pro
837 1063 904 1095 quo
927 1052 963 1086 in
986 1052 1104 1095 paucis
1125 1052 1237 1097 libris*
1256 1056 1305 1086 est
1335 1053 1424 1094 illis,
1455 1053 1632 1101 intribus
1664 1055 1766 1098 plane

398 1113 504 1148 deest.
543 1112 679 1145 Curtius
701 1111 827 1152 omisit,
851 1112 940 1154 quod
964 1112 1093 1145 factum
1119 1112 1323 1146 Gerlachius
1346 1113 1380 1146 in
1404 1113 1607 1148 Commentt.
1629 1125 1662 1158 p.
1685 1113 1764 1148 33⁰.

396 1174 490 1207 haud
514 1174 663 1207 multum
687 1173 784 1206 abest
815 1172 897 1215 quin
932 1173 1077 1216 probet,
1101 1183 1310 1215 quamquam
1334 1173 1543 1216 inutraque
1565 1173 1617 1206 ed.
1640 1184 1764 1217 prono-

399 1244 479 1267 men
503 1233 656 1268 retinuit.
687 1252 733 1257 -—
770 1225 900 1266 Deinde
929 1233 967 1265 in
997 1233 1118 1266 itinere
1147 1232 1251 1276 longe
1279 1232 1421 1276 plurimi
1443 1235 1557 1266 tenent
1578 1232 1676 1269 codd.
1724 1233 1766 1266 In

397 1293 608 1337 praepositio
633 1293 667 1326 in
692 1293 799 1326 Cortii
824 1296 918 1326 textu
945 1303 1027 1324 casu
1052 1291 1218 1324 excidisse
1251 1291 1404 1335 videtur,
1436 1303 1542 1335 quum
1564 1292 1601 1325 in
1623 1295 1766 1327 annota-

398 1354 492 1388 tione
514 1353 602 1386 nihil
625 1353 666 1386 de
690 1353 764 1386 eius
788 1341 926 1386 defectu
946 1351 1079 1384 dixerit.
1137 1351 1228 1384 Eam
1252 1350 1430 1385 revocavit
1457 1351 1685 1393 Gerlachius,
1706 1353 1766 1386 sed

395 1413 523 1447 deinde
546 1424 613 1446 non
637 1413 760 1446 idonea
784 1412 881 1445 codd.
904 1412 972 1444 fide
995 1411 1028 1444 in
1053 1411 1131 1444 dein
1155 1409 1312 1444 mutavit.
1351 1411 1536 1444 Praeterea
1558 1410 1594 1444 in
1616 1412 1766 1445 nonnul-

396 1473 442 1506 lis
476 1472 575 1506 codd.
608 1477 642 1506 et
669 1472 746 1505 edd.
783 1471 910 1514 antiqq.
941 1470 1077 1504 inverso
1107 1470 1227 1503 ordine
1255 1470 1386 1514 legitur
1412 1472 1535 1504 deiude
1559 1482 1583 1504 a
1608 1472 1765 1506 Gaetulis

401 1534 482 1566 latr.
520 1533 557 1566 in
587 1533 729 1572 itinere,
765 1542 867 1574 quem
895 1530 1048 1564 ordinem
1080 1529 1233 1563 Weisius
1259 1529 1414 1572 repetiit..
1449 1547 1491 1556 -
1539 1531 1767 1566 Circumventi

396 1593 487 1635 expl.
512 1592 555 1625 ad
581 1602 611 1626 c.
634 1591 673 1632 L,
698 1591 732 1624 6.
765 1611 810 1616 -
849 1590 1078 1634 Perfugium,
1107 1589 1199 1634 quod
1224 1592 1339 1623 tenent
1360 1588 1494 1632 aliquot
1516 1591 1655 1635 Palam,
1678 1601 1766 1626 unus

396 1651 514 1686 Guelf.
537 1650 631 1684 Leid.
656 1650 698 1688 N.
721 1651 838 1685 Berol.
862 1651 895 1683 1.
919 1653 953 1684 et
985 1650 1115 1691 Gom-L,
1154 1648 1311 1682 Cortium
1333 1654 1436 1693 recte,
1446 1649 1622 1694 scripsisse
1649 1661 1765 1685 cense—

395 1723 486 1754 mus,
508 1711 687 1754 repudiata
710 1709 940 1753 plurimorum
964 1707 1133 1744 libror-iim
1158 1708 1328 1752 scriptura
1348 1709 1567 1754 profugiunt,
1591 1721 1680 1754 quae
1702 1722 1765 1745 cur

395 1772 479 1806 huic
502 1772 578 1805 loco
602 1782 669 1804 non
695 1768 891 1810 conveniat,
915 1767 1018 1802 facile
1048 1767 1254 1812 intelligitur
1277 1781 1319 1803 ex
1343 1773 1495 1804 annotat.
1518 1771 1562 1804 ad
1584 1771 1658 1805 Cat.
1677 1771 1763 1813 le,

396 1832 454 1874 3.;
478 1835 573 1875 patet
597 1830 687 1864 enim
713 1830 856 1863 Mauros
879 1828 922 1862 ad
946 1827 1082 1861 Sullam
1103 1827 1218 1870 ivisse,
1245 1834 1284 1864 ut
1307 1830 1379 1864 eius
1401 1831 1530 1864 tutelae
1552 1841 1588 1864 se
1611 1830 1765 1866 commit-

395 1896 519 1927 terent.
543 1892 582 1925 ln
605 1889 684 1924 aliis
707 1889 765 1922 sed
788 1886 907 1932 paucis
930 1888 1028 1922 codd.
1054 1890 1104 1921 est
1125 1894 1290 1933 pergunt,
1313 1890 1526 1937 perveniunt,
1550 1890 1763 1932 conveniunt,

392 1952 619 1997 proveniunt,
652 1959 742 1993 quae
775 1947 893 1981 omnia
923 1959 966 1981 ex
995 1947 1257 1991 interpolatione
1286 1953 1367 1983 nata
1398 1950 1442 1984 ab
1469 1949 1636 1984 sententia
1659 1949 1765 1984 huius

394 2011 465 2046 loci
488 2010 602 2045 aliena
624 2012 714 2044 sunt.
772 2007 981 2041 Gerlachius
1012 2007 1048 2041 in
1078 2011 1224 2051 utraque
1246 2009 1300 2043 ed.
1323 2009 1459 2058 scripsit
1477 2009 1694 2054 profugiunt.
1717 2028 1762 2034 --

397 2072 506 2114 Quem
525 2081 604 2115 pro
623 2073 841 2114 praetore
863 2069 1050 2112 reliquerat
1071 2074 1138 2103 noa
1158 2072 1226 2103 est:
1251 2080 1352 2112 quem
1375 2068 1563 2114 reliquerat
1584 2069 1658 2109 veri
1677 2079 1764 2113 pro-

391 2132 563 2177 praetoris
602 2141 741 2164 manere
782 2129 979 2172 praeditum
1016 2140 1120 2174 eoque
1150 2131 1358 2173 fungentem
1401 2127 1508 2171 (nam
1551 2133 1763 2173 quaestorem

391 2192 500 2226 fuisse
523 2191 658 2226 Sullam
680 2188 799 2224 statim
823 2191 899 2232 post
926 2187 1050 2222 dicitur
1082 2189 1114 2230 §.
1137 2187 1171 2221 7.
1195 2191 1230 2222 et
1252 2199 1358 2232 supra
1378 2187 1507 2222 dictum
1529 2191 1582 2222 est
1604 2199 1636 2222 c.
1660 2187 1763 2230 XCV,

393 2252 458 2296 1.),
482 2252 559 2287 sed:
585 2262 709 2295 quem,
741 2250 825 2284 dum
847 2249 920 2293 ipse
944 2249 1096 2289 abesset,
1118 2248 1353 2291 propraetoris
1377 2248 1446 2282 loco
1470 2250 1580 2294 agere
1601 2249 1760 2290 iusserat,

394 2313 514 2357 cuique
537 2311 713 2355 imperium
741 2309 954 2355 praetorium
977 2308 1192 2353 permiserat.
1250 2308 1384 2343 Eodem
1409 2308 1514 2342 modo
1539 2307 1763 2353 intelligenda

393 2376 472 2406 sunt
493 2372 600 2405 verba
623 2383 653 2404 c.
677 2371 838 2412 XXXVI,
861 2370 896 2406 4.
929 2370 1083 2410 Albinus,
1107 2369 1194 2402 Aulo
1211 2370 1328 2411 fratre
1352 2368 1389 2401 in
1411 2368 1532 2402 castris
1550 2378 1630 2412 pro
1636 2378 1762 2412 prae-

394 2438 495 2468 tore
517 2433 654 2473 relicto',
680 2432 826 2465 Romam
851 2430 1008 2465 decessit.
1052 2429 1162 2463 Aulus
1185 2428 1277 2461 enim
1305 2428 1443 2473 legatus
1467 2427 1556 2470 fuit,
1576 2430 1616 2462 ut
1637 2437 1761 2461 narra-

393 2498 451 2527 tur
474 2504 502 2528 c.
526 2492 724 2534 XXXVIII,
747 2492 782 2526 1.
815 2503 849 2525 v.
875 2489 1036 2526 Creuzeri
1058 2489 1196 2533 Antiqq.
1219 2489 1358 2537 Romml.
1385 2490 1418 2530 ἓ.
1441 2486 1527 2521 183.
1542 2499 1578 2531 p.
1602 2485 1682 2520 2⁷9.
1706 2486 1760 2520 od.

392 2553 438 2588 11.
463 2553 544 2587 coll.
569 2556 683 2587 annot·
709 2554 753 2587 ad
776 2552 880 2587 catil.
902 2563 933 2585 c.
956 2551 1049 2592 xlx,
1073 2549 1106 2585 1.
1131 2562 1164 2593 p.
1189 2548 1245 2583 91.
1276 2567 1322 2573 -
1353 2547 1523 2592 Deinceps
1545 2546 1698 2581 Weisius
1720 2557 1762 2580 ex

396 2613 474 2647 edd.
499 2612 627 2656 antiqq.
652 2612 744 2654 suis,
776 2611 898 2655 quovis
919 2608 1222 2654 interpolationum
1243 2619 1371 2654 genere
1393 2605 1597 2651 inquinatis,
1624 2605 1762 2651 scripsit

394 2677 616 2717 propraetore
647 2672 694 2706 in
725 2672 894 2706 castris
923 2671 1041 2715 reliq„
1071 2679 1142 2713 qua
1171 2669 1286 2713 glossa
1306 2668 1411 2712 longe
1432 2666 1574 2711 plurimi
1597 2665 1679 2700 libri
1701 2676 1760 2700 ca-

397 2735 483 2768 rent.
529 2733 645 2767 Habet
677 2734 793 2767 tamen
824 2730 1046 2766 acutissimus
1070 2729 1230 2771 criticus,
1260 2739 1328 2772 quo
1350 2727 1558 2772 scripturam
1579 2725 1760 2766 defendam
