1826 3276
498 162 863 210 menum.
909 163 1042 211 cAP.
1074 163 1193 233 clx.
1438 171 1528 216 587

129 280 279 335 iubet3
325 295 379 325 ac
424 279 537 327 nihil
569 283 704 329 etiam
738 298 859 329 nunc
894 282 1174 341 decrevisse,
1221 283 1305 330 sed
1336 285 1413 350 illo
1448 285 1524 333 die

127 393 464 439 responsurum.
535 380 715 427 Deinde
750 381 886 427 ambo
929 382 975 427 in
1013 398 1094 428 sua
1128 387 1274 428 castra
1316 383 1519 446 digressi.

125 475 224 522 Sed
258 477 337 522 ubi
364 477 634 538 plerumque
667 480 810 526 noctis
836 481 1072 541 processit,
1107 480 1237 526 Sulla
1270 496 1300 526 a
1327 481 1556 530 Boccho4

125 575 303 620 occulte
330 575 595 632 accersitur3
626 576 685 622 ab
714 583 907 645 utroque
938 579 1250 624 tantummodo
1277 579 1358 624 fidi
1381 580 1523 625 inter-

122 677 276 733 pretes
306 672 591 733 adhibentur,
625 680 864 736 praeterea
889 668 1046 722 Dabar
1073 677 1387 735 internuncius,
1415 694 1522 724 san-

123 774 220 814 ctus
263 769 334 814 vir
381 776 427 816 et
466 787 522 820 ex
564 774 783 820 sententia
826 775 1062 822 ambobus.
1146 776 1218 822 Ac
1262 777 1411 823 statim
1456 778 1522 824 sic

119 881 202 912 rex
234 867 392 930 incipit
407 884 421 914 ε

121 989 268 1024 lentiam
302 991 437 1027 accedit
444 1016 456 1043 ,
487 1004 595 1038 quum
627 993 805 1030 interdum
836 994 945 1030 etiam
967 995 1082 1031 altero
1104 994 1283 1031 vocabulo
1306 1007 1376 1031 non
1397 996 1522 1033 addito

121 1051 260 1086 dicatur
289 1053 417 1088 bellum
449 1066 618 1101 agere3
649 1057 697 1091 cf.
729 1057 878 1102 Fragm.
908 1057 1004 1092 Hist.
1035 1058 1106 1092 luc.
1133 1057 1194 1099 1⁷,
1219 1057 1277 1092 11.
1323 1058 1450 1093 Belli
1472 1059 1519 1093 ab

119 1114 204 1149 aliie
235 1116 334 1151 acti
362 1116 456 1150 ratio
488 1117 678 1154 reddenda.
716 1118 804 1162 Nep.
833 1117 991 1153 Hannib.
1014 1129 1047 1154 e.
1070 1119 1160 1163 vm,
1183 1118 1219 1153 3.
1265 1119 1306 1153 Si
1329 1119 1520 1155 Antiochus

118 1175 158 1210 in
181 1177 363 1222 agendo
388 1178 512 1212 bello
534 1189 663 1222 parere
685 1180 850 1214 voluisset
873 1179 1022 1214 consiliis
1046 1179 1131 1214 eius.
1163 1180 1211 1215 cf.
1237 1181 1394 1216 GronoV.
1416 1181 1522 1218 obss.

119 1236 170 1281 Π,
193 1237 231 1272 3.
254 1249 288 1282 p.
314 1237 396 1272 178.
421 1239 476 1275 ed.
499 1240 615 1275 Platn.
639 1240 905 1278 Drakenborch.
929 1241 974 1275 ad
997 1240 1074 1277 Liv.
1096 1240 1191 1284 Epit.
1217 1241 1345 1277 XLIX.

212 1301 248 1343 §.
271 1299 306 1334 3.
327 1301 477 1345 suerat]
509 1302 590 1335 Hoc
612 1302 763 1335 verbum
787 1301 928 1336 Curtius
950 1302 1021 1336 fide
1043 1302 1148 1337 unius
1171 1303 1293 1337 Guelf.
1316 1303 1351 1338 4.
1376 1300 1519 1350 delevit,

117 1361 302 1406 eleganter
323 1361 440 1396 omitti
462 1362 680 1406 praedicans.
714 1382 762 1389 -
794 1365 846 1398 Ae
876 1363 950 1398 iam
973 1363 1113 1398 Cortius
1136 1363 1227 1398 vidit
1249 1363 1300 1399 ita
1322 1365 1519 1401 orationem

116 1426 268 1464 nectere,
302 1426 342 1458 ut
372 1433 416 1458 ex
446 1423 675 1468 praecedente
698 1425 809 1459 verbo
843 1425 940 1460 iubet
963 1424 1116 1468 simplex
1142 1425 1283 1459 dicendi
1304 1426 1519 1461 vocabulum

117 1484 309 1518 eruendum
339 1484 406 1526 sit,
441 1496 511 1528 quo
545 1488 664 1519 cetera
699 1485 836 1529 oratio,
870 1496 961 1530 quae
990 1496 1061 1520 non
1083 1485 1129 1519 ad
1151 1484 1286 1520 i'ussum
1308 1486 1520 1530 pertinebat,

81 1590 83 1594 ι
117 1544 394 1580 continuaretur.
440 1545 612 1580 Usitatius
635 1549 752 1580 tamen
776 1549 852 1588 est,
884 1547 1022 1581 nullam
1045 1547 1212 1591 copulam
1236 1547 1341 1591 poni,
1371 1547 1434 1582 ubi
1457 1559 1519 1582 ac-

118 1605 298 1641 cusativus
330 1617 411 1640 cum
444 1605 621 1641 infinitivo
651 1617 694 1642 ex
726 1607 918 1651 supplendo
946 1608 1155 1641 declarandi
1176 1607 1285 1642 verbo
1310 1608 1448 1652 pendet,
1472 1610 1519 1644 de

117 1679 189 1712 quo
217 1667 483 1703 constructionis
511 1678 642 1713 genere
671 1667 752 1702 vide
782 1678 873 1712 quae
904 1667 1149 1703 annotavimus
1172 1669 1218 1702 ad
1240 1679 1271 1702 c.
1294 1668 1387 1711 vlu,
1411 1669 1446 1702 1.
1469 1687 1519 1695 —

117 1731 241 1765 Etiam
262 1742 352 1764 nune
374 1729 466 1764 mihi
490 1729 595 1764 valde
617 1732 818 1773 suspectum
842 1732 913 1771 est,
938 1740 1048 1772 quum
1071 1729 1236 1773 loquendi
1259 1739 1341 1763 usus
1366 1730 1518 1774 postulet

117 1791 227 1841 etiayn
251 1796 346 1833 tunc,
370 1802 404 1827 v.
427 1791 474 1826 ad
497 1803 528 1825 c.
553 1791 615 1834 XI,
642 1790 677 1825 6.
702 1791 824 1832 XLVI,
849 1791 1035 1832 1..X1.1x‚
1057 1790 1092 1825 3.
1140 1791 1243 1836 Quod
1267 1791 1382 1836 ipsum
1405 1804 1517 1837 quum

117 1852 156 1888 in
177 1852 284 1887 Misn.
306 1856 439 1894 exstet,
472 1852 561 1887 Tur.
596 1863 683 1886 vero
718 1852 852 1887 habeat
882 1863 925 1885 ac
958 1855 1049 1886 tum
1076 1852 1217 1886 etiam
1241 1854 1342 1897 nihil,
1366 1854 1425 1889 vix
1449 1855 1517 1890 du-

116 1914 218 1950 bium
246 1907 408 1956 videtur,
439 1913 526 1958 quin
557 1914 655 1948 locus
685 1913 812 1947 vitium
845 1908 1001 1948 traxerit.
1050 1913 1142 1949 Nam
1163 1917 1204 1949 ut
1226 1925 1295 1949 non
1319 1919 1371 1950 est
1390 1916 1517 1952 verisi-

117 1976 204 2011 mile
227 1975 361 2012 scribas
382 1987 473 2010 nunc
496 1974 533 2009 in
557 1980 640 2010 tunc
662 1978 840 2016 mutasse,
876 1975 926 2009 ita
958 1975 1060 2009 valde
1085 1975 1129 2009 iis
1160 1975 1318 2020 proclive
1341 1977 1410 2012 fuit
1432 1989 1517 2012 con-

118 2036 229 2072 trario
269 2037 376 2072 modo
416 2048 574 2082 peccare.
617 2056 666 2062 —
713 2037 753 2071 ln
786 2035 1003 2080 explicandis
1039 2036 1159 2071 verbis
1199 2038 1300 2072 ambo
1341 2038 1388 2072 in
1428 2051 1516 2075 sua

117 2104 278 2134 castra
302 2099 473 2144 digressi,
509 2098 570 2144 qui
593 2102 673 2132 sunt
696 2097 895 2143 planissimi
920 2109 1058 2140 sensus,
1082 2098 1335 2135 incredibiliter
1358 2105 1516 2146 nugatur

117 2159 268 2196 eortius.
309 2160 407 2202 „Tu
429 2165 549 2195 castra
570 2162 711 2206 accipe,
734 2160 870 2205 iuquit,
905 2161 1028 2195 Sullae
1050 2165 1155 2205 atque
1178 2163 1345 2206 Asparis,
1370 2174 1434 2197 nec
1457 2174 1514 2205 ea,

117 2232 210 2266 qaae
232 2221 328 2266 apud
351 2222 536 2257 Bocchum
559 2223 759 2267 habebant,
783 2222 842 2257 sed
866 2221 962 2257 illius
985 2223 1079 2267 apud
1101 2222 1269 2267 Marium,
1291 2223 1400 2258 huius
1421 2224 1515 2268 apud

116 2283 351 2328 Iugurtham3
371 2287 476 2326 atque
498 2282 593 2316 idem
617 2286 681 2326 est,
704 2295 746 2319 ac
769 2283 799 2318 si
822 2284 986 2320 dixissett
1010 2284 1135 2318 deinde
1157 2285 1263 2319 ambo
1286 2284 1331 2319 ad
1354 2296 1436 2320 suos
1459 2284 1515 2319 di-

117 2344 234 2391 gressi
252 2348 343 2387 sunt‚
367 2344 442 2379 sive
465 2345 616 2390 digressi
638 2349 730 2388 sunt,
754 2350 793 2380 ut
818 2346 863 2380 ad
887 2357 967 2380 suos
996 2347 1222 2391 pergerent.“
1260 2347 1362 2390 Quae
1384 2350 1515 2390 quanta

117 2405 349 2452 perversitate
371 2405 570 2452 excogitata
593 2406 680 2450 sint,
703 2396 811 2441 facile
834 2410 947 2452 potest
967 2407 1190 2453 intelligere,
1213 2407 1275 2452 qui
1298 2407 1516 2452 reputaverit

117 2471 155 2504 ot
177 2467 330 2508 Sullam,
357 2468 420 2511 qui
444 2479 525 2502 cum
548 2468 723 2512 praesidio
746 2469 901 2504 militum
922 2468 1074 2504 venisset
1098 2469 1164 2515 (cf.
1181 2481 1211 2504 c.
1229 2469 1299 2511 CV,
1315 2469 1381 2514 2.),
1398 2473 1514 2503 castra

118 2529 256 2565 mnnita
280 2530 470 2571 habuisse,
494 2516 531 2564 et
552 2530 758 2572 Bocchum,
782 2542 852 2566 non
874 2530 992 2573 domi,
1016 2531 1078 2565 sed
1102 2530 1195 2575 apud
1219 2530 1410 2565 exercitum
1433 2541 1513 2564 ver-

118 2594 277 2636 euntem,
310 2591 443 2636 pariter
471 2590 509 2624 in
539 2590 661 2625 eastris
693 2592 815 2628 fuisse.
872 2593 928 2627 Ad
960 2592 1230 2636 colloquendum
1261 2591 1373 2637 igitur
1403 2601 1514 2635 quum

119 2651 364 2697 processissent
378 2652 415 2686 in
430 2653 550 2686 locum
564 2653 716 2687 medium
730 2654 821 2689 inter
835 2659 974 2696 castra,
992 2658 1032 2688 ut
1048 2665 1104 2688 res
1122 2653 1201 2698 ipsa
1218 2653 1408 2698 poscebat,
1428 2652 1514 2698 quid

120 2713 238 2759 magis
260 2717 550 2755 consentaneum,
583 2725 692 2757 quam
715 2715 892 2759 colloquio
917 2715 1019 2750 finito
1041 2718 1230 2758 utrumque
1253 2714 1289 2748 iu
1311 2724 1376 2748 sua
1398 2716 1515 2747 castra

120 2786 196 2811 esse
217 2786 395 2811 reversum
409 2775 426 2808 ?
449 2775 598 2811 Prorsus
619 2774 732 2821 igitur
753 2775 912 2822 ineptum
935 2778 1000 2822 est,
1023 2776 1117 2821 quod
1139 2774 1279 2811 eortius
1300 2774 1345 2811 de
1366 2773 1515 2820 Aspersa
