1826 3276
508 155 876 201 IUGURTHA.
936 155 1065 200 CAP.
1094 155 1126 198 l.
1494 160 1522 200 ἵ

124 285 291 340 quanto
337 276 485 323 studio
529 275 673 320 aliena
721 289 774 318 ac
816 272 926 319 nihil
969 272 1213 334 profutura-
1241 273 1520 332 multumque

124 378 260 424 etiam
314 374 571 438 periculosa
623 377 807 435 petunt,
858 386 1007 432 neque
1058 375 1324 434 regerentur
1371 371 1520 433 magis

121 499 268 536 eandam
302 497 466 534 adhiberi
498 507 611 542 posse.
656 495 786 532 Nostro
817 496 939 530 autem
973 494 1054 530 loco
1087 494 1262 540 defluxere
1291 502 1414 529 veram
1446 504 1522 529 esse

118 562 332 607 scripturam
355 558 568 605 intelligitur
596 569 640 592 ex
664 555 782 591 addito
803 566 869 600 per
891 556 1106 598 socordiam,
1138 556 1267 600 quippe
1289 566 1359 599 quo
1381 555 1520 601 signifi-

120 628 220 660 cetur
247 620 468 669 negligentia
497 617 658 653 celeriter
689 616 870 652 transiisse
900 627 991 661 quae
1020 616 1137 660 potius
1157 616 1302 652 retineri
1325 619 1360 652 et
1382 620 1522 653 strenue

120 683 275 721 exerceri
297 680 504 723 debuerint,
529 679 690 722 falsoque
711 677 874 712 homines
897 677 947 712 ad
955 678 1071 722 finem
1094 678 1192 713 vitae
1216 679 1351 715 delatos
1372 681 1522 714 naturae

120 745 360 782 infirmitatem
395 751 572 778 accusare.
618 738 872 776 Commentarii
903 737 1015 775 instar
1046 741 1098 774 est
1129 737 1285 775 Senecae
1315 741 1360 775 de
1381 740 1520 777 Brevit.

121 807 214 843 vitae
241 817 273 841 c.
294 805 324 842 1.
345 802 408 838 ubi
437 803 527 838 haec
559 790 743 846 leguntur:
786 799 853 836 Ubi
871 800 949 836 vita
967 813 1034 847 per
1057 803 1174 837 laxum
1197 813 1241 838 ao
1260 801 1521 847 negligentiam

117 867 315 912 defluit,
339 865 400 901 uba·
421 865 511 899 nulli
535 863 645 899 bonae
668 862 722 897 rei
744 862 979 907 impenditur,
1001 863 1129 899 ultima
1152 864 1292 899 demum
1314 863 1523 899 necessitate

115 933 284 976 cogente,
327 913 443 972 quam.
464 927 532 961 ire
562 936 632 959 non
662 924 918 967 intelleximus,
962 924 1210 961 transisse
1252 925 1431 961 sentimus.
1474 943 1519 950 —-

118 991 270 1036 Quisque
302 987 443 1024 Cortius
468 988 564 1022 recte
594 984 734 1030 scripsit
768 996 810 1020 ex
844 984 951 1022 Fabr.
971 974 1016 1021 ι2.
1048 986 1121 1022 Ine.
1146 986 1181 1024 1.
1216 985 1299 1022 Sen-
1323 986 1358 1021 2.
1391 986 1522 1022 Heuss.

115 1052 233 1087 Guelf.
257 1050 291 1086 3.
315 1049 349 1085 4.
373 1049 432 1084 11.
455 1048 514 1085 12.
548 1046 678 1093 quihus
709 1047 881 1083 accedunt
911 1058 1003 1083 unus
1035 1048 1187 1091 Wassii‚
1220 1048 1319 1084 Leid.
1342 1048 1385 1082 G.
1410 1047 1455 1083 N.
1484 1051 1521 1082 et

113 1114 189 1149 Erl.
235 1113 349 1148 Antea
379 1111 548 1146 edebatur
581 1109 724 1155 quippe,
760 1109 857 1154 quod
888 1108 926 1144 in
957 1120 1030 1145 uno
1054 1109 1174 1145 Guelf.
1198 1109 1233 1146 6.
1255 1112 1389 1152 exstat;
1414 1108 1521 1143 nimi—

114 1186 195 1211 rum
228 1172 398 1209 librarius
429 1171 572 1206 volebat
599 1170 777 1215 indicare,
820 1170 916 1206 hane
945 1170 1225 1207 enunciationem
1259 1169 1520 1216 quodammodo

113 1245 361 1282 praegressum
383 1233 579 1278 explicare,
607 1231 746 1267 nescius
769 1231 942 1268 eiusmodi
965 1234 1154 1269 sententias
1177 1233 1276 1269 haud
1299 1243 1381 1268 raro
1403 1229 1519 1268 ἀσυν-

113 1295 230 1340 δέτως
251 1295 351 1331 iuxta
375 1294 560 1335 collocari,
585 1295 625 1328 ut
648 1292 863 1329 ostendimus
885 1293 931 1329 ad
955 1294 1062 1332 catil.
1086 1307 1117 1330 c.
1135 1295 1303 1337 xxxix,
1326 1294 1361 1329 4.
1385 1305 1422 1339 p.
1436 1292 1517 1328 184.

111 1360 236 1405 Longo
257 1356 404 1404 plurimi
425 1360 544 1392 tamen
567 1353 668 1390 codd.
692 1366 735 1389 ex
757 1354 1030 1400 interpolatione
1050 1356 1185 1393 habent
1205 1357 1350 1402 quique,
1374 1358 1519 1399 propter

112 1426 296 1462 auotore25
317 1418 378 1454 sed
400 1416 549 1463 pluralis
569 1415 709 1450 numeri
731 1416 909 1452 vocabula
931 1418 1075 1464 quisque
1097 1417 1235 1453 nonnisi
1257 1416 1431 1464 singulari
1453 1426 1518 1461 ap-

111 1481 265 1528 positum
296 1480 451 1522 habere,
483 1489 553 1524 quo
583 1477 827 1522 praedicatum
851 1478 896 1512 ad
920 1478 1080 1526 singulos
1110 1481 1293 1523 trahatur,
1326 1480 1417 1514 bene
1439 1488 1517 1513 mo-

111 1543 188 1579 nuit
209 1543 346 1585 Faber,
369 1540 451 1577 coll.
464 1541 543 1576 Cat.
559 1539 738 1583 XXXVII,
751 1539 786 1575 6.
811 1541 1006 1586 XXXVIII,
1019 1541 1054 1578 3.
1077 1542 1154 1586 ml,
1168 1542 1225 1577 23.
1249 1542 1330 1588 lug.
1343 1540 1516 1582 XVlIl‚3.

111 1605 235 1647 Imm,
258 1603 295 1639 2.
327 1603 474 1649 Fragm.
497 1601 591 1638 Hist.
618 1601 648 1646 I,
672 1601 732 1646 19,
755 1601 791 1638 6.
824 1602 888 1644 111,
915 1602 974 1636 25.
1006 1604 1066 1647 IV,
1089 1603 1148 1640 28.
1183 1604 1228 1639 cf.
1250 1601 1515 1638 Drakenborch.

114 1667 160 1702 ad
180 1665 260 1702 mv.
281 1665 358 1707 VII,
381 1663 440 1706 19,
464 1664 499 1699 2.
532 1662 594 1708 qui
624 1661 781 1708 plurima
811 1663 997 1710 congessit.
1045 1665 1211 1700 Ceterum
1238 1665 1451 1700 Gerlachius
1479 1663 1517 1698 in

114 1727 324 1762 Commentt.
346 1736 380 1770 p.
401 1725 485 1760 214.
517 1727 614 1758 recte
638 1723 746 1760 sensit
777 1730 937 1761 auctores
958 1725 1036 1761 vim
1058 1726 1193 1762 habere
1223 1727 1384 1773 integrae
1406 1737 1518 1761 enun-

113 1787 276 1824 ciationis
299 1798 405 1832 quum
427 1787 497 1833 ipsi
519 1786 590 1822 sint
613 1789 772 1820 auctores
794 1797 843 1820 sc.
866 1788 1011 1832 eulpae,
1044 1798 1157 1832 eoque
1178 1789 1285 1824 simul
1307 1787 1517 1832 perspicitur

112 1859 219 1894 quam
252 1858 418 1893 perverso
451 1848 509 1882 vel
542 1847 658 1893 potius
681 1847 779 1882 nullo
803 1846 936 1883 iudicio
958 1847 1054 1882 idem
1076 1847 1114 1882 in
1135 1849 1329 1884 novissima
1352 1849 1407 1883 ed.
1431 1848 1515 1883 scri-

110 1909 219 1956 pserit
250 1914 409 1954 actores,
444 1919 552 1954 quam
577 1919 701 1945 vocem
723 1909 929 1954 saepissime
951 1921 1036 1945 cum
1063 1916 1186 1946 auctor
1207 1910 1342 1947 mutari
1363 1910 1516 1946 diximus

110 1972 155 2007 ad
177 1971 254 2007 Cat.
277 1971 341 2014 Ill,
363 1969 399 2006 2.

202 2034 235 2076 §.
258 2030 294 2068 5.
340 2029 575 2076 multumque]
611 2030 664 2066 Ita
695 2030 867 2077 scriptum
898 2033 1010 2068 exstat
1040 2031 1078 2066 in
1108 2031 1251 2068 Vratisl.
1271 2032 1306 2068 3.
1335 2033 1454 2069 Guelf.
1478 2033 1514 2068 4.

110 2091 146 2129 5.
170 2092 206 2129 9.
229 2093 311 2128 Seu.
333 2092 368 2131 2.
391 2092 519 2127 Heuss.
545 2091 642 2128 Leid.
665 2092 708 2129 A.
732 2093 776 2129 Β.
801 2089 841 2128 C.
865 2095 910 2129 D.
933 2094 977 2130 F.
1000 2094 1049 2128 H.
1073 2094 1149 2130 Erl.
1170 2093 1256 2131 Bas.
1279 2094 1314 2128 4.
1338 2095 1459 2130 Berol.
1479 2095 1512 2130 2.

109 2154 254 2190 Relicui
285 2153 346 2190 vel
377 2154 580 2200 multaque,
613 2165 657 2189 ex
680 2154 968 2199 interpolatione,
1001 2155 1059 2191 vel
1086 2156 1283 2202 multoque,
1316 2157 1514 2193 scribarum

109 2216 213 2261 lapsu
245 2227 288 2252 ex
316 2215 496 2260 multaque
527 2217 666 2258 ortum,
701 2219 830 2253 tenent.
883 2217 1037 2254 Multum
1067 2217 1208 2254 Cottius
1240 2221 1276 2254 et
1301 2219 1515 2255 Gerlachius

110 2281 206 2313 recte
226 2277 501 2322 interpretantur
522 2288 648 2323 saepe,
682 2289 899 2323 quamquam
917 2282 1043 2314 neuter
1073 2280 1181 2316 huius
1207 2281 1386 2325 potestatis
1409 2292 1512 2319 caus-

110 2351 189 2375 sam
220 2342 397 2374 assecutus
429 2341 502 2382 est;
537 2350 621 2374 nam
644 2349 736 2383 quae
759 2340 904 2376 laudant
925 2341 1107 2386 exempla,
1135 2342 1233 2377 velut
1256 2342 1348 2381 Plin.
1369 2344 1458 2388 Epp.
1481 2345 1510 2390 Ι,

109 2399 146 2444 9,
172 2401 208 2437 ⁶2.
241 2400 432 2435 multum
461 2400 597 2446 ineptos
624 2400 760 2436 labores
789 2402 966 2448 relinque,
997 2402 1070 2438 Cic.
1091 2404 1183 2449 Epp.
1212 2405 1258 2439 ad
1280 2405 1421 2440 Famm.
1451 2406 1511 2450 lv,

109 2461 170 2506 13,
193 2461 251 2497 18.
287 2461 452 2496 Caesaris
473 2462 745 2507 familiarissimi
774 2465 965 2500 multum
997 2476 1131 2500 mecum
1163 2471 1264 2509 sunt,
1298 2467 1382 2502 coll.
1413 2468 1510 2503 Tura

109 2524 185 2559 sell.
210 2523 254 2558 de
275 2523 420 2568 particc.
445 2533 475 2557 c.
499 2522 618 2557 CCIII.
644 2535 678 2568 p.
703 2525 809 2563 1171.
834 2537 876 2562 ea
899 2526 1019 2562 omnia
1041 2526 1214 2562 eiusmodi
1237 2531 1332 2571 sunt,
1356 2532 1396 2565 ut
1419 2530 1509 2563 mul-

110 2589 184 2622 tum
209 2584 420 2630 simpliciter
439 2585 647 2629 respondeat
672 2585 911 2634 interrogandi
943 2588 1119 2625 vocabulo
1150 2594 1334 2634 quantum.
1380 2591 1509 2626 Nostro

108 2649 228 2682 autem
250 2647 329 2682 loco
352 2647 572 2682 accusativus
602 2647 711 2682 absol.
733 2651 806 2691 est,
838 2649 877 2684 vi
908 2649 1069 2695 integrae
1099 2650 1353 2688 enunciationis
1385 2654 1508 2688 valens

109 2713 268 2754 respectu
290 2709 480 2742 multarum
499 2719 616 2744 rerum
636 2708 690 2753 (v.
716 2708 761 2743 ad
784 2721 815 2743 c.
837 2710 880 2753 V,
904 2708 958 2755 4.)
981 2710 1058 2746 sive
1079 2716 1119 2747 ut
1142 2712 1180 2747 in
1203 2713 1324 2750 multis
1335 2716 1398 2760 fit,
1424 2715 1460 2748 h.
1473 2726 1503 2748 e.

109 2779 237 2815 ωερε,-
258 2769 306 2805 ct'.
330 2769 533 2807 Frotscher.
557 2770 602 2809 ad
624 2767 792 2816 Quinctil.
816 2769 924 2809 Instit-
948 2775 1039 2809 orat.
1062 2773 1106 2816 X,
1119 2773 1153 2819 1,
1172 2773 1229 2811 63.
1239 2786 1275 2821 p.
1286 2773 1344 2811 58.
1369 2776 1503 2810 Eodem
