1826 3276
381 187 438 226 28
744 183 788 225 C.
818 182 1134 224 SALLUSTI
1163 183 1383 226 CRISPI

381 304 588 357 praetura
622 303 666 339 et
701 296 946 339 consulatus
978 301 1110 352 atque
1144 296 1228 339 alia
1256 298 1401 341 omnia
1441 297 1747 343 huiuscemodi

381 408 466 451 per
497 407 544 435 se
578 392 677 450 ipsa
713 391 831 434 clara
867 394 911 431 et
945 390 1183 447 magnifica
1217 391 1324 447 sint,
1359 406 1410 436 ac
1444 407 1532 436 non
1559 393 1745 452 perinde

324 495 327 498 '
380 487 650 540 habeantur,
704 489 751 526 ut
786 497 963 540 eorum,
1014 483 1090 540 qui
1126 499 1179 526 ea
1213 485 1446 540 sustinent,
1497 486 1630 531 virtus
1666 492 1742 531 est.

347 581 547 628 9Verum
583 593 669 637 ego
706 578 881 622 liberius
917 577 1130 635 altiusque
1173 580 1393 638 processi,
1437 580 1544 624 dum
1578 597 1650 625 me
1683 582 1744 626 ci-

378 675 518 718 vitatis
561 687 732 717 morum
777 673 903 732 piget
944 673 1203 731 taedetque3
1255 689 1373 719 nunc
1420 675 1479 719 ad
1519 676 1743 736 inceptum

376 770 526 814 redeo.

468 881 500 922 S.
526 878 559 913 9.
606 878 717 911 Altius
757 877 963 910 Gerlachius
1001 877 1094 911 haud
1136 879 1227 912 male
1263 877 1414 922 explicat
1452 877 1550 922 quasi
1579 878 1616 911 in
1648 889 1744 912 mare

378 941 508 980 altum,
545 937 625 971 coll.
661 936 736 970 Liv.
772 937 887 969 xxxl
902 960 912 979 ,
937 937 958 971 1
975 962 984 980 ,
1009 937 1041 972 5.
1080 930 1242 982 provideo
1284 939 1416 981 animo,
1462 938 1621 982 quicquid
1659 949 1744 982 pro-

377 1001 536 1046 gredior,
580 998 618 1030 in
656 997 895 1030 vastiorem
928 1008 981 1030 me
1016 999 1308 1031 altitudinem
1348 1009 1389 1031 ac
1419 998 1513 1030 velut
1535 997 1744 1040 profundum

377 1060 503 1095 inuehi.
547 1077 592 1083 —
636 1055 752 1088 Redeo
785 1066 851 1088 non
890 1060 940 1089 est
975 1058 1093 1098 venio,
1127 1061 1164 1090 ut
1188 1058 1324 1091 Coi-tius
1349 1057 1477 1099 aliique
1512 1057 1652 1098 volunt,
1684 1057 1743 1100 qui

379 1120 453 1154 vim
471 1131 508 1152 re
526 1116 683 1161 syllabae
712 1115 748 1148 in
770 1115 966 1158 compositis
989 1127 1091 1159 saepe
1115 1117 1245 1150 nullam
1269 1129 1342 1150 esse
1365 1117 1501 1157 dicunt,
1525 1116 1584 1149 sed
1605 1116 1743 1160 proprie

376 1178 636 1222 intelligendum
667 1177 709 1209 de
736 1187 895 1220 regressu
918 1176 964 1208 ad
989 1175 1170 1209 consilium
1196 1177 1362 1210 historiae
1389 1175 1599 1212 scribendae.
1650 1176 1742 1210 Nam

375 1240 450 1273 eius
479 1237 529 1271 rei
554 1236 706 1270 studium
727 1247 834 1278 quum
856 1246 1018 1269 excusare
1041 1236 1222 1279 incepisset
1248 1240 1388 1278 auctor,
1418 1246 1498 1269 mox
1520 1246 1542 1270 a
1564 1236 1741 1279 proposito

374 1310 456 1340 suo,
480 1298 561 1330 dum
583 1297 697 1330 acrius
713 1295 748 1329 in
763 1296 873 1328 malos
892 1295 1044 1330 civitatis
1061 1308 1174 1330 mores
1192 1294 1384 1337 invehitur,
1406 1299 1569 1330 avocatus
1588 1299 1650 1330 est.

464 1359 504 1390 V.
551 1359 584 1399 ς.
608 1357 642 1390 1.
689 1356 854 1398 variaque
884 1356 1045 1400 victoria]
1083 1356 1228 1390 Sensum
1251 1355 1453 1398 interpretes
1481 1359 1573 1389 recte
1599 1367 1739 1390 monue-

372 1424 453 1454 runt
469 1419 563 1452 hunc
581 1427 671 1450 esse:
690 1416 770 1451 vict.
790 1414 888 1447 modo
907 1417 1000 1459 apud
1012 1417 1228 1462 Iugurtham,
1242 1416 1340 1448 modo
1359 1415 1452 1459 apud
1465 1416 1634 1450 Romanos
1644 1417 1740 1459 fuit,-

371 1480 430 1513 sed
447 1479 489 1511 de
507 1475 756 1510 constructione
775 1474 863 1507 nihil
882 1475 1049 1509 dixerunt.
1096 1476 1170 1510 Non
1188 1475 1330 1508 dubium
1353 1478 1482 1517 autem,
1517 1475 1598 1518 quin
1616 1476 1740 1510 ablati-

374 1550 436 1572 vus
449 1538 630 1577 habeatur,
653 1535 781 1578 pariter
798 1539 900 1577 atque
920 1543 1124 1577 praegressa
1139 1533 1309 1567 adiectiva
1323 1534 1510 1577 praedicati
1526 1535 1620 1569 vices
1636 1535 1740 1569 susti-

371 1610 464 1632 nens.
509 1596 642 1629 Eodem
657 1596 760 1628 modo
783 1595 915 1627 locutus
933 1597 984 1627 est
1003 1593 1168 1634 lustinus,
1192 1605 1213 1627 a
1231 1593 1350 1627 Cottio
1371 1594 1548 1637 laudatus,
1570 1595 1627 1639 IV,
1649 1595 1682 1638 2,
1702 1595 1737 1629 6.

371 1660 497 1702 diuque
515 1657 616 1690 varia
633 1654 778 1688 victoria
794 1665 868 1687 cum
886 1654 1041 1697 tyrannis
1060 1654 1269 1686 dimicatum.
1286 1673 1326 1678 —
1347 1655 1436 1688 Dein
1453 1655 1607 1698 plerique
1619 1655 1738 1696 codd.;

370 1716 524 1752 nonnulli
541 1716 676 1756 deinde,
699 1714 799 1757 pauci
821 1714 925 1747 etiam
946 1714 1089 1752 dehinc3
1111 1725 1144 1745 v.
1165 1713 1209 1746 ad
1228 1713 1329 1748 Catil.
1347 1726 1375 1747 c.
1395 1715 1539 1756 xxxn,
1555 1715 1588 1748 l.
1608 1727 1642 1758 p.
1658 1713 1736 1748 149.

370 1798 415 1804 -—
441 1779 536 1810 Tunc
566 1775 738 1819 plerique,
773 1779 807 1806 et
828 1773 862 1806 in
882 1773 923 1806 iis
947 1773 1070 1816 optimi
1088 1773 1185 1807 codd.
1208 1778 1340 1812 tenent3
1373 1773 1509 1807 Cortius
1531 1778 1647 1808 tamen
1665 1779 1737 1808 tum

369 1838 494 1881 edidit,
530 1836 612 1880 quia
628 1835 695 1868 hoc
723 1838 856 1868 tantum
875 1832 1031 1866 Sallustii
1050 1832 1112 1874 sit;
1147 1832 1245 1875 quasi
1267 1843 1349 1865 vero
1368 1832 1429 1865 alii
1445 1833 1625 1876 scriptores
1643 1839 1734 1874 tunc,

368 1899 431 1933 alii
446 1905 516 1932 tum
532 1898 706 1939 usurpent.
727 1895 777 1927 Ad
790 1893 1039 1937 particularum
1053 1891 1234 1925 discrimen
1247 1891 1519 1936 cognoscendum
1530 1891 1620 1925 nihil
1635 1893 1736 1935 plane

368 1958 502 1991 faciunt
519 1967 608 1999 quae
628 1956 798 1988 Goerenz.
814 1953 955 1996 protulit
973 1953 1017 1985 ad
1034 1951 1104 1984 Cic.
1123 1952 1165 1984 de
1181 1949 1438 1994 Finn.1,8‚28.,
1457 1962 1568 1993 neque
1587 1952 1735 1984 multum

367 2016 525 2060 proficias
557 2013 782 2047 Ramshornii
806 2023 931 2056 parum
959 2011 1140 2054 perspicua
1171 2010 1395 2053 explicatione
1418 2010 1452 2043 in
1477 2011 1632 2044 Gramm.
1657 2011 1733 2045 Lat.

367 2081 399 2120 §.
425 2075 504 2110 178.
527 2076 588 2108 llI.
619 2087 653 2117 p.
672 2073 750 2106 510.
775 2071 958 2115 proposita.
1003 2071 1127 2104 Paullo
1150 2071 1297 2104 certiora
1319 2070 1484 2114 praecipit
1512 2070 1735 2104 Gemhardus

369 2138 412 2170 ad
437 2136 497 2170 Cic
520 2135 613 2169 Lael.
636 2134 662 2173 1,
683 2133 716 2166 3.
742 2143 773 2174 p.
795 2131 828 2164 7.
852 2141 1060 2174 quamquam
1083 2142 1126 2162 ne
1147 2131 1236 2164 haec
1260 2130 1397 2173 quidem
1419 2130 1502 2174 quid
1524 2129 1651 2173 ubique
1672 2141 1734 2163 ve-

368 2208 446 2231 rum
470 2195 514 2229 sit
536 2193 778 2238 quaerentibus
801 2191 900 2234 plane
923 2189 1142 2224 satisfacient.
1188 2190 1334 2233 Propius
1357 2191 1401 2224 ad
1425 2201 1547 2223 verum
1569 2190 1735 2224 accedunt

370 2246 538 2290 Weberus
562 2255 598 2287 in
622 2251 826 2286 Exercitatt.
851 2249 932 2294 styli
955 2251 1028 2284 Lat.
1052 2250 1094 2285 T.
1117 2251 1142 2283 1.
1168 2261 1201 2292 p.
1223 2251 1279 2284 93.
1313 2252 1449 2294 Zumpt.
1475 2250 1631 2283 Gramm.
1655 2249 1731 2284 Lat.

368 2320 401 2359 §.
419 2317 476 2350 63.
502 2327 534 2358 p.
553 2313 648 2348 239..
667 2315 701 2345 et
724 2309 895 2353 imprimis
919 2309 1113 2353 Herzogius
1134 2310 1178 2342 ad
1201 2310 1297 2342 Caes.
1323 2310 1365 2343 Β.
1393 2309 1433 2342 G.
1459 2310 1499 2350 V,
1521 2308 1578 2344 33.
1601 2321 1634 2353 p.
1652 2307 1731 2342 273.

368 2378 400 2410 ls
423 2375 514 2409 enim
542 2378 580 2407 ut
601 2377 694 2406 recte
715 2371 803 2404 vidit
826 2375 898 2404 tum
922 2373 955 2403 et
977 2375 1056 2403 tunc
1089 2369 1337 2412 particularum
1367 2369 1510 2402 candem
1533 2379 1606 2401 esse
1625 2366 1732 2402 ratio-

368 2447 447 2470 nem
468 2445 557 2477 quae
579 2432 771 2466 intercedat
794 2430 884 2463 inter
906 2430 977 2464 ium
1000 2433 1034 2463 et
1056 2442 1164 2470 nunc,
1201 2428 1249 2461 ita
1273 2440 1352 2462 vere
1375 2427 1548 2471 praecepit
1569 2432 1648 2460 tunc
1669 2438 1732 2470 po-

369 2495 422 2537 ni,
454 2499 494 2528 ut
516 2493 728 2537 significetur
751 2490 881 2533 aliquid
905 2489 1008 2522 simul
1031 2500 1110 2521 cum
1129 2489 1240 2522 altera
1262 2499 1300 2521 re
1323 2489 1439 2522 eodem
1462 2487 1621 2531 temporis
1645 2487 1730 2520 arti-

369 2556 442 2589 culo
465 2554 523 2586 vel
554 2553 686 2586 factum
710 2563 802 2591 esse,
844 2550 902 2583 vel
923 2549 1078 2582 futurum
1107 2560 1198 2588 esse,
1236 2548 1327 2590 quod
1356 2551 1536 2589 tamquam
1567 2545 1675 2578 fixum
1696 2549 1731 2579 et

370 2615 551 2648 immotum
577 2612 773 2646 intueamur
795 2610 856 2652 (v.
880 2620 942 2642 nos
965 2609 1009 2642 ad
1033 2609 1131 2642 Catil.
1157 2619 1188 2641 c.
1212 2607 1270 2648 LI,
1292 2606 1350 2640 40.
1372 2618 1404 2650 p.
1428 2606 1556 2650 2590,
1581 2610 1653 2640 tum
1671 2616 1730 2638 ve-

370 2684 410 2707 ro
431 2671 603 2715 usurpari,
626 2671 686 2704 ubi
709 2670 872 2714 procedat
895 2668 1059 2711 narratio,
1084 2673 1119 2702 et
1139 2668 1221 2711 quid
1243 2666 1396 2710 aliquam
1414 2676 1487 2699 rem
1509 2668 1664 2700 secutum
1684 2663 1729 2698 sit

369 2736 524 2777 exponat.
569 2732 670 2766 Patet
687 2734 802 2764 autem
823 2729 1029 2763 Sallustium
1049 2727 1258 2772 cogitatione
1279 2726 1323 2760 ad
1343 2725 1498 2770 superius
1521 2727 1654 2768 tempus
1674 2734 1728 2757 re-
