1826 3276
425 176 785 222 IUGURTHA.
830 177 982 220 Ι(ΖΑΡ.
1014 178 1263 223 LXXXVI.
1454 185 1540 226 469

142 311 254 358 pere
290 300 568 352 commeatu,
597 293 845 356 stipendio,
877 294 1033 351 armis,
1066 294 1164 340 aliis
1199 295 1380 341 utilibus
1412 298 1536 342 navis

142 398 329 448 onerat3
366 408 470 439 cum
503 392 574 437 his
609 392 664 437 A.
706 391 927 436 Manlium
970 392 1172 452 legatum
1202 393 1429 454 proficisci
1463 394 1535 439 iu-

138 491 229 536 bet.
300 490 405 553 Ipse
438 491 607 535 interea
639 488 800 533 milites
835 487 1054 546 scribere,
1102 504 1194 533 non
1224 466 1352 534 more
1386 491 1568 541 maio—2

136 603 261 641 rum,
301 602 451 646 neque
496 601 552 631 ex
597 585 837 652 classibuS‚
886 584 967 628 sed
1013 585 1078 629 uti.
1117 586 1329 645 cuiusque
1376 588 1532 634 lubido

135 690 252 742 erat,
295 683 443 744 capite
489 697 645 728 censos
684 682 948 742 plerosque.
1019 682 1077 726 Id
1114 682 1284 727 factum
1330 685 1401 728 alii
1429 685 1565 738 ino-3

33 789 56 800 χ
132 781 210 844 pia
237 781 491 839 bonorum,
527 780 600 825 alii
632 795 718 841 per
754 778 1043 824 ambitionem
1082 780 1273 825 consulis
1301 797 1530 829 memora-

130 879 256 940 bant,
291 878 420 938 quod
454 878 513 923 ab
550 892 606 923 eo
641 892 811 939 genere
849 877 1103 922 celebratus
1131 883 1378 939 auctusque
1410 887 1529 937 erat3

129 983 175 1022 et
206 975 378 1021 homini
422 975 670 1036 potentiam
707 974 939 1034 quaerenti
976 975 1304 1035 egentissumus
1341 978 1528 1037 quisque

125 1141 200 1177 fers
221 1139 322 1177 codd.
347 1139 501 1184 habent,
531 1151 615 1175 cum
647 1139 770 1176 Cottio
797 1138 1003 1185 scripsimus
1025 1141 1126 1184 aliis,
1158 1141 1233 1177 sine
1256 1142 1408 1187 copula;
1441 1155 1525 1179 nam

124 1204 234 1247 quum
266 1201 355 1237 desit
386 1201 424 1236 in
453 1201 600 1237 Fabric.
623 1201 658 1236 1.
690 1201 835 1238 Eccard.
869 1201 948 1237 Vat.
973 1200 1009 1234 2.
1046 1200 1135 1234 Tur.
1170 1201 1204 1235 1.
1238 1213 1282 1237 ac
1314 1215 1361 1237 m.
1398 1215 1450 1248 pr.
1486 1204 1524 1239 in

123 1264 218 1300 Med.
242 1263 289 1306 1.,
311 1262 349 1297 in
373 1262 522 1299 Goerlit.
547 1272 632 1296 vero
663 1262 804 1308 legatur
834 1267 878 1297 et
911 1262 1013 1306 aliis,
1045 1261 1082 1296 in
1106 1262 1176 1297 Ine.
1201 1262 1236 1296 2.
1261 1269 1405 1309 atque
1429 1266 1524 1310 aliis,

120 1327 188 1362 ista
218 1323 455 1370 discrepantia
486 1322 572 1359 satis
601 1325 698 1358 certo
732 1323 940 1357 documento
972 1325 1025 1357 est
1057 1321 1193 1358 scribas
1223 1324 1384 1369 asyndeti
1418 1337 1522 1361 usum

114 1389 324 1434 ignorentes
357 1385 522 1421 voculam
553 1383 734 1426 intulisse;
769 1394 804 1418 v.
839 1383 884 1417 ad
920 1383 999 1417 Cat.
1033 1382 1156 1427 xmn,
1180 1383 1215 1418 2.
1244 1403 1288 1413 —
1314 1386 1430 1421 Navis
1451 1388 1522 1422 hac

100 1444 364 1489 ‘terminatione
386 1449 499 1482 exstat
521 1444 558 1479 in
580 1444 694 1480 Paris.
718 1455 750 1481 c.
771 1455 804 1478 x.
830 1454 862 1477 z.
881 1464 928 1470 —-
950 1442 1127 1478 Manlium
1150 1445 1393 1488 probatissimi
1418 1449 1517 1484 codd.

115 1511 309 1550 tentanum
329 1505 394 1542 alii
419 1508 582 1542 Mallium
605 1504 790 1547 exhibent,
814 1503 945 1548 pariter
969 1507 1007 1539 ut
1031 1505 1107 1540 eat.
1136 1506 1269 1550 XXIV,
1288 1507 1322 1544 2.

207 1571 241 1613 5.
263 1567 299 1603 2.
345 1579 415 1603 non
437 1579 532 1602 more
555 1566 747 1610 maiorum]
772 1564 797 1599 i.
820 1576 852 1599 e.
877 1564 914 1598 in
933 1564 1124 1600 scribendis
1146 1566 1319 1604 militibus
1341 1581 1410 1605 non
1433 1581 1517 1606 eum

46 1643 49 1646 ⁴
114 1631 260 1668 modum
283 1632 389 1674 atque
408 1628 568 1664 ordinem
589 1628 779 1663 observem
793 1652 803 1670 ,
827 1624 889 1670 qui
911 1629 1000 1661 esset
1023 1637 1092 1661 usu
1113 1632 1296 1672 receptus,
1321 1636 1361 1665 ut
1382 1633 1515 1676 populo

114 1705 178 1739 per
196 1691 351 1728 edictum
371 1689 410 1725 in
432 1701 598 1735 campum
615 1688 786 1724 Martium
810 1691 1004 1722 convocato
1027 1686 1192 1732 singulae
1214 1691 1394 1726 centuriae
1417 1693 1514 1729 dein-

112 1765 194 1799 ceps
228 1750 464 1788 excitarentur
479 1773 489 1792 ,
526 1759 568 1783 ex
609 1747 737 1792 quibus
770 1747 888 1784 idonei
917 1746 963 1782 ad
1000 1748 1168 1783 militiam
1199 1757 1440 1797 sumerentur3
1476 1765 1510 1793 v.

110 1812 264 1852 Nitschii
296 1810 483 1856 Antiquitt.
516 1809 661 1844 Romm.
691 1811 737 1845 T.
772 1809 818 1844 11.
853 1820 886 1852 p.
921 1807 1026 1844 1396.
1049 1829 1096 1835 —
1121 1810 1244 1856 Neque
1276 1824 1318 1847 es·
1342 1815 1510 1850 classibus

110 1877 136 1912 i.
157 1887 190 1910 e.
214 1885 328 1918 neque
348 1884 392 1907 ex
415 1872 481 1915 iis,
513 1871 636 1917 quibus
668 1871 723 1905 ius
745 1875 836 1906 esset
858 1869 1020 1904 militiae.
1066 1869 1158 1904 Nam
1181 1883 1291 1916 quum
1315 1874 1411 1910 cives
1433 1877 1510 1912 Ro-

109 1934 208 1972 mani
228 1945 252 1970 a
273 1932 399 1968 Servio
422 1931 540 1967 Tullio
562 1943 628 1977 pro
663 1942 768 1966 censu
801 1934 916 1966 essent
950 1930 989 1965 in
1010 1942 1070 1965 sex
1094 1932 1221 1968 classes
1243 1934 1432 1981 descripti,
1464 1948 1509 1972 ac

107 2008 173 2044 pro
195 1981 368 2042 dignitate
390 1994 556 2029 classium
588 1992 696 2028 etiam
727 1991 882 2038 dignitas
904 1991 1056 2027 militiae
1078 1996 1114 2028 et
1147 2004 1329 2030 armorum
1353 2008 1396 2031 ac
1418 1998 1508 2033 telo·

107 2069 209 2100 rum,
233 2055 360 2102 quibua
382 2055 532 2100 quisque
553 2057 711 2090 uteretur
725 2064 892 2100 „genera
917 2057 1034 2088 essent
1055 2054 1265 2098 constituta,
1296 2061 1394 2093 sexta
1414 2059 1505 2094 clas-

106 2119 176 2163 sis,
199 2128 290 2164 quae
312 2120 388 2152 erat
411 2117 527 2162 capite
549 2127 736 2151 censorum
758 2115 834 2150 sive
853 2127 974 2150 census
998 2115 1211 2158 tenuissimi,
1243 2116 1373 2154 militia
1394 2130 1502 2155 vaca·

107 2181 195 2223 hm
217 2179 262 2216 cf.
284 2178 362 2214 Liv.
385 2177 416 2223 1,
439 2178 498 2215 43.
532 2178 627 2213 Geli.
652 2177 734 2211 XVI
742 2202 754 2220 ,
778 2177 836 2212 1⁰.
874 2178 1036 2211 Creuzen
1059 2177 1204 2222 Antiqq.
1228 2179 1336 2214 Rom.
1360 2181 1500 2224 §.0223.

106 2253 142 2287 p.
163 2239 236 2276 348
258 2251 308 2284 sq.
331 2238 388 2273 ed.
412 2239 458 2276 11.
505 2238 561 2272 Ex
590 2238 758 2273 classibus
788 2241 841 2273 est
872 2238 985 2283 igitur
1015 2249 1056 2273 ex
1090 2239 1304 2285 quinque
1332 2242 1500 2287 priori—

105 2303 183 2338 bus
212 2300 400 2344 classibus,
424 2298 563 2334 omissa·
581 2301 700 2344 sexta,
724 2310 836 2345 quae,
871 2299 935 2335 ubi
958 2300 1002 2334 de
1025 2299 1155 2335 militia
1179 2301 1376 2346 agebatur,
1409 2304 1500 2337 clas-

104 2364 194 2400 sium
211 2361 352 2398 nomine
372 2371 444 2395 non
467 2360 839 2405 comprehendebatur.
865 2380 908 2386 —
935 2360 1038 2404 Quae
1059 2364 1251 2405 sequuntur
1277 2364 1406 2406 verba,
1436 2364 1499 2399 sed

90 2424 160 2461 ‘ssa‘
179 2424 342 2470 cuiusque
373 2421 492 2469 lubido
526 2426 628 2467 erat,
657 2422 856 2458 accuratius
887 2422 1068 2456 declarant
1092 2421 1250 2457 Marium
1273 2435 1342 2458 non
1369 2425 1498 2460 iustum

46 2523 50 2525 Α
105 2485 276 2521 delectum
297 2482 465 2519 habuisse
489 2493 634 2527 eornm,
658 2495 746 2529 quos
766 2487 886 2529 posset
907 2494 952 2518 ex
974 2484 1056 2529 lege
1076 2494 1227 2530 cogere,
1251 2484 1312 2520 sed
1333 2485 1497 2521 volunta-

103 2547 174 2582 rios
195 2545 362 2582 ascivisse
383 2543 582 2589 quicunque
599 2544 730 2582 vellent
750 2545 942 2581 exercitum
965 2543 1078 2588 sequi.
1123 2545 1178 2579 De
1200 2546 1323 2581 eadem
1357 2558 1397 2581 re
1419 2546 1495 2593 egit

58 2648 66 2658 ι
103 2607 212 2643 etiam
241 2607 454 2643 Plutarchus
485 2606 522 2641 in
555 2605 630 2642 vita
663 2606 773 2642 Marii
803 2618 834 2641 c.
864 2607 926 2642 lx.
979 2603 1258 2653 Ἐστρατολόγει
1286 2606 1393 2655 arao&
1423 2606 1494 2644 τόν

103 2667 225 2722 νρμον
246 2667 311 2706 καὶ
341 2666 411 2714 τὴν
444 2666 670 2713 συνήθειαν.
700 2666 822 2704 πολὺν
852 2665 919 2706 τὸν
950 2665 1098 2714 ἄπορον
1123 2668 1189 2705 καὶ
1218 2669 1360 2706 δοῦλον
1382 2682 1495 2706 κατα-

67 2733 70 2735 ’
102 2726 281 2774 γράφων·
312 2729 388 2765 τῶν
421 2725 592 2774 πρόσθεν
624 2726 816 2776 ἡγεμόνων
849 2727 896 2765 οὔ
918 2729 1224 2777 προσδεχομένων
1251 2728 1341 2772 τούς
1363 2728 1508 2767 voco-13·-

103 2801 213 2833 τους,
245 2787 329 2828 ἀλλ’
353 2786 476 2837 ὥσπερ
505 2789 593 2829 ἄλλο
625 2803 662 2828 τι
691 2792 766 2828 ταῖν
799 2793 941 2838 καλῶν,
959 2783 1030 2828 ’καὶ
1059 2791 1106 2828 τοὶ
1141 2788 1239 2829 ὅπλά
1271 2792 1364 2839 μετὰ
1387 2792 1496 2838 τιμῆς
