1826 3276
383 178 445 204 κει
792 152 1318 202 PRAEFATIO.

384 271 609 322 cresceret}
675 273 794 317 Tum
831 272 995 330 aliquid
1037 248 1235 320 ‹laudum-
1271 277 1369 317 erat
1409 269 1718 334 prodibatbie

383 376 603 436 bliopolae
635 370 949 422 honestissimi3
990 370 1066 426 qni
1107 382 1244 427 quum
1274 372 1405 417 valde
1445 370 1553 419 mihi
1580 371 1719 418 insta..

379 483 468 530 ret,
509 479 557 517 ut
597 482 727 529 quam
768 470 959 528 primum
991 469 1087 512 fieri
1130 474 1279 529 posset
1309 466 1721 530 inceptam20difi0-

379 581 479 618 nem
507 571 790 626 absolverem,
821 569 954 613 malui
980 569 1151 612 interim
1184 575 1302 613 certe
1327 570 1474 629 aliqua
1490 583 1568 622 2em
1591 577 1721 631 pute
1794 624 1796 627 r

379 675 468 717 eius
513 670 728 714 desiderio
772 668 1044 725 satisfacere,
1085 682 1218 726 quam
1251 668 1529 730 Fragmentis*
1542 671 1721 731 ’Iugur-

376 772 480 816 thae
496 791 499 794 ·
514 767 764 815 adiiciendis
796 782 965 812 moram
997 768 1144 812 facere
1176 761 1402 815 maiorem.
1425 786 1427 789 ’
1452 769 1564 816 'Sed
1585 771 1721 830 longe
1797 779 1801 783 '

374 871 630 932 gravissima
668 883 800 911 causa
837 868 950 911 haec
981 868 1082 924 fuit,
1125 869 1247 925 quod
1278 869 1324 913 in
1352 870 1637 915 emendandis
1663 871 1719 914 il-

373 969 689 1026 lustrandisque
746 967 1036 1011 Historiarum
1087 968 1275 1026 reliquiis
1327 970 1399 1013 vix
1451 984 1720 1028 quemquam

373 1069 658 1130 probabiliter
689 1068 852 1111 versari
883 1082 1013 1127 posse
1037 1082 1296 1127 persuasum
1323 1068 1495 1126 habeo,
1514 1069 1609 1114 'nisi
1635 1085 1717 1115 an-

371 1175 443 1213 tea
477 1168 652 1226 Corpus
687 1167 1083 1212 Grammaticorum
1115 1169 1394 1224 Latinorum,
1427 1169 1717 1214 Lindemauui

372 1282 593 1326 nunquam
637 1269 737 1312 satis
794 1268 1058 1313 celebranda
1099 1269 1309 1313 industria
1361 1269 1437 1314 edi
1484 1275 1714 1329 coeptum,

369 1367 603 1412 maximam
643 1374 815 1427 partem
859 1369 1106 1412 absolutum
1156 1377 1201 1412 et
1243 1369 1288 1413 in
1332 1370 1476 1413 lucem
1509 1369 1714 1414 emissum

366 1469 508 1512 fuerit.
579 1467 716 1523 Quod
751 1484 883 1526 quam
926 1470 1106 1529 egregia
1147 1469 1366 1528 praesidia
1407 1474 1500 1513 tum
1538 1469 1598 1513 ad
1630 1483 1712 1513 au-

365 1568 562 1627 gendum
605 1567 971 1627 Fragmentorum
1013 1583 1240 1612 numerum
1261 1601 1272 1622 ,
1319 1574 1411 1612 tum
1445 1568 1516 1612 ad
1557 1583 1711 1613 emen-

366 1668 512 1711 danda
547 1683 620 1724 ea,
667 1682 780 1725 quae
813 1669 901 1711 iam
934 1669 1118 1722 collecta
1151 1672 1271 1724 sunt,
1305 1669 1543 1724 contineat,
1576 1682 1712 1726 quum

363 1767 581 1810 volumine
625 1767 772 1824 primo
825 1767 1067 1811 luculenter
1112 1768 1336 1826 cognitum
1380 1768 1468 1824 sit,
1505 1767 1710 1823 iniuriam

363 1866 510 1909 facere
553 1865 662 1909 mihi
707 1857 879 1910 viderer
921 1866 1105 1926 egregio
1146 1867 1347 1926 scriptori
1379 1882 1432 1911 ac
1465 1867 1590 1912 simul
1622 1883 1708 1928 pa·-

360 1980 458 2008 rum
494 1981 676 2021 curare,
721 1967 827 2024 quid
869 1967 960 2011 eius
1002 1967 1236 2011 lectoribus
1281 1966 1518 2026 debeatur,
1556 1968 1593 2012 si
1618 1982 1708 2012 nou

361 2067 618 2124 exspectatis
648 2066 845 2111 Charisio
888 2082 941 2111 ac
977 2066 1123 2111 Nonio
1157 2066 1396 2124 Marcello,
1431 2067 1508 2125 qui
1540 2077 1596 2112 ex
1627 2082 1704 2112 an-

358 2166 602 2222 tiquissimis
633 2167 854 2210 codicibus
886 2167 1027 2211 reficti
1056 2168 1189 2227 plane
1225 2182 1340 2212 nova
1372 2167 1516 2211 forma
1546 2167 1702 2227 prodi—

358 2266 443 2307 turi
478 2271 596 2322 sunt,
636 2267 679 2309 in
713 2268 889 2327 vulgata
931 2268 1144 2327 scriptura
1173 2267 1415 2327 repetenda
1447 2267 1702 2326 acquiesce-

358 2379 463 2408 rem.
533 2365 625 2408 Sed
662 2371 710 2410 ut
742 2366 853 2411 haec
887 2380 1031 2426 mora,
1077 2368 1182 2413 dum
1224 2383 1359 2414 novas
1400 2368 1549 2428 copias
1581 2368 1700 2412 criti—

336 2438 430 2508 .cas
469 2471 700 2524 exspecto,
741 2466 1015 2528 Fragmentis
1048 2469 1150 2527 ipsis
1184 2484 1272 2513 non
1298 2473 1444 2529 potest
1475 2467 1552 2512 nisi
1586 2468 1712 2521 salu--

357 2565 457 2607 taris
481 2566 589 2621 fieri,
613 2567 674 2609 ita
697 2565 786 2610 hoc
818 2567 1083 2612 incommodi
1110 2569 1213 2614 inde
1240 2569 1346 2613 mihi
1372 2568 1541 2623 exstitit,
1575 2568 1697 2626 quod

357 2664 570 2722 indicem,
612 2674 744 2725 quem
787 2666 933 2712 habeo
975 2669 1361 2730 locupletissimum
1396 2669 1439 2712 in
1473 2682 1696 2712 commen—
