<?xml version="1.0" encoding="UTF-8"?>
<!DOCTYPE html PUBLIC "-//W3C//DTD XHTML 1.0 Transitional//EN"
    "http://www.w3.org/TR/xhtml1/DTD/xhtml1-transitional.dtd">
<html xmlns="http://www.w3.org/1999/xhtml" xml:lang="en" lang="en">
 <head>
  <title>
</title>
<meta http-equiv="Content-Type" content="text/html;charset=utf-8" />
  <meta name='ocr-system' content='tesseract 3.04.00' />
  <meta name='ocr-capabilities' content='ocr_page ocr_carea ocr_par ocr_line ocrx_word'/>
</head>
<body>
  <div class='ocr_page' id='page_1' title='image "./operaquaesupers02salluoft_0505.png"; bbox 0 0 1826 3276; ppageno 0'>
   <div class='ocr_carea' id='block_1_1' title="bbox 530 178 1555 230">
    <p class='ocr_par' dir='ltr' id='par_1_1' title="bbox 530 178 1555 230">
     <span class='ocr_line' id='line_1_1' title="bbox 530 178 1555 230; baseline 0.007 -7"><span class='ocrx_word' id='word_1_1' title='bbox 530 178 892 223; x_wconf 88' lang='lat' dir='ltr'><strong>IUGURTHA.</strong></span> <span class='ocrx_word' id='word_1_2' title='bbox 926 179 1056 225; x_wconf 80' lang='lat' dir='ltr'><strong>GAP.</strong></span> <span class='ocrx_word' id='word_1_3' title='bbox 1087 181 1184 227; x_wconf 88' lang='lat' dir='ltr'><strong>XC.</strong></span> <span class='ocrx_word' id='word_1_4' title='bbox 1468 189 1555 230; x_wconf 74' lang='lat'><strong>483</strong></span> 
     </span>
    </p>
   </div>
   <div class='ocr_carea' id='block_1_2' title="bbox 74 296 1618 364">
    <p class='ocr_par' dir='ltr' id='par_1_2' title="bbox 74 296 1618 364">
     <span class='ocr_line' id='line_1_2' title="bbox 74 296 1618 364; baseline 0.003 -21"><span class='ocrx_word' id='word_1_5' title='bbox 74 296 77 302; x_wconf 69' lang='lat'><em>&#39;</em></span> <span class='ocrx_word' id='word_1_6' title='bbox 132 299 307 343; x_wconf 75' lang='lat' dir='ltr'><strong>,fuerat</strong></span> <span class='ocrx_word' id='word_1_7' title='bbox 350 297 471 342; x_wconf 82' lang='lat' dir='ltr'><strong>iussu</strong></span> <span class='ocrx_word' id='word_1_8' title='bbox 514 297 636 358; x_wconf 83' lang='lat' dir='ltr'><strong>regis</strong></span> <span class='ocrx_word' id='word_1_9' title='bbox 670 297 715 341; x_wconf 88' lang='lat' dir='ltr'><strong>in</strong></span> <span class='ocrx_word' id='word_1_10' title='bbox 757 297 860 341; x_wconf 91' lang='lat' dir='ltr'><strong>loca</strong></span> <span class='ocrx_word' id='word_1_11' title='bbox 898 298 1068 343; x_wconf 89' lang='lat' dir='ltr'><strong>munita</strong></span> <span class='ocrx_word' id='word_1_12' title='bbox 1104 299 1405 359; x_wconf 78' lang='lat' dir='ltr'>contulerant,</span> <span class='ocrx_word' id='word_1_13' title='bbox 1445 317 1557 364; x_wconf 88' lang='lat' dir='ltr'><strong>ager</strong></span> <span class='ocrx_word' id='word_1_14' title='bbox 1616 319 1618 321; x_wconf 73' lang='grc'><strong>’</strong></span> 
     </span>
    </p>
   </div>
   <div class='ocr_carea' id='block_1_3' title="bbox 156 394 1588 655">
    <p class='ocr_par' dir='ltr' id='par_1_3' title="bbox 156 394 1588 655">
     <span class='ocr_line' id='line_1_3' title="bbox 160 394 1554 458; baseline 0.004 -18"><span class='ocrx_word' id='word_1_15' title='bbox 160 402 310 440; x_wconf 88' lang='lat' dir='ltr'><strong>autem</strong></span> <span class='ocrx_word' id='word_1_16' title='bbox 346 394 496 439; x_wconf 84' lang='lat' dir='ltr'><strong>aridus</strong></span> <span class='ocrx_word' id='word_1_17' title='bbox 535 400 592 439; x_wconf 45' lang='lat' dir='ltr'><strong>et*</strong></span> <span class='ocrx_word' id='word_1_18' title='bbox 615 395 799 455; x_wconf 79' lang='lat' dir='ltr'><strong>frugum</strong></span> <span class='ocrx_word' id='word_1_19' title='bbox 838 410 1004 441; x_wconf 85' lang='lat' dir='ltr'><strong>vacuus</strong></span> <span class='ocrx_word' id='word_1_20' title='bbox 1040 411 1095 440; x_wconf 89' lang='lat' dir='ltr'><strong>ea</strong></span> <span class='ocrx_word' id='word_1_21' title='bbox 1129 402 1424 458; x_wconf 71' lang='lat' dir='ltr'><strong>tempestate,</strong></span> <span class='ocrx_word' id='word_1_22' title='bbox 1450 416 1554 445; x_wconf 90' lang='lat' dir='ltr'><strong>nam</strong></span> 
     </span>
     <span class='ocr_line' id='line_1_4' title="bbox 158 493 1552 558; baseline 0.004 -20"><span class='ocrx_word' id='word_1_23' title='bbox 158 493 336 538; x_wconf 84' lang='lat' dir='ltr'><strong>aestatis</strong></span> <span class='ocrx_word' id='word_1_24' title='bbox 381 499 631 537; x_wconf 86' lang='lat' dir='ltr'><strong>extremum</strong></span> <span class='ocrx_word' id='word_1_25' title='bbox 670 493 812 551; x_wconf 86' lang='lat' dir='ltr'><strong>erat),</strong></span> <span class='ocrx_word' id='word_1_26' title='bbox 860 498 1012 536; x_wconf 85' lang='lat' dir='ltr'><strong>tamen</strong></span> <span class='ocrx_word' id='word_1_27' title='bbox 1047 508 1134 553; x_wconf 86' lang='lat' dir='ltr'><strong>pro</strong></span> <span class='ocrx_word' id='word_1_28' title='bbox 1166 495 1234 539; x_wconf 78' lang='lat' dir='ltr'><strong>rei</strong></span> <span class='ocrx_word' id='word_1_29' title='bbox 1280 497 1412 558; x_wconf 88' lang='lat' dir='ltr'><strong>copia</strong></span> <span class='ocrx_word' id='word_1_30' title='bbox 1447 499 1552 544; x_wconf 85' lang='lat' dir='ltr'><strong>satis</strong></span> 
     </span>
     <span class='ocr_line' id='line_1_5' title="bbox 156 588 1588 655; baseline 0.005 -20"><span class='ocrx_word' id='word_1_31' title='bbox 156 588 448 652; x_wconf 83' lang='lat' dir='ltr'><strong>providenter</strong></span> <span class='ocrx_word' id='word_1_32' title='bbox 490 591 720 642; x_wconf 39' lang='lat' dir='ltr'><strong>exornat?</strong></span> <span class='ocrx_word' id='word_1_33' title='bbox 747 603 890 648; x_wconf 86' lang='lat' dir='ltr'><strong>pecus</strong></span> <span class='ocrx_word' id='word_1_34' title='bbox 939 603 1097 646; x_wconf 89' lang='lat' dir='ltr'><strong>omne,</strong></span> <span class='ocrx_word' id='word_1_35' title='bbox 1148 592 1272 650; x_wconf 92' lang='lat' dir='ltr'><strong>quod</strong></span> <span class='ocrx_word' id='word_1_36' title='bbox 1308 595 1588 655; x_wconf 80' lang='lat' dir='ltr'><strong>superiori-2</strong></span> 
     </span>
    </p>
   </div>
   <div class='ocr_carea' id='block_1_4' title="bbox 153 674 1553 755">
    <p class='ocr_par' dir='ltr' id='par_1_4' title="bbox 153 674 1553 755">
     <span class='ocr_line' id='line_1_6' title="bbox 153 674 1553 755; baseline 0.006 -23"><span class='ocrx_word' id='word_1_37' title='bbox 153 689 239 732; x_wconf 89' lang='lat' dir='ltr'><strong>bus</strong></span> <span class='ocrx_word' id='word_1_38' title='bbox 271 686 430 731; x_wconf 86' lang='lat' dir='ltr'><strong>diebus</strong></span> <span class='ocrx_word' id='word_1_39' title='bbox 461 686 663 746; x_wconf 85' lang='lat' dir='ltr'><strong>praedae</strong></span> <span class='ocrx_word' id='word_1_40' title='bbox 685 674 845 743; x_wconf 67' lang='lat' dir='ltr'><strong>fuerat,</strong></span> <span class='ocrx_word' id='word_1_41' title='bbox 883 685 1106 745; x_wconf 80' lang='lat' dir='ltr'><strong>equitibus</strong></span> <span class='ocrx_word' id='word_1_42' title='bbox 1140 689 1374 737; x_wconf 81' lang='lat' dir='ltr'><strong>auxiliariis</strong></span> <span class='ocrx_word' id='word_1_43' title='bbox 1408 708 1553 755; x_wconf 88' lang='lat' dir='ltr'><strong>agen-</strong></span> 
     </span>
    </p>
   </div>
   <div class='ocr_carea' id='block_1_5' title="bbox 95 824 1619 2766">
    <p class='ocr_par' dir='ltr' id='par_1_5' title="bbox 95 824 1619 2766">
     <span class='ocr_line' id='line_1_7' title="bbox 152 824 1552 880; baseline 0.004 -17"><span class='ocrx_word' id='word_1_44' title='bbox 152 827 239 863; x_wconf 86' lang='lat' dir='ltr'><strong>dicit</strong></span> <span class='ocrx_word' id='word_1_45' title='bbox 272 832 393 863; x_wconf 79' lang='lat' dir='ltr'><strong>autem</strong></span> <span class='ocrx_word' id='word_1_46' title='bbox 424 836 511 864; x_wconf 81' lang='lat' dir='ltr'><strong>non,</strong></span> <span class='ocrx_word' id='word_1_47' title='bbox 529 825 662 859; x_wconf 85' lang='lat' dir='ltr'><strong>habere</strong></span> <span class='ocrx_word' id='word_1_48' title='bbox 696 825 768 859; x_wconf 83' lang='lat' dir='ltr'><strong>vim</strong></span> <span class='ocrx_word' id='word_1_49' title='bbox 803 824 1085 870; x_wconf 77' lang='lat' dir='ltr'><strong>adversativam,</strong></span> <span class='ocrx_word' id='word_1_50' title='bbox 1122 828 1182 862; x_wconf 88' lang='lat' dir='ltr'><strong>sed</strong></span> <span class='ocrx_word' id='word_1_51' title='bbox 1213 828 1413 875; x_wconf 83' lang='lat' dir='ltr'><strong>significare</strong></span> <span class='ocrx_word' id='word_1_52' title='bbox 1446 839 1552 880; x_wconf 81' lang='lat' dir='ltr'><strong>atque</strong></span> 
     </span>
     <span class='ocr_line' id='line_1_8' title="bbox 151 887 1551 932; baseline 0.004 -8"><span class='ocrx_word' id='word_1_53' title='bbox 151 888 253 924; x_wconf 75' lang='lat' dir='ltr'><strong>ideo!</strong></span> <span class='ocrx_word' id='word_1_54' title='bbox 277 907 323 913; x_wconf 91' lang='lat'>—</span> <span class='ocrx_word' id='word_1_55' title='bbox 345 888 399 921; x_wconf 86' lang='lat' dir='ltr'><strong>De</strong></span> <span class='ocrx_word' id='word_1_56' title='bbox 423 890 598 921; x_wconf 74' lang='lat' dir='ltr'><strong>structura</strong></span> <span class='ocrx_word' id='word_1_57' title='bbox 629 887 775 921; x_wconf 78' lang='lat' dir='ltr'><strong>aestatis</strong></span> <span class='ocrx_word' id='word_1_58' title='bbox 807 892 995 921; x_wconf 74' lang='lat' dir='ltr'><strong>extremum</strong></span> <span class='ocrx_word' id='word_1_59' title='bbox 1028 899 1094 932; x_wconf 87' lang='lat' dir='ltr'><strong>pro</strong></span> <span class='ocrx_word' id='word_1_60' title='bbox 1119 895 1238 924; x_wconf 70' lang='lat' dir='ltr'><strong>aestas</strong></span> <span class='ocrx_word' id='word_1_61' title='bbox 1271 897 1426 928; x_wconf 79' lang='lat' dir='ltr'><strong>extrema</strong></span> <span class='ocrx_word' id='word_1_62' title='bbox 1449 905 1484 929; x_wconf 79' lang='lat' dir='ltr'><strong>v,</strong></span> <span class='ocrx_word' id='word_1_63' title='bbox 1506 896 1551 929; x_wconf 86' lang='lat' dir='ltr'><strong>ad</strong></span> 
     </span>
     <span class='ocr_line' id='line_1_9' title="bbox 151 936 1550 998; baseline 0.004 -14"><span class='ocrx_word' id='word_1_64' title='bbox 151 962 183 985; x_wconf 87' lang='lat' dir='ltr'><strong>c.</strong></span> <span class='ocrx_word' id='word_1_65' title='bbox 205 948 384 991; x_wconf 72' lang='lat' dir='ltr'><strong>xxxva,</strong></span> <span class='ocrx_word' id='word_1_66' title='bbox 410 936 449 982; x_wconf 37' lang='lat' dir='ltr'><strong>4ss</strong></span> <span class='ocrx_word' id='word_1_67' title='bbox 470 960 503 992; x_wconf 91' lang='lat' dir='ltr'><strong>p.</strong></span> <span class='ocrx_word' id='word_1_68' title='bbox 530 947 612 982; x_wconf 71' lang='lat'><strong>214.</strong></span> <span class='ocrx_word' id='word_1_69' title='bbox 636 967 683 972; x_wconf 94' lang='lat'><strong>—</strong></span> <span class='ocrx_word' id='word_1_70' title='bbox 719 948 852 981; x_wconf 80' lang='lat' dir='ltr'><strong>Tamen</strong></span> <span class='ocrx_word' id='word_1_71' title='bbox 876 948 919 982; x_wconf 87' lang='lat' dir='ltr'><strong>ad</strong></span> <span class='ocrx_word' id='word_1_72' title='bbox 945 949 1053 984; x_wconf 84' lang='lat' dir='ltr'><strong>verba</strong></span> <span class='ocrx_word' id='word_1_73' title='bbox 1078 950 1132 984; x_wconf 77' lang='lat' dir='ltr'><strong>dis</strong></span> <span class='ocrx_word' id='word_1_74' title='bbox 1151 953 1271 994; x_wconf 76' lang='lat' dir='ltr'><strong>fretus</strong></span> <span class='ocrx_word' id='word_1_75' title='bbox 1299 957 1389 987; x_wconf 87' lang='lat' dir='ltr'><strong>-ante</strong></span> <span class='ocrx_word' id='word_1_76' title='bbox 1423 965 1550 998; x_wconf 88' lang='lat' dir='ltr'><strong>paren-</strong></span> 
     </span>
     <span class='ocr_line' id='line_1_10' title="bbox 150 1007 1549 1058; baseline 0.003 -12"><span class='ocrx_word' id='word_1_77' title='bbox 150 1010 265 1046; x_wconf 80' lang='lat' dir='ltr'><strong>thesin</strong></span> <span class='ocrx_word' id='word_1_78' title='bbox 295 1009 411 1054; x_wconf 87' lang='lat' dir='ltr'><strong>posita</strong></span> <span class='ocrx_word' id='word_1_79' title='bbox 440 1007 543 1043; x_wconf 84' lang='lat' dir='ltr'><strong>sensu</strong></span> <span class='ocrx_word' id='word_1_80' title='bbox 566 1008 706 1053; x_wconf 85' lang='lat' dir='ltr'><strong>quidem</strong></span> <span class='ocrx_word' id='word_1_81' title='bbox 738 1009 902 1051; x_wconf 77' lang='lat' dir='ltr'><strong>retertur,</strong></span> <span class='ocrx_word' id='word_1_82' title='bbox 926 1009 986 1044; x_wconf 87' lang='lat' dir='ltr'><strong>sed</strong></span> <span class='ocrx_word' id='word_1_83' title='bbox 1012 1021 1082 1045; x_wconf 87' lang='lat' dir='ltr'><strong>non</strong></span> <span class='ocrx_word' id='word_1_84' title='bbox 1107 1015 1301 1056; x_wconf 81' lang='lat' dir='ltr'><strong>structura,</strong></span> <span class='ocrx_word' id='word_1_85' title='bbox 1325 1025 1416 1058; x_wconf 87' lang='lat' dir='ltr'><strong>quae</strong></span> <span class='ocrx_word' id='word_1_86' title='bbox 1439 1016 1549 1052; x_wconf 86' lang='lat' dir='ltr'><strong>inter-</strong></span> 
     </span>
     <span class='ocr_line' id='line_1_11' title="bbox 149 1068 1546 1121; baseline 0.004 -14"><span class='ocrx_word' id='word_1_87' title='bbox 149 1072 249 1107; x_wconf 86' lang='lat' dir='ltr'><strong>iectis</strong></span> <span class='ocrx_word' id='word_1_88' title='bbox 278 1069 396 1105; x_wconf 82' lang='lat' dir='ltr'><strong>verbis</strong></span> <span class='ocrx_word' id='word_1_89' title='bbox 427 1070 569 1105; x_wconf 82' lang='lat' dir='ltr'><strong>turbata</strong></span> <span class='ocrx_word' id='word_1_90' title='bbox 601 1069 797 1104; x_wconf 86' lang='lat' dir='ltr'><strong>orationem</strong></span> <span class='ocrx_word' id='word_1_91' title='bbox 835 1068 1104 1108; x_wconf 77' lang='grc' dir='ltr'><strong><em>ἀνακόλουθον</em></strong></span> <span class='ocrx_word' id='word_1_92' title='bbox 1138 1073 1267 1109; x_wconf 87' lang='lat' dir='ltr'><strong>effecit.</strong></span> <span class='ocrx_word' id='word_1_93' title='bbox 1313 1074 1405 1110; x_wconf 85' lang='lat' dir='ltr'><strong>Nam</strong></span> <span class='ocrx_word' id='word_1_94' title='bbox 1437 1089 1546 1121; x_wconf 86' lang='lat' dir='ltr'><strong>quum</strong></span> 
     </span>
     <span class='ocr_line' id='line_1_12' title="bbox 149 1131 1547 1178; baseline 0.004 -9"><span class='ocrx_word' id='word_1_95' title='bbox 149 1132 339 1169; x_wconf 74' lang='lat' dir='ltr'><strong>Sallustius</strong></span> <span class='ocrx_word' id='word_1_96' title='bbox 359 1132 428 1168; x_wconf 83' lang='lat' dir='ltr'><strong>hoe</strong></span> <span class='ocrx_word' id='word_1_97' title='bbox 453 1131 569 1164; x_wconf 84' lang='lat' dir='ltr'><strong>dicere</strong></span> <span class='ocrx_word' id='word_1_98' title='bbox 594 1131 723 1174; x_wconf 76' lang='lat' dir='ltr'><strong>venet,</strong></span> <span class='ocrx_word' id='word_1_99' title='bbox 750 1131 867 1166; x_wconf 88' lang='lat' dir='ltr'><strong>Mario</strong></span> <span class='ocrx_word' id='word_1_100' title='bbox 889 1144 988 1176; x_wconf 88' lang='lat' dir='ltr'><strong>spem</strong></span> <span class='ocrx_word' id='word_1_101' title='bbox 1013 1139 1047 1168; x_wconf 93' lang='lat' dir='ltr'><strong>et</strong></span> <span class='ocrx_word' id='word_1_102' title='bbox 1068 1134 1317 1178; x_wconf 83' lang='lat' dir='ltr'><strong>confidentiam</strong></span> <span class='ocrx_word' id='word_1_103' title='bbox 1341 1136 1376 1171; x_wconf 90' lang='lat' dir='ltr'><strong>in</strong></span> <span class='ocrx_word' id='word_1_104' title='bbox 1400 1138 1547 1174; x_wconf 90' lang='lat' dir='ltr'><strong>deorum</strong></span> 
     </span>
     <span class='ocr_line' id='line_1_13' title="bbox 147 1181 1547 1243; baseline 0.004 -14"><span class='ocrx_word' id='word_1_105' title='bbox 147 1206 215 1240; x_wconf 87' lang='lat' dir='ltr'><strong>ope</strong></span> <span class='ocrx_word' id='word_1_106' title='bbox 230 1193 381 1239; x_wconf 81' lang='lat' dir='ltr'><strong>positam</strong></span> <span class='ocrx_word' id='word_1_107' title='bbox 404 1192 681 1236; x_wconf 77' lang='lat' dir='ltr'><strong>haudquaquam</strong></span> <span class='ocrx_word' id='word_1_108' title='bbox 705 1192 874 1235; x_wconf 85' lang='lat' dir='ltr'><strong>offuisse,</strong></span> <span class='ocrx_word' id='word_1_109' title='bbox 899 1198 938 1228; x_wconf 92' lang='lat' dir='ltr'><strong>ut</strong></span> <span class='ocrx_word' id='word_1_110' title='bbox 963 1194 1141 1229; x_wconf 87' lang='lat' dir='ltr'><strong>interdum</strong></span> <span class='ocrx_word' id='word_1_111' title='bbox 1165 1196 1243 1230; x_wconf 85' lang='lat' dir='ltr'><strong>fieri</strong></span> <span class='ocrx_word' id='word_1_112' title='bbox 1266 1181 1373 1240; x_wconf 77' lang='lat' dir='ltr'><strong>solet,</strong></span> <span class='ocrx_word' id='word_1_113' title='bbox 1407 1200 1547 1243; x_wconf 89' lang='lat' dir='ltr'><strong>quomi-</strong></span> 
     </span>
     <span class='ocr_line' id='line_1_14' title="bbox 146 1253 1546 1301; baseline 0.003 -10"><span class='ocrx_word' id='word_1_114' title='bbox 146 1267 212 1291; x_wconf 85' lang='lat' dir='ltr'><strong>nus</strong></span> <span class='ocrx_word' id='word_1_115' title='bbox 232 1254 456 1301; x_wconf 76' lang='lat' dir='ltr'><strong>providenter</strong></span> <span class='ocrx_word' id='word_1_116' title='bbox 476 1257 624 1298; x_wconf 78' lang='lat' dir='ltr'><strong>ageret,</strong></span> <span class='ocrx_word' id='word_1_117' title='bbox 656 1253 744 1288; x_wconf 80' lang='lat' dir='ltr'><strong>duos</strong></span> <span class='ocrx_word' id='word_1_118' title='bbox 773 1254 910 1288; x_wconf 86' lang='lat' dir='ltr'><strong>dicendi</strong></span> <span class='ocrx_word' id='word_1_119' title='bbox 931 1256 1076 1298; x_wconf 87' lang='lat' dir='ltr'><strong>modos,</strong></span> <span class='ocrx_word' id='word_1_120' title='bbox 1108 1257 1236 1301; x_wconf 86' lang='lat' dir='ltr'><strong>quibus</strong></span> <span class='ocrx_word' id='word_1_121' title='bbox 1260 1258 1330 1292; x_wconf 84' lang='lat' dir='ltr'><strong>hoc</strong></span> <span class='ocrx_word' id='word_1_122' title='bbox 1355 1261 1546 1296; x_wconf 83' lang='lat' dir='ltr'><strong>enunciare</strong></span> 
     </span>
     <span class='ocr_line' id='line_1_15' title="bbox 145 1313 1544 1365; baseline 0.003 -13"><span class='ocrx_word' id='word_1_123' title='bbox 145 1321 303 1362; x_wconf 86' lang='lat' dir='ltr'><strong>poterat,</strong></span> <span class='ocrx_word' id='word_1_124' title='bbox 344 1313 510 1350; x_wconf 78' lang='lat' dir='ltr'><strong>confudit.</strong></span> <span class='ocrx_word' id='word_1_125' title='bbox 558 1315 628 1348; x_wconf 80' lang='lat' dir='ltr'><strong>Aut</strong></span> <span class='ocrx_word' id='word_1_126' title='bbox 662 1314 755 1348; x_wconf 87' lang='lat' dir='ltr'><strong>enim</strong></span> <span class='ocrx_word' id='word_1_127' title='bbox 791 1315 940 1350; x_wconf 85' lang='lat' dir='ltr'><strong>debebat</strong></span> <span class='ocrx_word' id='word_1_128' title='bbox 971 1317 1163 1360; x_wconf 82' lang='lat' dir='ltr'><strong>praemisso</strong></span> <span class='ocrx_word' id='word_1_129' title='bbox 1187 1319 1344 1353; x_wconf 86' lang='lat' dir='ltr'><strong>subiecto</strong></span> <span class='ocrx_word' id='word_1_130' title='bbox 1369 1321 1423 1355; x_wconf 77' lang='lat' dir='ltr'><strong>dis</strong></span> <span class='ocrx_word' id='word_1_131' title='bbox 1450 1324 1544 1365; x_wconf 83' lang='lat' dir='ltr'><strong>fre-</strong></span> 
     </span>
     <span class='ocr_line' id='line_1_16' title="bbox 145 1374 1543 1425; baseline 0.003 -13"><span class='ocrx_word' id='word_1_132' title='bbox 145 1381 242 1420; x_wconf 77' lang='lat' dir='ltr'><strong>tus,</strong></span> <span class='ocrx_word' id='word_1_133' title='bbox 278 1379 356 1420; x_wconf 84' lang='lat' dir='ltr'><strong>post</strong></span> <span class='ocrx_word' id='word_1_134' title='bbox 385 1374 633 1419; x_wconf 80' lang='lat' dir='ltr'><strong>parenthesin,</strong></span> <span class='ocrx_word' id='word_1_135' title='bbox 664 1375 874 1411; x_wconf 75' lang='lat' dir='ltr'><strong>arctioribus</strong></span> <span class='ocrx_word' id='word_1_136' title='bbox 896 1377 1024 1412; x_wconf 84' lang='lat' dir='ltr'><strong>finibus</strong></span> <span class='ocrx_word' id='word_1_137' title='bbox 1046 1378 1372 1425; x_wconf 78' lang='lat' dir='ltr'><strong>constringendam,</strong></span> <span class='ocrx_word' id='word_1_138' title='bbox 1395 1382 1543 1425; x_wconf 79' lang='lat' dir='ltr'><strong>praedi-</strong></span> 
     </span>
     <span class='ocr_line' id='line_1_17' title="bbox 144 1435 1544 1487; baseline 0.001 -13"><span class='ocrx_word' id='word_1_139' title='bbox 144 1440 261 1474; x_wconf 62' lang='lat' dir='ltr'><strong>catum</strong></span> <span class='ocrx_word' id='word_1_140' title='bbox 293 1437 436 1482; x_wconf 77' lang='lat' dir='ltr'><strong>aliquod</strong></span> <span class='ocrx_word' id='word_1_141' title='bbox 472 1435 668 1480; x_wconf 83' lang='lat' dir='ltr'><strong>subiicere,</strong></span> <span class='ocrx_word' id='word_1_142' title='bbox 700 1437 798 1472; x_wconf 82' lang='lat' dir='ltr'><strong>velut</strong></span> <span class='ocrx_word' id='word_1_143' title='bbox 830 1443 969 1473; x_wconf 81' lang='lat' dir='ltr'><strong>tantam</strong></span> <span class='ocrx_word' id='word_1_144' title='bbox 994 1448 1068 1472; x_wconf 83' lang='lat' dir='ltr'><strong>rem</strong></span> <span class='ocrx_word' id='word_1_145' title='bbox 1098 1440 1265 1484; x_wconf 75' lang='lat' dir='ltr'><strong>suscepit,</strong></span> <span class='ocrx_word' id='word_1_146' title='bbox 1298 1441 1355 1475; x_wconf 90' lang='lat' dir='ltr'><strong>cui</strong></span> <span class='ocrx_word' id='word_1_147' title='bbox 1381 1444 1544 1487; x_wconf 77' lang='lat' dir='ltr'><strong>apodosis</strong></span> 
     </span>
     <span class='ocr_line' id='line_1_18' title="bbox 143 1498 1541 1546; baseline 0.004 -13"><span class='ocrx_word' id='word_1_148' title='bbox 143 1500 196 1534; x_wconf 81' lang='lat' dir='ltr'><strong>ita</strong></span> <span class='ocrx_word' id='word_1_149' title='bbox 217 1511 256 1538; x_wconf 81' lang='lat' dir='ltr'><strong>se</strong></span> <span class='ocrx_word' id='word_1_150' title='bbox 278 1498 503 1543; x_wconf 80' lang='lat' dir='ltr'><strong>adiungeret:</strong></span> <span class='ocrx_word' id='word_1_151' title='bbox 535 1498 848 1532; x_wconf 77' lang='lat' dir='ltr'><strong>nihilominus</strong></span> <span class='ocrx_word' id='word_1_152' title='bbox 868 1511 932 1544; x_wconf 83' lang='lat' dir='ltr'><strong>pro</strong></span> <span class='ocrx_word' id='word_1_153' title='bbox 956 1512 986 1534; x_wconf 89' lang='lat' dir='ltr'><strong>c.</strong></span> <span class='ocrx_word' id='word_1_154' title='bbox 1011 1511 1041 1534; x_wconf 87' lang='lat' dir='ltr'><strong>r.</strong></span> <span class='ocrx_word' id='word_1_155' title='bbox 1066 1511 1093 1535; x_wconf 82' lang='lat' dir='ltr'><strong>s.</strong></span> <span class='ocrx_word' id='word_1_156' title='bbox 1125 1502 1442 1546; x_wconf 82' lang='lat' dir='ltr'><strong>providenter</strong></span> <span class='ocrx_word' id='word_1_157' title='bbox 1475 1516 1541 1539; x_wconf 74' lang='lat' dir='ltr'><strong>ex-</strong></span> 
     </span>
     <span class='ocr_line' id='line_1_19' title="bbox 145 1558 1538 1610; baseline 0.004 -16"><span class='ocrx_word' id='word_1_158' title='bbox 145 1564 308 1601; x_wconf 79' lang='lat' dir='ltr'><strong>ornat3</strong></span> <span class='ocrx_word' id='word_1_159' title='bbox 342 1564 404 1594; x_wconf 83' lang='lat' dir='ltr'><strong>aut</strong></span> <span class='ocrx_word' id='word_1_160' title='bbox 429 1558 560 1602; x_wconf 81' lang='lat' dir='ltr'><strong>protasi</strong></span> <span class='ocrx_word' id='word_1_161' title='bbox 592 1558 643 1592; x_wconf 82' lang='lat' dir='ltr'><strong>ita</strong></span> <span class='ocrx_word' id='word_1_162' title='bbox 673 1559 879 1594; x_wconf 84' lang='lat' dir='ltr'><strong>constituta:</strong></span> <span class='ocrx_word' id='word_1_163' title='bbox 911 1572 1181 1606; x_wconf 75' lang='lat' dir='ltr'><strong>quamquam</strong></span> <span class='ocrx_word' id='word_1_164' title='bbox 1217 1573 1306 1596; x_wconf 81' lang='lat' dir='ltr'><strong>rem</strong></span> <span class='ocrx_word' id='word_1_165' title='bbox 1341 1575 1538 1610; x_wconf 78' lang='lat' dir='ltr'><strong>aggres-</strong></span> 
     </span>
     <span class='ocr_line' id='line_1_20' title="bbox 143 1621 1540 1670; baseline 0.003 -13"><span class='ocrx_word' id='word_1_166' title='bbox 143 1634 215 1657; x_wconf 73' lang='lat' dir='ltr'><strong>sus</strong></span> <span class='ocrx_word' id='word_1_167' title='bbox 245 1626 352 1656; x_wconf 85' lang='lat' dir='ltr'><strong>erat</strong></span> <span class='ocrx_word' id='word_1_168' title='bbox 366 1645 376 1663; x_wconf 90' lang='lat'><strong>,</strong></span> <span class='ocrx_word' id='word_1_169' title='bbox 408 1621 510 1655; x_wconf 75' lang='lat' dir='ltr'><strong>credo</strong></span> <span class='ocrx_word' id='word_1_170' title='bbox 542 1621 597 1654; x_wconf 82' lang='lat' dir='ltr'><strong>dis</strong></span> <span class='ocrx_word' id='word_1_171' title='bbox 614 1623 752 1664; x_wconf 73' lang='lat' dir='ltr'><strong>fretus,</strong></span> <span class='ocrx_word' id='word_1_172' title='bbox 774 1625 821 1646; x_wconf 91' lang='lat'><strong>&#39;—-</strong></span> <span class='ocrx_word' id='word_1_173' title='bbox 842 1622 942 1666; x_wconf 86' lang='lat' dir='ltr'><strong>sequi</strong></span> <span class='ocrx_word' id='word_1_174' title='bbox 965 1626 1115 1666; x_wconf 87' lang='lat' dir='ltr'><strong>poterat,</strong></span> <span class='ocrx_word' id='word_1_175' title='bbox 1138 1633 1228 1666; x_wconf 88' lang='lat' dir='ltr'><strong>quae</strong></span> <span class='ocrx_word' id='word_1_176' title='bbox 1248 1623 1286 1657; x_wconf 90' lang='lat' dir='ltr'><strong>in</strong></span> <span class='ocrx_word' id='word_1_177' title='bbox 1302 1625 1449 1670; x_wconf 82' lang='lat' dir='ltr'><strong>vulgata</strong></span> <span class='ocrx_word' id='word_1_178' title='bbox 1465 1627 1540 1661; x_wconf 80' lang='lat' dir='ltr'><strong>&#39;ha-</strong></span> 
     </span>
     <span class='ocr_line' id='line_1_21' title="bbox 143 1682 1538 1728; baseline 0.001 -9"><span class='ocrx_word' id='word_1_179' title='bbox 143 1685 266 1726; x_wconf 87' lang='lat' dir='ltr'><strong>betur,</strong></span> <span class='ocrx_word' id='word_1_180' title='bbox 299 1682 462 1727; x_wconf 85' lang='lat' dir='ltr'><strong>apodosis</strong></span> <span class='ocrx_word' id='word_1_181' title='bbox 494 1688 650 1716; x_wconf 74' lang='lat' dir='ltr'><strong>tamen</strong></span> <span class='ocrx_word' id='word_1_182' title='bbox 680 1692 717 1726; x_wconf 82' lang='lat' dir='ltr'><strong>p.</strong></span> <span class='ocrx_word' id='word_1_183' title='bbox 751 1693 782 1715; x_wconf 86' lang='lat' dir='ltr'><strong>r.</strong></span> <span class='ocrx_word' id='word_1_184' title='bbox 815 1693 843 1716; x_wconf 82' lang='lat' dir='ltr'><strong>c.</strong></span> <span class='ocrx_word' id='word_1_185' title='bbox 868 1684 956 1717; x_wconf 75' lang='lat' dir='ltr'><strong>satis</strong></span> <span class='ocrx_word' id='word_1_186' title='bbox 987 1684 1305 1728; x_wconf 70' lang='lat' dir='ltr'><strong>providenter</strong></span> <span class='ocrx_word' id='word_1_187' title='bbox 1337 1691 1538 1723; x_wconf 72' lang='lat' dir='ltr'><strong>exornat.</strong></span> 
     </span>
     <span class='ocr_line' id='line_1_22' title="bbox 141 1741 1619 1791; baseline 0.001 -11"><span class='ocrx_word' id='word_1_188' title='bbox 141 1746 245 1780; x_wconf 85' lang='lat' dir='ltr'><strong>Patet</strong></span> <span class='ocrx_word' id='word_1_189' title='bbox 273 1744 386 1790; x_wconf 85' lang='lat' dir='ltr'><strong>igitur</strong></span> <span class='ocrx_word' id='word_1_190' title='bbox 416 1747 597 1778; x_wconf 84' lang='lat' dir='ltr'><strong>auctorem</strong></span> <span class='ocrx_word' id='word_1_191' title='bbox 613 1754 676 1777; x_wconf 76' lang='lat' dir='ltr'><strong>,ex</strong></span> <span class='ocrx_word' id='word_1_192' title='bbox 710 1741 827 1786; x_wconf 81' lang='lat' dir='ltr'><strong>priore</strong></span> <span class='ocrx_word' id='word_1_193' title='bbox 856 1743 919 1777; x_wconf 90' lang='lat' dir='ltr'><strong>illo</strong></span> <span class='ocrx_word' id='word_1_194' title='bbox 951 1744 1058 1778; x_wconf 85' lang='lat' dir='ltr'><strong>modo</strong></span> <span class='ocrx_word' id='word_1_195' title='bbox 1091 1745 1257 1780; x_wconf 84' lang='lat' dir='ltr'><strong>transisse</strong></span> <span class='ocrx_word' id='word_1_196' title='bbox 1295 1744 1333 1779; x_wconf 85' lang='lat' dir='ltr'><strong>in</strong></span> <span class='ocrx_word' id='word_1_197' title='bbox 1370 1746 1537 1791; x_wconf 85' lang='lat' dir='ltr'><strong>alterum,</strong></span> <span class='ocrx_word' id='word_1_198' title='bbox 1610 1757 1619 1766; x_wconf 59' lang='lat'><strong>‘-</strong></span> 
     </span>
     <span class='ocr_line' id='line_1_23' title="bbox 141 1803 1539 1851; baseline 0.001 -10"><span class='ocrx_word' id='word_1_199' title='bbox 141 1818 251 1851; x_wconf 86' lang='lat' dir='ltr'><strong>quum</strong></span> <span class='ocrx_word' id='word_1_200' title='bbox 274 1806 396 1850; x_wconf 89' lang='lat' dir='ltr'><strong>paullo</strong></span> <span class='ocrx_word' id='word_1_201' title='bbox 418 1804 581 1850; x_wconf 76' lang='lat' dir='ltr'><strong>longiore</strong></span> <span class='ocrx_word' id='word_1_202' title='bbox 602 1803 804 1848; x_wconf 82' lang='lat' dir='ltr'><strong>parenthesi</strong></span> <span class='ocrx_word' id='word_1_203' title='bbox 826 1803 990 1840; x_wconf 84' lang='lat' dir='ltr'><strong>seductus</strong></span> <span class='ocrx_word' id='word_1_204' title='bbox 1010 1805 1169 1850; x_wconf 82' lang='lat' dir='ltr'><strong>inceptae</strong></span> <span class='ocrx_word' id='word_1_205' title='bbox 1190 1808 1387 1841; x_wconf 83' lang='lat' dir='ltr'><strong>structurae</strong></span> <span class='ocrx_word' id='word_1_206' title='bbox 1409 1807 1539 1843; x_wconf 83' lang='lat' dir='ltr'><strong>oblitus</strong></span> 
     </span>
     <span class='ocr_line' id='line_1_24' title="bbox 142 1864 1538 1912; baseline 0 -9"><span class='ocrx_word' id='word_1_207' title='bbox 142 1871 242 1903; x_wconf 82' lang='lat' dir='ltr'><strong>esset.</strong></span> <span class='ocrx_word' id='word_1_208' title='bbox 291 1867 370 1901; x_wconf 86' lang='lat' dir='ltr'><strong>Hoc</strong></span> <span class='ocrx_word' id='word_1_209' title='bbox 394 1872 513 1901; x_wconf 81' lang='lat' dir='ltr'><strong>autem</strong></span> <span class='ocrx_word' id='word_1_210' title='bbox 545 1864 839 1900; x_wconf 81' lang='lat' dir='ltr'><strong>anacoluthorum</strong></span> <span class='ocrx_word' id='word_1_211' title='bbox 862 1876 974 1910; x_wconf 86' lang='lat' dir='ltr'><strong>genus</strong></span> <span class='ocrx_word' id='word_1_212' title='bbox 996 1878 1108 1912; x_wconf 83' lang='lat' dir='ltr'><strong>neque</strong></span> <span class='ocrx_word' id='word_1_213' title='bbox 1131 1867 1211 1902; x_wconf 78' lang='lat' dir='ltr'><strong>vitii</strong></span> <span class='ocrx_word' id='word_1_214' title='bbox 1233 1865 1369 1910; x_wconf 85' lang='lat' dir='ltr'><strong>aliquid</strong></span> <span class='ocrx_word' id='word_1_215' title='bbox 1392 1867 1538 1911; x_wconf 87' lang='lat' dir='ltr'><strong>habere,</strong></span> 
     </span>
     <span class='ocr_line' id='line_1_25' title="bbox 141 1926 1536 1974; baseline 0.001 -11"><span class='ocrx_word' id='word_1_216' title='bbox 141 1933 177 1963; x_wconf 90' lang='lat' dir='ltr'><strong>et</strong></span> <span class='ocrx_word' id='word_1_217' title='bbox 209 1928 306 1963; x_wconf 86' lang='lat' dir='ltr'><strong>haud</strong></span> <span class='ocrx_word' id='word_1_218' title='bbox 330 1926 532 1971; x_wconf 80' lang='lat' dir='ltr'><strong>infrequens</strong></span> <span class='ocrx_word' id='word_1_219' title='bbox 561 1937 637 1960; x_wconf 88' lang='lat' dir='ltr'><strong>esse</strong></span> <span class='ocrx_word' id='word_1_220' title='bbox 672 1929 767 1960; x_wconf 88' lang='lat' dir='ltr'><strong>recte</strong></span> <span class='ocrx_word' id='word_1_221' title='bbox 798 1927 934 1961; x_wconf 90' lang='lat' dir='ltr'><strong>monuit</strong></span> <span class='ocrx_word' id='word_1_222' title='bbox 957 1928 1166 1963; x_wconf 84' lang='lat' dir='ltr'><strong>Kuehnerus</strong></span> <span class='ocrx_word' id='word_1_223' title='bbox 1189 1929 1234 1963; x_wconf 88' lang='lat' dir='ltr'><strong>ad</strong></span> <span class='ocrx_word' id='word_1_224' title='bbox 1258 1927 1331 1962; x_wconf 83' lang='lat' dir='ltr'><strong>Cic.</strong></span> <span class='ocrx_word' id='word_1_225' title='bbox 1356 1929 1483 1964; x_wconf 86' lang='lat' dir='ltr'><strong>Tusce.</strong></span> <span class='ocrx_word' id='word_1_226' title='bbox 1508 1931 1536 1974; x_wconf 86' lang='lat'><strong>1,</strong></span> 
     </span>
     <span class='ocr_line' id='line_1_26' title="bbox 140 1987 1536 2033; baseline 0.001 -9"><span class='ocrx_word' id='word_1_227' title='bbox 140 1990 200 2033; x_wconf 79' lang='lat'><strong>13,</strong></span> <span class='ocrx_word' id='word_1_228' title='bbox 222 1988 279 2023; x_wconf 80' lang='lat'><strong>3⁰.</strong></span> <span class='ocrx_word' id='word_1_229' title='bbox 303 2000 338 2033; x_wconf 79' lang='lat' dir='ltr'><strong>p.</strong></span> <span class='ocrx_word' id='word_1_230' title='bbox 361 1988 418 2022; x_wconf 75' lang='lat'><strong>70.</strong></span> <span class='ocrx_word' id='word_1_231' title='bbox 467 1987 544 2022; x_wconf 90' lang='lat' dir='ltr'><strong>Non</strong></span> <span class='ocrx_word' id='word_1_232' title='bbox 575 1987 658 2021; x_wconf 88' lang='lat' dir='ltr'><strong>satis</strong></span> <span class='ocrx_word' id='word_1_233' title='bbox 692 1991 940 2030; x_wconf 85' lang='lat' dir='ltr'><strong>perspexerunt</strong></span> <span class='ocrx_word' id='word_1_234' title='bbox 976 1989 1082 2023; x_wconf 88' lang='lat' dir='ltr'><strong>huius</strong></span> <span class='ocrx_word' id='word_1_235' title='bbox 1118 1989 1187 2023; x_wconf 90' lang='lat' dir='ltr'><strong>loci</strong></span> <span class='ocrx_word' id='word_1_236' title='bbox 1211 1993 1373 2024; x_wconf 80' lang='lat' dir='ltr'><strong>naturam</strong></span> <span class='ocrx_word' id='word_1_237' title='bbox 1398 1990 1536 2026; x_wconf 86' lang='lat' dir='ltr'><strong>Cortius</strong></span> 
     </span>
     <span class='ocr_line' id='line_1_27' title="bbox 139 2048 1536 2096; baseline 0 -10"><span class='ocrx_word' id='word_1_238' title='bbox 139 2055 176 2086; x_wconf 86' lang='lat' dir='ltr'><strong>et</strong></span> <span class='ocrx_word' id='word_1_239' title='bbox 196 2051 335 2091; x_wconf 84' lang='lat' dir='ltr'><strong>Faber,</strong></span> <span class='ocrx_word' id='word_1_240' title='bbox 369 2048 430 2094; x_wconf 87' lang='lat' dir='ltr'><strong>qui</strong></span> <span class='ocrx_word' id='word_1_241' title='bbox 466 2054 585 2084; x_wconf 78' lang='lat' dir='ltr'><strong>tamen</strong></span> <span class='ocrx_word' id='word_1_242' title='bbox 616 2059 683 2082; x_wconf 86' lang='lat' dir='ltr'><strong>uon</strong></span> <span class='ocrx_word' id='word_1_243' title='bbox 716 2048 761 2082; x_wconf 86' lang='lat' dir='ltr'><strong>ad</strong></span> <span class='ocrx_word' id='word_1_244' title='bbox 793 2059 956 2083; x_wconf 86' lang='lat' dir='ltr'><strong>mancam</strong></span> <span class='ocrx_word' id='word_1_245' title='bbox 989 2049 1162 2092; x_wconf 78' lang='lat' dir='ltr'><strong>protasia,</strong></span> <span class='ocrx_word' id='word_1_246' title='bbox 1197 2050 1256 2084; x_wconf 86' lang='lat' dir='ltr'><strong>sed</strong></span> <span class='ocrx_word' id='word_1_247' title='bbox 1292 2051 1337 2084; x_wconf 85' lang='lat' dir='ltr'><strong>ad</strong></span> <span class='ocrx_word' id='word_1_248' title='bbox 1361 2062 1422 2092; x_wconf 80' lang='lat' dir='ltr'><strong>ea,</strong></span> <span class='ocrx_word' id='word_1_249' title='bbox 1446 2063 1536 2096; x_wconf 88' lang='lat' dir='ltr'><strong>quae</strong></span> 
     </span>
     <span class='ocr_line' id='line_1_28' title="bbox 139 2110 1535 2157; baseline 0 -10"><span class='ocrx_word' id='word_1_250' title='bbox 139 2111 337 2157; x_wconf 82' lang='lat' dir='ltr'><strong>parenthesi</strong></span> <span class='ocrx_word' id='word_1_251' title='bbox 361 2110 591 2152; x_wconf 80' lang='lat' dir='ltr'><strong>continentur,</strong></span> <span class='ocrx_word' id='word_1_252' title='bbox 617 2114 776 2153; x_wconf 84' lang='lat' dir='ltr'><strong>spectare</strong></span> <span class='ocrx_word' id='word_1_253' title='bbox 798 2115 941 2155; x_wconf 80' lang='lat' dir='ltr'><strong>putant3</strong></span> <span class='ocrx_word' id='word_1_254' title='bbox 966 2121 1106 2153; x_wconf 85' lang='lat' dir='ltr'><strong>prorsus</strong></span> <span class='ocrx_word' id='word_1_255' title='bbox 1123 2114 1241 2144; x_wconf 83' lang='lat' dir='ltr'><strong>autem</strong></span> <span class='ocrx_word' id='word_1_256' title='bbox 1263 2111 1413 2145; x_wconf 90' lang='lat' dir='ltr'><strong>coecutit</strong></span> <span class='ocrx_word' id='word_1_257' title='bbox 1438 2112 1535 2147; x_wconf 90' lang='lat' dir='ltr'><strong>Wei-</strong></span> 
     </span>
     <span class='ocr_line' id='line_1_29' title="bbox 139 2170 1534 2217; baseline 0 -9"><span class='ocrx_word' id='word_1_258' title='bbox 139 2173 232 2216; x_wconf 86' lang='lat' dir='ltr'><strong>sius,</strong></span> <span class='ocrx_word' id='word_1_259' title='bbox 262 2171 484 2217; x_wconf 76' lang='lat' dir='ltr'><strong>parenthesin</strong></span> <span class='ocrx_word' id='word_1_260' title='bbox 518 2171 590 2206; x_wconf 83' lang='lat' dir='ltr'><strong>iam</strong></span> <span class='ocrx_word' id='word_1_261' title='bbox 624 2182 646 2205; x_wconf 88' lang='lat' dir='ltr'><strong>a</strong></span> <span class='ocrx_word' id='word_1_262' title='bbox 676 2172 786 2206; x_wconf 76' lang='lat' dir='ltr'><strong>verbo</strong></span> <span class='ocrx_word' id='word_1_263' title='bbox 819 2172 921 2206; x_wconf 82' lang='lat' dir='ltr'><strong>eredo</strong></span> <span class='ocrx_word' id='word_1_264' title='bbox 954 2170 1108 2215; x_wconf 87' lang='lat' dir='ltr'><strong>incipere</strong></span> <span class='ocrx_word' id='word_1_265' title='bbox 1129 2174 1294 2206; x_wconf 74' lang='lat' dir='ltr'><strong>statuens.</strong></span> <span class='ocrx_word' id='word_1_266' title='bbox 1318 2193 1364 2197; x_wconf 96' lang='lat'><strong>—</strong></span> <span class='ocrx_word' id='word_1_267' title='bbox 1391 2171 1458 2206; x_wconf 85' lang='lat' dir='ltr'><strong>Pro</strong></span> <span class='ocrx_word' id='word_1_268' title='bbox 1481 2174 1534 2208; x_wconf 82' lang='lat' dir='ltr'><strong>rei</strong></span> 
     </span>
     <span class='ocr_line' id='line_1_30' title="bbox 95 2231 1533 2281; baseline -0.001 -11"><span class='ocrx_word' id='word_1_269' title='bbox 95 2252 97 2254; x_wconf 88' lang='lat'>·</span> <span class='ocrx_word' id='word_1_270' title='bbox 141 2236 242 2281; x_wconf 75' lang='lat' dir='ltr'><strong>eopia</strong></span> <span class='ocrx_word' id='word_1_271' title='bbox 265 2233 477 2278; x_wconf 79' lang='lat' dir='ltr'><strong>explicatum</strong></span> <span class='ocrx_word' id='word_1_272' title='bbox 501 2233 546 2267; x_wconf 86' lang='lat' dir='ltr'><strong>ad</strong></span> <span class='ocrx_word' id='word_1_273' title='bbox 570 2244 598 2266; x_wconf 88' lang='lat' dir='ltr'><strong>c.</strong></span> <span class='ocrx_word' id='word_1_274' title='bbox 624 2232 711 2277; x_wconf 82' lang='lat' dir='ltr'><strong>LIV,</strong></span> <span class='ocrx_word' id='word_1_275' title='bbox 735 2232 769 2268; x_wconf 79' lang='lat'><strong>9.</strong></span> <span class='ocrx_word' id='word_1_276' title='bbox 794 2253 841 2259; x_wconf 92' lang='lat'>—</span> <span class='ocrx_word' id='word_1_277' title='bbox 874 2234 927 2267; x_wconf 86' lang='lat' dir='ltr'><strong>Ad</strong></span> <span class='ocrx_word' id='word_1_278' title='bbox 953 2236 1099 2266; x_wconf 72' lang='lat' dir='ltr'><strong>exornat</strong></span> <span class='ocrx_word' id='word_1_279' title='bbox 1122 2231 1262 2266; x_wconf 87' lang='lat' dir='ltr'><strong>Cortius</strong></span> <span class='ocrx_word' id='word_1_280' title='bbox 1285 2233 1427 2276; x_wconf 86' lang='lat' dir='ltr'><strong>supplet</strong></span> <span class='ocrx_word' id='word_1_281' title='bbox 1452 2234 1533 2277; x_wconf 82' lang='lat' dir='ltr'><strong>iter,</strong></span> 
     </span>
     <span class='ocr_line' id='line_1_31' title="bbox 140 2291 1531 2339; baseline 0 -8"><span class='ocrx_word' id='word_1_282' title='bbox 140 2296 335 2331; x_wconf 83' lang='lat' dir='ltr'><strong>Muellerus</strong></span> <span class='ocrx_word' id='word_1_283' title='bbox 358 2294 564 2335; x_wconf 74' lang='lat' dir='ltr'><strong>exercitum,</strong></span> <span class='ocrx_word' id='word_1_284' title='bbox 596 2294 751 2339; x_wconf 84' lang='lat' dir='ltr'><strong>Langius</strong></span> <span class='ocrx_word' id='word_1_285' title='bbox 781 2306 837 2336; x_wconf 81' lang='lat' dir='ltr'><strong>se3</strong></span> <span class='ocrx_word' id='word_1_286' title='bbox 869 2294 929 2328; x_wconf 86' lang='lat' dir='ltr'><strong>sed</strong></span> <span class='ocrx_word' id='word_1_287' title='bbox 953 2291 1043 2326; x_wconf 81' lang='lat' dir='ltr'><strong>nihil</strong></span> <span class='ocrx_word' id='word_1_288' title='bbox 1065 2293 1198 2327; x_wconf 86' lang='lat' dir='ltr'><strong>horum</strong></span> <span class='ocrx_word' id='word_1_289' title='bbox 1214 2293 1297 2327; x_wconf 81' lang='lat' dir='ltr'><strong>satis</strong></span> <span class='ocrx_word' id='word_1_290' title='bbox 1322 2298 1444 2338; x_wconf 86' lang='lat' dir='ltr'><strong>aptum</strong></span> <span class='ocrx_word' id='word_1_291' title='bbox 1467 2299 1531 2332; x_wconf 85' lang='lat' dir='ltr'><strong>est.</strong></span> 
     </span>
     <span class='ocr_line' id='line_1_32' title="bbox 140 2355 1531 2399; baseline -0.002 -6"><span class='ocrx_word' id='word_1_292' title='bbox 140 2359 323 2392; x_wconf 76' lang='lat' dir='ltr'><strong>Exornare</strong></span> <span class='ocrx_word' id='word_1_293' title='bbox 355 2356 517 2391; x_wconf 85' lang='lat' dir='ltr'><strong>absolute</strong></span> <span class='ocrx_word' id='word_1_294' title='bbox 546 2355 679 2389; x_wconf 87' lang='lat' dir='ltr'><strong>dictum</strong></span> <span class='ocrx_word' id='word_1_295' title='bbox 706 2355 801 2389; x_wconf 73' lang='lat' dir='ltr'><strong>valet</strong></span> <span class='ocrx_word' id='word_1_296' title='bbox 832 2355 1006 2389; x_wconf 75' lang='lat' dir='ltr'><strong>instruere</strong></span> <span class='ocrx_word' id='word_1_297' title='bbox 1037 2357 1072 2387; x_wconf 74' lang='lat' dir='ltr'><strong>et</strong></span> <span class='ocrx_word' id='word_1_298' title='bbox 1098 2364 1230 2397; x_wconf 83' lang='lat' dir='ltr'><strong>parare</strong></span> <span class='ocrx_word' id='word_1_299' title='bbox 1262 2366 1352 2399; x_wconf 78' lang='lat' dir='ltr'><strong>qnae</strong></span> <span class='ocrx_word' id='word_1_300' title='bbox 1387 2356 1435 2388; x_wconf 83' lang='lat' dir='ltr'><strong>ad</strong></span> <span class='ocrx_word' id='word_1_301' title='bbox 1457 2367 1531 2390; x_wconf 87' lang='lat' dir='ltr'><strong>rem</strong></span> 
     </span>
     <span class='ocr_line' id='line_1_33' title="bbox 137 2414 1532 2466; baseline -0.001 -12"><span class='ocrx_word' id='word_1_302' title='bbox 137 2426 225 2464; x_wconf 71' lang='lat' dir='ltr'><strong>opus</strong></span> <span class='ocrx_word' id='word_1_303' title='bbox 246 2423 348 2463; x_wconf 68' lang='lat' dir='ltr'><strong>sunt,</strong></span> <span class='ocrx_word' id='word_1_304' title='bbox 374 2417 467 2462; x_wconf 85' lang='lat' dir='ltr'><strong>quod</strong></span> <span class='ocrx_word' id='word_1_305' title='bbox 489 2417 679 2466; x_wconf 76' lang='lat' dir='ltr'><strong>vernacula</strong></span> <span class='ocrx_word' id='word_1_306' title='bbox 702 2416 854 2450; x_wconf 78' lang='lat' dir='ltr'><strong>dicimus</strong></span> <span class='ocrx_word' id='word_1_307' title='bbox 879 2415 1082 2455; x_wconf 52' lang='lat' dir='ltr'><strong>Armatae-2,</strong></span> <span class='ocrx_word' id='word_1_308' title='bbox 1108 2414 1346 2460; x_wconf 78' lang='lat' dir='ltr'><strong>Massregeln,</strong></span> <span class='ocrx_word' id='word_1_309' title='bbox 1377 2417 1532 2452; x_wconf 80' lang='lat' dir='ltr'><strong>Vorkeh-</strong></span> 
     </span>
     <span class='ocr_line' id='line_1_34' title="bbox 139 2474 1531 2526; baseline -0.004 -11"><span class='ocrx_word' id='word_1_310' title='bbox 139 2484 277 2526; x_wconf 75' lang='lat' dir='ltr'><strong>rungen</strong></span> <span class='ocrx_word' id='word_1_311' title='bbox 308 2481 445 2525; x_wconf 77' lang='lat' dir='ltr'><strong>treffen.</strong></span> <span class='ocrx_word' id='word_1_312' title='bbox 492 2477 545 2512; x_wconf 84' lang='lat' dir='ltr'><strong>Ad</strong></span> <span class='ocrx_word' id='word_1_313' title='bbox 577 2478 672 2511; x_wconf 87' lang='lat' dir='ltr'><strong>hunc</strong></span> <span class='ocrx_word' id='word_1_314' title='bbox 703 2476 906 2511; x_wconf 87' lang='lat' dir='ltr'><strong>absolutum</strong></span> <span class='ocrx_word' id='word_1_315' title='bbox 939 2474 1038 2509; x_wconf 83' lang='lat' dir='ltr'><strong>verbi</strong></span> <span class='ocrx_word' id='word_1_316' title='bbox 1071 2486 1174 2509; x_wconf 88' lang='lat' dir='ltr'><strong>usum</strong></span> <span class='ocrx_word' id='word_1_317' title='bbox 1198 2487 1267 2510; x_wconf 87' lang='lat' dir='ltr'><strong>non</strong></span> <span class='ocrx_word' id='word_1_318' title='bbox 1289 2477 1443 2512; x_wconf 83' lang='lat' dir='ltr'><strong>alienum</strong></span> <span class='ocrx_word' id='word_1_319' title='bbox 1465 2479 1531 2514; x_wconf 80' lang='lat' dir='ltr'><strong>erit</strong></span> 
     </span>
     <span class='ocr_line' id='line_1_35' title="bbox 139 2536 1482 2586; baseline -0.001 -10"><span class='ocrx_word' id='word_1_320' title='bbox 139 2551 344 2586; x_wconf 81' lang='lat' dir='ltr'><strong>comparare</strong></span> <span class='ocrx_word' id='word_1_321' title='bbox 372 2539 527 2575; x_wconf 81' lang='lat' dir='ltr'><strong>militare</strong></span> <span class='ocrx_word' id='word_1_322' title='bbox 549 2538 760 2574; x_wconf 74' lang='lat' dir='ltr'><strong>vocabulum</strong></span> <span class='ocrx_word' id='word_1_323' title='bbox 785 2549 930 2579; x_wconf 79' lang='lat' dir='ltr'><strong>curare,</strong></span> <span class='ocrx_word' id='word_1_324' title='bbox 954 2546 1023 2580; x_wconf 86' lang='lat' dir='ltr'><strong>quo</strong></span> <span class='ocrx_word' id='word_1_325' title='bbox 1048 2536 1092 2569; x_wconf 88' lang='lat' dir='ltr'><strong>de</strong></span> <span class='ocrx_word' id='word_1_326' title='bbox 1109 2547 1141 2569; x_wconf 83' lang='lat' dir='ltr'><strong>v.</strong></span> <span class='ocrx_word' id='word_1_327' title='bbox 1168 2537 1211 2570; x_wconf 83' lang='lat' dir='ltr'><strong>ad</strong></span> <span class='ocrx_word' id='word_1_328' title='bbox 1236 2538 1311 2572; x_wconf 80' lang='lat' dir='ltr'><strong>Cat.</strong></span> <span class='ocrx_word' id='word_1_329' title='bbox 1331 2540 1422 2582; x_wconf 82' lang='lat' dir='ltr'><strong>LIX,</strong></span> <span class='ocrx_word' id='word_1_330' title='bbox 1445 2540 1482 2575; x_wconf 83' lang='lat'><strong>3.</strong></span> 
     </span>
     <span class='ocr_line' id='line_1_36' title="bbox 231 2596 1531 2645; baseline 0.001 -11"><span class='ocrx_word' id='word_1_331' title='bbox 231 2602 264 2643; x_wconf 83' lang='lat'><strong>§-</strong></span> <span class='ocrx_word' id='word_1_332' title='bbox 289 2599 326 2634; x_wconf 79' lang='lat'><strong>2.</strong></span> <span class='ocrx_word' id='word_1_333' title='bbox 372 2601 420 2634; x_wconf 76' lang='lat' dir='ltr'><strong>ad</strong></span> <span class='ocrx_word' id='word_1_334' title='bbox 445 2601 608 2645; x_wconf 78' lang='lat' dir='ltr'><strong>oppidum</strong></span> <span class='ocrx_word' id='word_1_335' title='bbox 634 2598 756 2643; x_wconf 67' lang='lat' dir='ltr'><strong>Laris]</strong></span> <span class='ocrx_word' id='word_1_336' title='bbox 790 2600 843 2632; x_wconf 86' lang='lat' dir='ltr'><strong>De</strong></span> <span class='ocrx_word' id='word_1_337' title='bbox 866 2598 902 2632; x_wconf 82' lang='lat' dir='ltr'><strong>vi</strong></span> <span class='ocrx_word' id='word_1_338' title='bbox 927 2598 975 2631; x_wconf 84' lang='lat' dir='ltr'><strong>ad</strong></span> <span class='ocrx_word' id='word_1_339' title='bbox 998 2596 1266 2642; x_wconf 82' lang='lat' dir='ltr'><strong>praepositionis</strong></span> <span class='ocrx_word' id='word_1_340' title='bbox 1290 2599 1338 2633; x_wconf 78' lang='lat' dir='ltr'><strong>cf.</strong></span> <span class='ocrx_word' id='word_1_341' title='bbox 1363 2603 1531 2635; x_wconf 82' lang='lat' dir='ltr'><strong>annotata</strong></span> 
     </span>
     <span class='ocr_line' id='line_1_37' title="bbox 140 2658 1531 2705; baseline 0.001 -12"><span class='ocrx_word' id='word_1_342' title='bbox 140 2659 186 2694; x_wconf 85' lang='lat' dir='ltr'><strong>ad</strong></span> <span class='ocrx_word' id='word_1_343' title='bbox 209 2671 243 2694; x_wconf 81' lang='lat' dir='ltr'><strong>e.</strong></span> <span class='ocrx_word' id='word_1_344' title='bbox 269 2660 371 2703; x_wconf 85' lang='lat' dir='ltr'><strong>LVII,</strong></span> <span class='ocrx_word' id='word_1_345' title='bbox 395 2661 428 2695; x_wconf 89' lang='lat'><strong>1.</strong></span> <span class='ocrx_word' id='word_1_346' title='bbox 453 2679 500 2686; x_wconf 90' lang='lat'><strong>-—-</strong></span> <span class='ocrx_word' id='word_1_347' title='bbox 527 2661 653 2705; x_wconf 73' lang='lat' dir='ltr'><strong>Laris,</strong></span> <span class='ocrx_word' id='word_1_348' title='bbox 683 2660 775 2704; x_wconf 80' lang='lat' dir='ltr'><strong>quod</strong></span> <span class='ocrx_word' id='word_1_349' title='bbox 800 2659 918 2704; x_wconf 73' lang='lat' dir='ltr'><strong>oppidi</strong></span> <span class='ocrx_word' id='word_1_350' title='bbox 941 2669 1067 2697; x_wconf 81' lang='lat' dir='ltr'><strong>nornen</strong></span> <span class='ocrx_word' id='word_1_351' title='bbox 1091 2658 1248 2692; x_wconf 84' lang='lat' dir='ltr'><strong>nonnulli</strong></span> <span class='ocrx_word' id='word_1_352' title='bbox 1272 2662 1422 2694; x_wconf 88' lang='lat' dir='ltr'><strong>secundo</strong></span> <span class='ocrx_word' id='word_1_353' title='bbox 1447 2672 1531 2696; x_wconf 85' lang='lat' dir='ltr'><strong>casu</strong></span> 
     </span>
     <span class='ocr_line' id='line_1_38' title="bbox 137 2719 1531 2766; baseline 0.002 -12"><span class='ocrx_word' id='word_1_354' title='bbox 137 2719 292 2764; x_wconf 77' lang='lat' dir='ltr'><strong>positum</strong></span> <span class='ocrx_word' id='word_1_355' title='bbox 323 2724 481 2765; x_wconf 79' lang='lat' dir='ltr'><strong>censent,</strong></span> <span class='ocrx_word' id='word_1_356' title='bbox 516 2721 654 2756; x_wconf 72' lang='lat' dir='ltr'><strong>Cottius</strong></span> <span class='ocrx_word' id='word_1_357' title='bbox 686 2725 781 2756; x_wconf 88' lang='lat' dir='ltr'><strong>recte</strong></span> <span class='ocrx_word' id='word_1_358' title='bbox 812 2733 876 2766; x_wconf 82' lang='lat' dir='ltr'><strong>pro</strong></span> <span class='ocrx_word' id='word_1_359' title='bbox 900 2719 1106 2756; x_wconf 83' lang='lat' dir='ltr'><strong>accusativo</strong></span> <span class='ocrx_word' id='word_1_360' title='bbox 1129 2720 1219 2764; x_wconf 83' lang='lat' dir='ltr'><strong>plur.</strong></span> <span class='ocrx_word' id='word_1_361' title='bbox 1244 2721 1388 2761; x_wconf 74' lang='lat' dir='ltr'><strong>habuit,</strong></span> <span class='ocrx_word' id='word_1_362' title='bbox 1422 2734 1531 2766; x_wconf 87' lang='lat' dir='ltr'><strong>quum</strong></span> 
     </span>
    </p>
   </div>
   <div class='ocr_carea' id='block_1_6' title="bbox 83 2775 1529 2830">
    <p class='ocr_par' dir='ltr' id='par_1_6' title="bbox 83 2775 1529 2830">
     <span class='ocr_line' id='line_1_39' title="bbox 83 2775 1529 2830; baseline 0.003 -16"><span class='ocrx_word' id='word_1_363' title='bbox 83 2780 85 2782; x_wconf 74' lang='grc'><strong>’</strong></span> <span class='ocrx_word' id='word_1_364' title='bbox 138 2775 210 2815; x_wconf 79' lang='lat' dir='ltr'><strong>non</strong></span> <span class='ocrx_word' id='word_1_365' title='bbox 237 2782 356 2818; x_wconf 81' lang='lat' dir='ltr'><strong>selum</strong></span> <span class='ocrx_word' id='word_1_366' title='bbox 385 2782 422 2819; x_wconf 87' lang='lat' dir='ltr'><strong>in</strong></span> <span class='ocrx_word' id='word_1_367' title='bbox 451 2784 618 2820; x_wconf 81' lang='lat' dir='ltr'><strong>Antonini</strong></span> <span class='ocrx_word' id='word_1_368' title='bbox 650 2783 858 2826; x_wconf 72' lang='lat' dir='ltr'><strong>ltineratio,</strong></span> <span class='ocrx_word' id='word_1_369' title='bbox 891 2783 951 2818; x_wconf 80' lang='lat' dir='ltr'><strong>sed</strong></span> <span class='ocrx_word' id='word_1_370' title='bbox 982 2783 1090 2818; x_wconf 71' lang='lat' dir='ltr'><strong>etiam</strong></span> <span class='ocrx_word' id='word_1_371' title='bbox 1121 2783 1215 2827; x_wconf 82' lang='lat' dir='ltr'><strong>apud</strong></span> <span class='ocrx_word' id='word_1_372' title='bbox 1238 2783 1426 2830; x_wconf 49' lang='lat' dir='ltr'><strong>Augustin.</strong></span> <span class='ocrx_word' id='word_1_373' title='bbox 1448 2783 1529 2819; x_wconf 85' lang='lat' dir='ltr'><strong>adv.</strong></span> 
     </span>
    </p>
   </div>
   <div class='ocr_carea' id='block_1_7' title="bbox 1133 2853 1248 2899">
    <p class='ocr_par' dir='ltr' id='par_1_7' title="bbox 1133 2853 1248 2899">
     <span class='ocr_line' id='line_1_40' title="bbox 1133 2853 1248 2899; baseline 0 0"><span class='ocrx_word' id='word_1_374' title='bbox 1133 2853 1248 2899; x_wconf 80' lang='lat'><strong>31*</strong></span> 
     </span>
    </p>
   </div>
  </div>
 </body>
</html>
