1826 3276
413 167 496 208 336
776 158 823 202 C.
851 157 1172 204 SALLUSTI
1202 161 1416 207 GRISPI

349 285 402 324 10
411 279 578 324 bellum
611 273 762 326 sumit3
806 278 851 316 et
887 272 1060 319 Romae
1095 279 1269 321 senatus
1304 277 1361 322 de
1397 278 1630 338 provinciis
1658 293 1769 324 con-

414 375 548 421 sultus
581 365 835 415 Numidiam
867 367 1054 413 Metello
1089 369 1357 417 decreverat.
1497 416 1502 422 ,

547 463 709 511 LXIII.
760 464 850 508 Per
881 463 1002 508 idem
1034 469 1210 525 tempus
1244 465 1404 510 Uticae
1437 466 1553 511 forte
1586 465 1638 514 C.
1665 465 1771 511 Ma-

414 566 479 610 rio
513 577 597 624 per
628 558 795 604 hostias
830 558 896 603 (lis
930 559 1195 619 supplicanti
1227 575 1392 622 magna
1429 567 1561 620 atque
1593 549 1772 606 mirabi—

414 676 454 708 ut
475 684 506 708 c.
531 670 638 711 XLII,
662 668 696 704 1.
745 668 919 706 Nobilitas
940 669 1064 703 modo
1083 680 1146 713 per
1168 670 1293 712 socios,
1316 671 1469 705 interd
1477 680 1544 705 uns
1562 670 1625 714 per
1647 670 1774 714 equites

415 733 515 767 Rom.
543 729 771 764 Gracchorum
794 726 984 763 actionibus
1005 730 1139 763 obviam
1162 731 1263 764 ierat.
1286 730 1356 772 LV,
1378 729 1413 766 8.
1456 729 1631 775 Iugurtha
1653 730 1775 764 modo

415 804 452 827 se
475 791 636 831 Metello,
668 788 900 823 interdum
930 789 1045 823 Mario
1073 790 1260 826 ostendere.
1285 789 1446 833 LXXIV,
1469 790 1504 824 1.
1551 790 1680 824 Modo
1708 790 1775 823 ad-

413 863 547 887 vorsum
570 849 687 893 hostis,
711 849 940 883 interdum
959 849 996 883 in
1017 850 1216 884 solitudines
1234 861 1391 895 pergere.
1412 849 1597 884 Heindorf.
1621 849 1665 884 ad
1686 850 1775 883 Hor.

414 914 490 948 Sat.
510 912 539 953 Ι,
561 909 595 953 9,
619 909 654 945 9.
699 909 754 942 Ire
776 909 897 942 modo
920 909 1032 950 ocius,
1054 910 1278 944 interdum
1301 910 1492 944 consistere.
1513 908 1561 944 ib.
1585 910 1613 950 I,
1637 908 1696 951 10,
1714 909 1770 943 11.

414 971 584 1007 Similiter
605 967 696 1012 apud
719 968 882 1002 Tacitum
906 967 974 1002 sibi
996 973 1215 1013 opponuntur
1236 969 1335 1003 modo
1364 987 1411 994 -
1439 968 1649 1013 aliquando,
1681 968 1777 1002 velut

415 1034 502 1068 Ann.
532 1031 572 1072 1,
594 1028 660 1069 Sl,
683 1026 716 1060 2.
752 1027 820 1068 XI,
844 1026 909 1069 34,
932 1027 965 1063 1.
996 1038 1032 1062 v.
1063 1027 1276 1062 Boetticheri
1305 1029 1388 1062 LeX.
1419 1027 1537 1062 Tacit·
1569 1038 1605 1063 v.
1638 1027 1775 1063 interim

415 1105 449 1138 p.
471 1090 552 1126 284.
575 1108 621 1115 —
651 1088 722 1122 Pro
751 1097 864 1120 aecum
885 1086 957 1130 ipse
988 1086 1121 1131 aliquot
1142 1087 1238 1122 codd.
1260 1088 1389 1122 habent
1421 1087 1494 1131 ipae
1516 1097 1650 1131 mcum,
1673 1098 1775 1131 quem

414 1153 599 1187 verborum
623 1147 778 1182 ordinem
801 1146 1040 1180 damnavimus
1073 1147 1116 1181 ad
1141 1146 1244 1182 Catil.
1267 1146 1419 1189 XXXII,
1441 1145 1476 1180 1.
1497 1157 1532 1190 p.
1554 1145 1636 1184 150.
1657 1164 1703 1172 -
1724 1147 1776 1187 Ad

415 1213 545 1247 verba:
569 1218 673 1254 quam
695 1206 818 1252 gravis
840 1217 940 1240 casus
962 1207 998 1240 in
1020 1206 1195 1242 servitium
1218 1218 1257 1242 ex
1279 1218 1387 1252 regno
1403 1208 1518 1250 foret,
1541 1205 1678 1241 Gortius
1699 1210 1778 1250 apte

415 1268 633 1316 comparavit
655 1266 778 1301 Senec.
801 1266 980 1301 Phoeniss.
1004 1278 1037 1300 v.
1057 1265 1137 1301 599.
1180 1267 1222 1300 1η
1242 1267 1440 1302 servitutem
1461 1266 1585 1300 cadere
1607 1266 1650 1301 de
1671 1277 1777 1311 regno

414 1342 527 1379 grave
551 1333 612 1364 est.
634 1347 681 1353 —
707 1326 946 1371 Nequidquam
968 1327 1215 1370 explicavimus
1236 1326 1282 1360 ad
1303 1337 1334 1360 c.
1358 1325 1486 1366 XXXI,
1508 1323 1542 1359 5.
1565 1343 1610 1349 —-
1631 1326 1678 1360 Et
1700 1328 1779 1359 ante

415 1393 549 1427 Romae
571 1387 708 1423 eortius
731 1385 847 1420 omisit
870 1385 1076 1420 auctoritate
1098 1385 1338 1419 nonnullarum
1362 1385 1436 1418 edd.
1455 1383 1696 1427 antiquarum,
1718 1385 1778 1419 sed

413 1452 513 1488 nullo
535 1449 610 1484 cod.
633 1447 782 1482 favente.
827 1447 918 1480 Eum
940 1445 976 1480 in
999 1446 1053 1479 ed.
1076 1445 1160 1480 mai.
1183 1456 1252 1479 nou
1271 1448 1409 1480 secutus
1430 1448 1481 1479 est
1503 1444 1720 1493 Gerlachius,
1743 1444 1778 1478 in

415 1512 622 1547 commentt.
655 1517 689 1550 p.
708 1505 789 1540 302.
817 1505 886 1540 sibi
917 1505 991 1549 ipse
1022 1516 1231 1550 repugnans.
1287 1504 1430 1538 Scilicet
1469 1502 1531 1537 ubi
1562 1503 1728 1548 cognovit
1755 1515 1778 1538 a

414 1573 492 1606 Vat.
516 1569 552 1604 5.
575 1567 670 1602 Med.
694 1565 729 1600 5.
757 1569 791 1600 et
813 1566 898 1601 Ven.
921 1565 955 1599 2.
990 1571 1024 1600 et
1046 1566 1190 1606 abesse,
1219 1564 1255 1598 in
1277 1563 1403 1597 Medic.
1427 1567 1542 1597 autem
1564 1561 1598 1609 8,
1621 1562 1678 1598 11.
1699 1563 1776 1598 Vat.

413 1631 450 1666 1.
474 1630 509 1665 2.
531 1629 567 1663 6.
592 1631 630 1662 at
643 1651 653 1670 ,
681 1635 749 1659 nou
776 1629 833 1668 et,
855 1624 1021 1668 scriptum
1045 1636 1140 1669 esse,
1162 1622 1319 1667 protinus
1343 1621 1447 1656 sensit
1465 1621 1632 1658 Sallustio
1653 1634 1779 1658 morem

415 1702 489 1725 esse
510 1689 562 1724 ita
583 1686 646 1731 „in
667 1685 736 1719 fine
758 1684 923 1719 orationis
945 1685 1115 1719 clausulas
1145 1682 1316 1727 adiicere,
1346 1683 1441 1718 nulla
1462 1684 1589 1727 copula
1611 1684 1780 1726 addita;“

415 1751 476 1786 sed
507 1749 584 1794 ipse
614 1745 746 1791 primus
776 1745 840 1778 has
870 1755 984 1789 nugas
1013 1744 1050 1778 in
1077 1743 1131 1778 ed.
1171 1741 1255 1776 min.
1283 1754 1403 1777 rursus
1431 1743 1618 1780 damnavit.
1658 1743 1777 1779 Recte.

414 1811 506 1846 Nam
527 1808 713 1843 cohaerent
739 1808 915 1848 postrema
937 1805 1051 1839 ,verba
1073 1814 1152 1838 cnm
1175 1802 1379 1846 antegressis
1406 1801 1478 1846 ita,
1511 1807 1550 1838 ιιι
1571 1814 1699 1838 novum
1720 1805 1779 1843 In-

415 1866 566 1916 gurthae
587 1866 770 1902 consilium
791 1864 958 1899 Romanis
987 1875 1054 1899 non
1078 1866 1214 1907 praeter
1235 1861 1520 1906 exspectationem
1542 1858 1708 1900 accidisse
1729 1864 1778 1900 si—

415 1930 611 1976 gnificetur.
659 1927 780 1969 Quare
802 1928 840 1959 ut
863 1925 935 1959 vim
967 1923 1110 1968 copulae
1140 1923 1177 1957 h.
1199 1922 1225 1956 l.
1249 1916 1459 1956 illustremus
1481 1923 1550 1958 hac
1573 1925 1671 1960 nobis
1693 1937 1778 1969 opus

415 1994 470 2025 est
495 1986 828 2029 circumscriptione=
859 1985 939 2029 lug.
965 1984 1007 2018 de
1027 1983 1164 2027 integro
1186 1982 1317 2016 benum
1339 1982 1479 2025 sumit}
1499 1984 1603 2028 idque
1619 1987 1778 2028 suturam

416 2061 490 2084 esse
511 2059 582 2082 non
604 2046 824 2080 dubitaverat
846 2045 1002 2086 Senatus,
1026 2053 1131 2087 eoque
1154 2042 1196 2075 de
1218 2051 1316 2085 prov,
1340 2052 1432 2076 cons.
1477 2043 1679 2083 Numidiam
1701 2045 1778 2079 Me·-

415 2110 500 2145 tello
521 2109 741 2148 decreverat,
763 2104 889 2149 quippe
910 2114 1012 2147 quem
1034 2103 1147 2138 solum
1168 2101 1374 2146 Iugurtham
1392 2113 1555 2147 superare
1575 2114 1674 2148 posse
1696 2115 1778 2139 con-

416 2167 551 2204 fideret.

510 2240 634 2277 LXIII.
657 2240 690 2281 ἓ.
713 2238 747 2274 1.
794 2236 862 2271 Per
883 2237 974 2272 idem
997 2237 1142 2282 tempus]
1167 2237 1233 2270 Per
1254 2235 1517 2279 praepositionis
1538 2236 1578 2272 in
1597 2237 1778 2282 designan-

418 2304 463 2338 do
485 2306 639 2346 tempore
661 2309 739 2333 eam
762 2308 837 2332 esse
857 2300 1060 2342 potestatem
1083 2299 1176 2331 recte
1205 2295 1449 2331 animadvertit
1466 2296 1620 2339 eortius,
1651 2300 1690 2330 ut
1710 2308 1777 2331 non

418 2367 490 2398 tam
514 2364 610 2397 certa
630 2370 672 2395 ac
693 2357 826 2393 stabilis
847 2357 1011 2401 temporis
1039 2356 1212 2402 particula
1242 2366 1284 2390 ea
1305 2355 1502 2403 indicetur,
1524 2366 1628 2400 qaam
1651 2361 1778 2392 tractus

419 2423 560 2466 quidam
587 2419 752 2463 temporis
782 2418 901 2462 paullo
929 2417 1034 2452 latius
1064 2421 1183 2460 patens
1213 2426 1324 2459 neque
1344 2415 1470 2450 finibus
1494 2414 1530 2449 in
1553 2426 1657 2450 unum
1681 2416 1778 2460 quasi

418 2485 583 2527 punctum
607 2479 796 2521 coercitus,
820 2489 888 2522 quo
910 2488 1012 2512 sensu
1034 2477 1142 2510 etiam
1164 2476 1255 2510 circa
1276 2474 1484 2520 praepositio
1504 2478 1709 2519 usurpatur3
1731 2476 1776 2510 cf.

418 2541 510 2576 infra
531 2541 640 2584 LXX,
662 2540 696 2573 1.
714 2550 777 2584 per
797 2539 888 2572 idem
909 2543 1049 2582 tempus.
1074 2536 1194 2579 CXIV,
1213 2535 1247 2570 1.
1270 2535 1346 2570 Cat.
1370 2534 1559 2578 XXXVIII,
1577 2535 1612 2572 3.
1629 2547 1694 2580 per
1715 2536 1779 2570 illa

421 2607 590 2646 tempora.
612 2599 871 2635 Drakenborch.
894 2598 939 2632 ad
961 2597 1035 2632 Liv.
1064 2597 1184 2639 XXX,
1206 2595 1271 2637 38,
1294 2594 1327 2630 5.
1357 2605 1422 2639 per
1456 2606 1512 2628 eos
1533 2595 1616 2630 dieo.
1651 2595 1777 2637 XXIII,

419 2660 480 2703 21,
503 2660 536 2695 1.
560 2671 597 2694 v.
622 2657 836 2694 Boetticheri
858 2659 943 2693 Lex.
975 2656 1087 2692 Tacit.
1122 2667 1157 2691 v.
1185 2666 1268 2700 per,
1292 2657 1325 2698 §-
1347 2654 1382 2691 3.
1414 2666 1449 2698 p.
1469 2654 1551 2688 349.
1572 2658 1608 2688 et
1630 2655 1774 2699 Grysar.
1797 2671 1800 2675 ·

423 2721 497 2756 Art.
519 2719 644 2756 Latine
665 2718 835 2755 scribendi
857 2729 890 2762 p.
907 2714 976 2752 443
989 2728 1037 2761 sq.
1061 2719 1094 2760 §.
1117 2715 1151 2751 2.
1175 2734 1219 2741 —-
1243 2715 1310 2750 Per
1332 2714 1463 2750 hostias
1485 2714 1538 2750 din
1560 2714 1774 2759 supplicanti,
