1826 3276
403 177 487 220 580
759 169 804 212 G.
833 167 1160 213 SALLUSTI
1189 169 1411 215 GRISPI

407 289 465 334 de
497 272 735 345 improviso
770 283 1036 342 acciderant,
1075 285 1211 330 dubio
1246 291 1378 345 atque
1411 284 1652 332 haesitante
1685 288 1761 333 Iu-

368 410 396 448 7
407 381 583 444 gurtha,
619 381 858 424 incolumes
894 385 1128 425 transeunt.
1197 378 1372 425 Deinde
1404 381 1557 442 paucis
1594 383 1763 442 diebus,

406 492 495 537 quo
523 477 588 520 ire
621 475 907 531 intenderant,
942 467 1203 535 perventum
1238 481 1316 521 est.

543 570 702 616 CVIII.
739 571 808 617 lbi
837 585 938 614 cum
962 570 1148 615 Boccho
1174 569 1370 614 Numida
1395 569 1590 628 quidam,
1618 571 1766 631 Aspar

408 667 606 723 nomine,
649 666 833 710 multum
881 671 925 709 et
963 666 1232 710 familiariter
1271 666 1458 726 agebat,
1502 667 1766 726 praemissus

409 764 465 808 ab
516 761 752 823 Iugurtha,
810 766 1048 820 postquam
1093 761 1263 806 Sullam
1317 761 1506 806 accitum
1556 761 1767 818 andierat,
1810 810 1814 814 ,

409 926 621 970 Romano,
646 926 803 967 litteram
826 927 968 971 supple=
991 926 1082 971 apud
1106 937 1223 961 omnes
1245 926 1338 961 enim
1360 926 1465 961 Rom.
1491 918 1638 972 exigatis
1660 928 1768 961 erant.

408 988 533 1022 Tusce.
556 987 604 1030 11,
626 986 682 1029 27,
705 985 762 1020 65.
810 987 950 1028 Graeci,
969 986 1168 1031 prudentes,
1191 991 1238 1022 ut
1261 992 1329 1021 est
1354 991 1514 1031 captus
1536 986 1652 1020 homi
1659 997 1767 1030 nuru,

407 1047 492 1090 (non
523 1050 574 1081 est
605 1049 722 1080 autem
753 1048 919 1090 magnus)
949 1047 1046 1088 satis,
1079 1045 1141 1079 ubi
1171 1056 1206 1079 v.
1238 1047 1414 1088 Kuehnsr,
1443 1049 1478 1081 et
1506 1047 1549 1080 ml
1582 1046 1613 1087 1,
1643 1046 1678 1087 8,
1710 1045 1768 1082 15.

407 1117 442 1150 p.
472 1105 530 1142 59.
576 1106 675 1140 Brut.
708 1117 738 1138 c.
769 1106 804 1147 7,
832 1105 892 1140 27.
939 1106 1060 1150 Opinio
1093 1109 1142 1140 est
1173 1105 1378 1141 Clisthenem
1400 1106 1562 1147 multum,
1584 1109 1632 1140 ut
1655 1110 1769 1140 tem-

406 1165 600 1210 poribus
633 1165 756 1206 illis,
789 1165 938 1199 valuisse
969 1165 1122 1199 dicendo.
1154 1165 1231 1200 mv.
1263 1166 1328 1207 IV,
1359 1165 1424 1208 13,
1457 1165 1490 1198 1.
1547 1165 1695 1200 Maelius
1729 1178 1769 1201 en·

410 1225 558 1270 equestri
581 1225 722 1265 ordine,
751 1228 798 1258 ut
829 1225 934 1258 illis
965 1225 1266 1269 temporibus,
1295 1224 1487 1269 praedives.
1510 1224 1634 1267 xxw,
1656 1225 1713 1267 28,
1735 1227 1770 1263 1.

411 1284 630 1329 Apollonides
664 1284 852 1318 orationem
886 1285 1092 1327 salutarem,
1126 1289 1174 1320 ut
1204 1285 1250 1318 in
1279 1284 1373 1319 tali
1395 1286 1611 1328 tempore,
1638 1286 1769 1326 habuit.

411 1344 457 1378 cf.
492 1343 600 1377 etiam
631 1342 810 1377 Bromium
842 1344 885 1378 nd
915 1344 1000 1388 Nep.
1032 1346 1156 1387 Epam.
1185 1355 1215 1378 e.
1240 1344 1281 1385 V,
1304 1344 1338 1377 2.
1362 1344 1516 1388 Herzog.
1540 1344 1584 1377 nd
1606 1344 1702 1380 Caes.
1728 1346 1771 1382 Β.

412 1403 457 1438 G.
481 1402 539 1446 lv,
562 1401 596 1436 3.
620 1413 654 1445 p.
675 1401 757 1439 201.
779 1402 960 1437 Heindorf.
983 1403 1027 1437 ad
1050 1403 1137 1438 Hor.
1161 1403 1234 1438 Sat.
1256 1403 1286 1446 1,
1309 1402 1345 1445 6,
1367 1401 1425 1438 79.
1450 1403 1593 1446 Grysar.
1616 1407 1682 1438 art.
1704 1405 1770 1439 Lu-

412 1461 483 1495 tine
504 1459 675 1495 scribendi
697 1473 731 1504 p.
755 1460 833 1504 569,
857 1460 891 1496 4.
905 1488 913 1504 ,
946 1462 1006 1505 qui
1028 1474 1146 1497 omnes
1168 1466 1284 1497 tamen
1306 1472 1374 1496 non
1396 1461 1478 1496 satis
1501 1466 1662 1498 accurate
1682 1464 1772 1499 inter
1819 1476 1823 1479 ·

411 1523 598 1562 utrumque
621 1519 756 1553 (licendi
782 1520 924 1553 modum
955 1521 1189 1556 distinxerunt.
1246 1521 1364 1564 Quare
1386 1519 1529 1555 alterius
1550 1532 1686 1566 quoque
1707 1535 1772 1569 ge-

362 1581 369 1607 s
412 1580 515 1624 neris,
547 1579 645 1613 cuius
668 1578 758 1622 ratio
781 1590 824 1612 ex
844 1580 1059 1615 affirmativa
1079 1579 1245 1615 sententia
1266 1581 1401 1624 pendet,
1435 1591 1644 1624 apponemus
1665 1594 1772 1626 quae-

407 1640 493 1688 glam
517 1639 694 1682 exempla,
727 1638 790 1672 ubi
811 1643 849 1674 nt
871 1640 959 1675 duas
980 1651 1036 1674 res
1059 1643 1217 1683 respectu
1239 1640 1428 1698 praedicati
1449 1651 1548 1684 pares
1570 1652 1643 1676 esse
1664 1643 1772 1687 signi-

399 1694 506 1746 ·ficat.
537 1698 610 1733 Cic.
632 1698 757 1732 Tusce.
781 1698 817 1740 1,
845 1698 890 1741 8,
914 1698 972 1736 15.
1017 1701 1086 1734 Sed
1109 1704 1148 1735 tu
1175 1700 1260 1734 mihi
1282 1700 1408 1735 videris
1430 1700 1648 1744 Epicharmi,
1679 1703 1773 1737 acuti

413 1770 475 1794 nee
503 1758 624 1793 insulsi
653 1757 819 1798 hominis,
849 1763 897 1793 ut
929 1759 1092 1802 Siculi,
1130 1760 1333 1795 sententiam
1372 1760 1487 1804 sequa}
1525 1760 1549 1793 i.
1577 1771 1608 1795 e.
1638 1763 1774 1806 pariter

414 1818 518 1861 acuti,
541 1822 579 1852 ut
602 1828 716 1852 omnes
739 1817 846 1852 Siculi
871 1823 960 1854 sunt.
985 1819 1027 1853 de
1051 1819 1122 1854 off.
1144 1821 1207 1866 111,
1231 1819 1288 1861 14,
1311 1818 1367 1853 58.
1416 1819 1570 1863 Pythius,
1592 1821 1650 1865 qui
1672 1827 1770 1866 esset,

414 1883 463 1913 nt
494 1878 815 1923 argentarius,
847 1878 941 1923 apud
971 1880 1079 1914 omnis
1106 1881 1241 1914 ordines
1270 1879 1470 1924 gratiosus3
1498 1890 1615 1915 omnes
1643 1881 1773 1917 scilicet

413 1937 603 1981 argentarii
626 1936 772 1982 gratiosi
794 1941 881 1973 sunt.
903 1939 952 1972 Id.
976 1940 1020 1974 de
1042 1939 1138 1974 Orat.
1158 1940 1203 1983 Π,
1221 1939 1255 1983 1,
1279 1939 1313 1972 2.
1339 1939 1429 1981 Quos
1451 1943 1534 1982 tum,
1557 1945 1608 1974 ut
1625 1942 1777 1984 pueri,

416 1999 569 2039 refutare
593 1996 784 2031 domesticis
807 1999 947 2032 testibus
965 1999 1174 2040 solebamus,·
1204 2010 1322 2034 omnes
1344 1999 1437 2041 enim
1458 1998 1554 2042 pueri
1577 2000 1774 2035 domesticis

416 2056 559 2090 testibus
591 2058 744 2091 utuntur.
778 2056 856 2091 Liv.
887 2057 1012 2101 XXIX,
1045 2058 1080 2102 1,
1110 2058 1173 2092 221
1217 2059 1365 2103 Trepida
1387 2059 1511 2100 omnia,
1541 2063 1591 2093 ut
1611 2060 1773 2094 incon-

417 2115 565 2149 ditasn
589 2116 762 2150 turbam
782 2116 1002 2159 tironum,
1032 2129 1124 2158 esse,·
1155 2119 1216 2153 ubi
1247 2118 1547 2153 Drakenborchius
1570 2119 1670 2163 plura
1690 2131 1772 2154 eon-

415 2172 505 2207 tulit.
527 2192 572 2198 -
594 2174 708 2208 Verba
731 2186 772 2208 ac
795 2177 912 2211 statim
933 2178 1078 2221 profecti
1100 2177 1236 2213 eortius
1259 2179 1303 2213 ad
1325 2178 1442 2222 priora
1460 2179 1575 2221 refert,
1597 2179 1773 2223 semicolo,

415 2232 509 2276 quod
530 2235 607 2276 post
626 2235 772 2277 probata
796 2239 868 2278 est,
897 2237 968 2270 huc
988 2237 1213 2283 transposito,
1246 2249 1314 2282 quo
1345 2238 1448 2272 totius
1479 2238 1663 2273 sententiae
1684 2239 1773 2273 ratio

417 2294 453 2325 et
477 2291 688 2326 concinnitas
708 2295 925 2338 pervertitur,
949 2295 1115 2339 siquidem
1147 2297 1258 2331 oratio
1281 2307 1349 2331 non
1370 2297 1482 2331 solum
1503 2297 1620 2332 hiulca
1640 2298 1690 2340 fit,
1713 2299 1773 2333 sed

414 2352 561 2394 profecti
590 2351 695 2387 etiam
725 2353 798 2387 vim
831 2354 989 2398 primarii
1019 2355 1116 2389 verbi
1147 2356 1289 2400 accipit,
1323 2357 1368 2391 ab
1400 2356 1469 2390 loci
1489 2363 1588 2392 sensu
1609 2357 1770 2400 alienam.

417 2409 617 2445 Narrationi
649 2411 740 2447 enim
773 2413 815 2447 de
842 2425 881 2448 re
907 2415 1056 2459 probata
1089 2415 1288 2462 adiungitur
1318 2420 1467 2458 eventus,
1494 2416 1672 2451 interiecta
1691 2429 1774 2462 pro-

413 2469 574 2513 fectionis
595 2469 756 2516 notione,
787 2485 875 2517 quae
896 2474 1038 2508 minoris
1059 2473 1095 2508 in
1118 2475 1186 2509 hoc
1207 2476 1346 2522 negotio
1369 2475 1533 2510 momenti
1556 2479 1617 2511 est.
1639 2494 1684 2503 —
1706 2479 1773 2511 Ac-

419 2528 574 2562 eidemnt
605 2532 656 2563 est
683 2530 720 2564 in
750 2532 856 2567 Fabr.
888 2533 922 2567 1.
954 2534 1033 2568 Sen.
1056 2534 1092 2568 1.
1114 2534 1259 2580 Berger.
1284 2535 1401 2570 Struv.
1423 2536 1518 2572 Vrat.
1539 2535 1574 2569 2.
1599 2536 1713 2571 Gueif.
1737 2536 1772 2571 1.

419 2586 453 2621 3.
486 2586 520 2621 6.
548 2587 582 2621 9.
614 2588 671 2623 lo.
702 2590 759 2624 11.
790 2592 847 2626 12.
873 2593 987 2629 Man-k.
1018 2595 1061 2628 Γ.
1090 2593 1186 2629 Iaeid.
1217 2596 1262 2631 A.
1285 2596 1326 2629 F.
1349 2596 1396 2629 H.
1419 2596 1448 2630 1.
1471 2596 1516 2630 K.
1540 2596 1656 2630 Berol.
1679 2596 1714 2632 1.
1735 2596 1771 2631 2.

419 2644 523 2680 Misn.
554 2646 669 2681 Goerl-
713 2649 790 2684 Non
820 2653 968 2687 multum
998 2653 1043 2686 ab
1069 2663 1110 2687 eo
1140 2653 1214 2688 abit
1236 2655 1420 2698 acciderat,
1443 2655 1534 2699 quod
1554 2655 1648 2690 haud
1670 2655 1772 2699 'pauci

417 2703 544 2747 tenent,
565 2716 775 2752 quamquam
796 2708 912 2746 itaex
934 2711 1196 2758 interpolatione
1216 2713 1383 2759 scriptum
1403 2717 1457 2750 est
1474 2714 1522 2750 nb
1542 2713 1606 2758 iis,
1627 2713 1688 2758 qui
1709 2725 1770 2749 ac·
1798 2708 1810 2713 ⁸
