<?xml version="1.0" encoding="UTF-8"?>
<!DOCTYPE html PUBLIC "-//W3C//DTD XHTML 1.0 Transitional//EN"
    "http://www.w3.org/TR/xhtml1/DTD/xhtml1-transitional.dtd">
<html xmlns="http://www.w3.org/1999/xhtml" xml:lang="en" lang="en">
 <head>
  <title>
</title>
<meta http-equiv="Content-Type" content="text/html;charset=utf-8" />
  <meta name='ocr-system' content='tesseract 3.04.00' />
  <meta name='ocr-capabilities' content='ocr_page ocr_carea ocr_par ocr_line ocrx_word'/>
</head>
<body>
  <div class='ocr_page' id='page_1' title='image "./operaquaesupers02salluoft/operaquaesupers02salluoft_0294.png"; bbox 0 0 1826 3276; ppageno 0'>
   <div class='ocr_carea' id='block_1_1' title="bbox 385 151 1389 200">
    <p class='ocr_par' dir='ltr' id='par_1_1' title="bbox 385 151 1389 200">
     <span class='ocr_line' id='line_1_1' title="bbox 385 151 1389 200; baseline 0.004 -4"><span class='ocrx_word' id='word_1_1' title='bbox 385 155 468 196; x_wconf 75' lang='lat'>27²</span> <span class='ocrx_word' id='word_1_2' title='bbox 743 151 786 195; x_wconf 87' lang='lat' dir='ltr'><strong>G.</strong></span> <span class='ocrx_word' id='word_1_3' title='bbox 815 152 1131 196; x_wconf 65' lang='lat' dir='ltr'>SAL‘LUSTI</span> <span class='ocrx_word' id='word_1_4' title='bbox 1169 155 1389 200; x_wconf 86' lang='lat' dir='ltr'>GRISPI</span> 
     </span>
    </p>
   </div>
   <div class='ocr_carea' id='block_1_2' title="bbox 386 266 1744 814">
    <p class='ocr_par' dir='ltr' id='par_1_2' title="bbox 386 266 1744 814">
     <span class='ocr_line' id='line_1_2' title="bbox 386 266 1740 332; baseline 0.006 -23"><span class='ocrx_word' id='word_1_5' title='bbox 386 266 444 309; x_wconf 86' lang='lat' dir='ltr'>ad</span> <span class='ocrx_word' id='word_1_6' title='bbox 488 266 791 326; x_wconf 79' lang='lat' dir='ltr'><strong>proditionem</strong></span> <span class='ocrx_word' id='word_1_7' title='bbox 847 267 1031 311; x_wconf 84' lang='lat' dir='ltr'>domum</span> <span class='ocrx_word' id='word_1_8' title='bbox 1083 267 1360 324; x_wconf 70' lang='lat' dir='ltr'>dimittebatg</span> <span class='ocrx_word' id='word_1_9' title='bbox 1410 274 1507 332; x_wconf 85' lang='lat' dir='ltr'>regi</span> <span class='ocrx_word' id='word_1_10' title='bbox 1532 303 1535 308; x_wconf 89' lang='lat'><em>-</em></span> <span class='ocrx_word' id='word_1_11' title='bbox 1558 288 1740 332; x_wconf 86' lang='lat' dir='ltr'>pacem,</span> 
     </span>
     <span class='ocr_line' id='line_1_3' title="bbox 387 361 1743 425; baseline 0.006 -20"><span class='ocrx_word' id='word_1_12' title='bbox 387 376 520 418; x_wconf 88' lang='lat' dir='ltr'>quam</span> <span class='ocrx_word' id='word_1_13' title='bbox 554 361 831 419; x_wconf 83' lang='lat' dir='ltr'>postulabat,</span> <span class='ocrx_word' id='word_1_14' title='bbox 864 376 1008 419; x_wconf 89' lang='lat' dir='ltr'>neque</span> <span class='ocrx_word' id='word_1_15' title='bbox 1042 362 1233 407; x_wconf 82' lang='lat' dir='ltr'>abnuere</span> <span class='ocrx_word' id='word_1_16' title='bbox 1268 380 1410 422; x_wconf 88' lang='lat' dir='ltr'>neque</span> <span class='ocrx_word' id='word_1_17' title='bbox 1443 368 1664 425; x_wconf 80' lang='lat' dir='ltr'>polliceri,</span> <span class='ocrx_word' id='word_1_18' title='bbox 1699 374 1743 411; x_wconf 88' lang='lat' dir='ltr'>et</span> 
     </span>
     <span class='ocr_line' id='line_1_4' title="bbox 387 439 1626 521; baseline 0.006 -23"><span class='ocrx_word' id='word_1_19' title='bbox 387 458 495 499; x_wconf 86' lang='lat' dir='ltr'>inter</span> <span class='ocrx_word' id='word_1_20' title='bbox 530 471 602 499; x_wconf 88' lang='lat' dir='ltr'>eas</span> <span class='ocrx_word' id='word_1_21' title='bbox 637 471 783 500; x_wconf 75' lang='lat' dir='ltr'>moras</span> <span class='ocrx_word' id='word_1_22' title='bbox 817 439 1046 515; x_wconf 67' lang='lat' dir='ltr'>proniissas</span> <span class='ocrx_word' id='word_1_23' title='bbox 1069 458 1317 517; x_wconf 83' lang='lat' dir='ltr'>legatorum</span> <span class='ocrx_word' id='word_1_24' title='bbox 1358 467 1626 521; x_wconf 84' lang='lat' dir='ltr'>exspectare.</span> 
     </span>
     <span class='ocr_line' id='line_1_5' title="bbox 520 550 1743 610; baseline 0.006 -18"><span class='ocrx_word' id='word_1_25' title='bbox 520 550 723 594; x_wconf 88' lang='lat' dir='ltr'>XLVIII.</span> <span class='ocrx_word' id='word_1_26' title='bbox 786 550 1000 610; x_wconf 76' lang='lat' dir='ltr'><strong>Iugurtha</strong></span> <span class='ocrx_word' id='word_1_27' title='bbox 1026 552 1100 595; x_wconf 86' lang='lat' dir='ltr'>ubi</span> <span class='ocrx_word' id='word_1_28' title='bbox 1130 553 1301 597; x_wconf 79' lang='lat' dir='ltr'>Metelli</span> <span class='ocrx_word' id='word_1_29' title='bbox 1336 554 1454 600; x_wconf 87' lang='lat' dir='ltr'>dicta</span> <span class='ocrx_word' id='word_1_30' title='bbox 1487 570 1588 599; x_wconf 82' lang='lat' dir='ltr'>cum</span> <span class='ocrx_word' id='word_1_31' title='bbox 1619 556 1743 599; x_wconf 80' lang='lat' dir='ltr'>factis</span> 
     </span>
     <span class='ocr_line' id='line_1_6' title="bbox 390 643 1743 710; baseline 0.005 -23"><span class='ocrx_word' id='word_1_32' title='bbox 390 643 659 710; x_wconf 70' lang='lat' dir='ltr'>composuit,</span> <span class='ocrx_word' id='word_1_33' title='bbox 704 661 756 688; x_wconf 86' lang='lat' dir='ltr'>ac</span> <span class='ocrx_word' id='word_1_34' title='bbox 801 661 849 689; x_wconf 86' lang='lat' dir='ltr'>se</span> <span class='ocrx_word' id='word_1_35' title='bbox 891 646 976 690; x_wconf 84' lang='lat' dir='ltr'>suis</span> <span class='ocrx_word' id='word_1_36' title='bbox 1019 647 1180 690; x_wconf 81' lang='lat' dir='ltr'>artibus</span> <span class='ocrx_word' id='word_1_37' title='bbox 1225 650 1382 692; x_wconf 85' lang='lat' dir='ltr'>tentari</span> <span class='ocrx_word' id='word_1_38' title='bbox 1417 648 1743 702; x_wconf 72' lang='lat' dir='ltr'>anImadvortit3</span> 
     </span>
     <span class='ocr_line' id='line_1_7' title="bbox 388 740 1744 814; baseline 0.005 -32"><span class='ocrx_word' id='word_1_39' title='bbox 388 740 556 799; x_wconf 79' lang='lat' dir='ltr'>quippe</span> <span class='ocrx_word' id='word_1_40' title='bbox 594 740 662 783; x_wconf 89' lang='lat' dir='ltr'>cui</span> <span class='ocrx_word' id='word_1_41' title='bbox 698 740 843 784; x_wconf 82' lang='lat' dir='ltr'>verbis</span> <span class='ocrx_word' id='word_1_42' title='bbox 877 756 968 800; x_wconf 84' lang='lat' dir='ltr'>pax</span> <span class='ocrx_word' id='word_1_43' title='bbox 995 743 1304 799; x_wconf 82' lang='lat' dir='ltr'>nunciabatur,</span> <span class='ocrx_word' id='word_1_44' title='bbox 1340 750 1536 789; x_wconf 81' lang='lat' dir='ltr'>ceterum</span> <span class='ocrx_word' id='word_1_45' title='bbox 1564 761 1622 814; x_wconf 28' lang='lat' dir='ltr'>re*</span> <span class='ocrx_word' id='word_1_46' title='bbox 1646 745 1744 788; x_wconf 85' lang='lat' dir='ltr'>bel-</span> 
     </span>
    </p>
   </div>
   <div class='ocr_carea' id='block_1_3' title="bbox 388 836 1746 900">
    <p class='ocr_par' dir='ltr' id='par_1_3' title="bbox 388 836 1746 900">
     <span class='ocr_line' id='line_1_8' title="bbox 388 836 1746 900; baseline 0.003 -22"><span class='ocrx_word' id='word_1_47' title='bbox 388 836 480 879; x_wconf 90' lang='lat' dir='ltr'>lum</span> <span class='ocrx_word' id='word_1_48' title='bbox 515 850 820 895; x_wconf 84' lang='lat' dir='ltr'>asperrumum</span> <span class='ocrx_word' id='word_1_49' title='bbox 856 842 968 893; x_wconf 83' lang='lat' dir='ltr'>erat,</span> <span class='ocrx_word' id='word_1_50' title='bbox 1012 838 1114 881; x_wconf 83' lang='lat' dir='ltr'>urbs</span> <span class='ocrx_word' id='word_1_51' title='bbox 1150 854 1352 884; x_wconf 85' lang='lat' dir='ltr'>maxuma</span> <span class='ocrx_word' id='word_1_52' title='bbox 1385 841 1594 895; x_wconf 81' lang='lat' dir='ltr'>alienata,</span> <span class='ocrx_word' id='word_1_53' title='bbox 1636 855 1746 900; x_wconf 84' lang='lat' dir='ltr'>ager</span> 
     </span>
    </p>
   </div>
   <div class='ocr_carea' id='block_1_4' title="bbox 383 967 1748 2030">
    <p class='ocr_par' dir='ltr' id='par_1_4' title="bbox 383 967 1748 2030">
     <span class='ocr_line' id='line_1_9' title="bbox 386 967 1746 1013; baseline 0.003 -13"><span class='ocrx_word' id='word_1_54' title='bbox 386 967 531 1009; x_wconf 68' lang='lat' dir='ltr'>sichem,</span> <span class='ocrx_word' id='word_1_55' title='bbox 551 967 691 1012; x_wconf 43' lang='lat' dir='ltr'>,gichen</span> <span class='ocrx_word' id='word_1_56' title='bbox 716 969 856 1012; x_wconf 80' lang='lat' dir='ltr'>Zusage</span> <span class='ocrx_word' id='word_1_57' title='bbox 871 968 992 1012; x_wconf 80' lang='lat' dir='ltr'>geben,</span> <span class='ocrx_word' id='word_1_58' title='bbox 1017 969 1047 1003; x_wconf 80' lang='lat' dir='ltr'>si</span> <span class='ocrx_word' id='word_1_59' title='bbox 1066 971 1218 1013; x_wconf 73' lang='lat' dir='ltr'>polliceri</span> <span class='ocrx_word' id='word_1_60' title='bbox 1240 971 1347 1005; x_wconf 83' lang='lat' dir='ltr'>verbo</span> <span class='ocrx_word' id='word_1_61' title='bbox 1368 972 1530 1006; x_wconf 73' lang='lat' dir='ltr'>vertendo</span> <span class='ocrx_word' id='word_1_62' title='bbox 1551 971 1746 1011; x_wconf 74' lang='lat' dir='ltr'>adhibetur,</span> 
     </span>
     <span class='ocr_line' id='line_1_10' title="bbox 387 1026 1745 1076; baseline 0.001 -15"><span class='ocrx_word' id='word_1_63' title='bbox 387 1028 446 1061; x_wconf 82' lang='lat' dir='ltr'>sed</span> <span class='ocrx_word' id='word_1_64' title='bbox 475 1028 710 1061; x_wconf 84' lang='lat' dir='ltr'>tantummodo</span> <span class='ocrx_word' id='word_1_65' title='bbox 742 1028 859 1061; x_wconf 85' lang='lat' dir='ltr'>valeat</span> <span class='ocrx_word' id='word_1_66' title='bbox 888 1029 1098 1070; x_wconf 75' lang='lat' dir='ltr'>verheissen,</span> <span class='ocrx_word' id='word_1_67' title='bbox 1134 1026 1291 1064; x_wconf 71' lang='lat' dir='ltr'>Auseich&#39;t</span> <span class='ocrx_word' id='word_1_68' title='bbox 1321 1034 1390 1074; x_wconf 80' lang='lat' dir='ltr'>aus</span> <span class='ocrx_word' id='word_1_69' title='bbox 1415 1028 1519 1065; x_wconf 51' lang='lat' dir='ltr'>etwas</span> <span class='ocrx_word' id='word_1_70' title='bbox 1551 1031 1745 1076; x_wconf 68' lang='lat' dir='ltr'>gemilu-en,</span> 
     </span>
     <span class='ocr_line' id='line_1_11' title="bbox 387 1087 1746 1134; baseline 0.001 -14"><span class='ocrx_word' id='word_1_71' title='bbox 387 1088 569 1132; x_wconf 82' lang='lat' dir='ltr'>Hoffnung</span> <span class='ocrx_word' id='word_1_72' title='bbox 601 1088 766 1129; x_wconf 78' lang='lat' dir='ltr'>macheu,</span> <span class='ocrx_word' id='word_1_73' title='bbox 798 1087 828 1122; x_wconf 76' lang='lat' dir='ltr'>si</span> <span class='ocrx_word' id='word_1_74' title='bbox 857 1089 1054 1132; x_wconf 73' lang='lat' dir='ltr'>promittere</span> <span class='ocrx_word' id='word_1_75' title='bbox 1087 1090 1259 1123; x_wconf 82' lang='lat' dir='ltr'>vocabulo</span> <span class='ocrx_word' id='word_1_76' title='bbox 1291 1090 1482 1134; x_wconf 75' lang='lat' dir='ltr'>respondet.</span> <span class='ocrx_word' id='word_1_77' title='bbox 1531 1090 1684 1125; x_wconf 65' lang='lat' dir='ltr'>Pollicen&#39;</span> <span class='ocrx_word' id='word_1_78' title='bbox 1712 1094 1746 1123; x_wconf 84' lang='lat' dir='ltr'>et</span> 
     </span>
     <span class='ocr_line' id='line_1_12' title="bbox 383 1147 1746 1193; baseline 0.001 -13"><span class='ocrx_word' id='word_1_79' title='bbox 383 1147 571 1192; x_wconf 76' lang='lat' dir='ltr'>pollicitari</span> <span class='ocrx_word' id='word_1_80' title='bbox 593 1147 774 1180; x_wconf 86' lang='lat' dir='ltr'>verborum</span> <span class='ocrx_word' id='word_1_81' title='bbox 798 1147 886 1182; x_wconf 83' lang='lat' dir='ltr'>haec</span> <span class='ocrx_word' id='word_1_82' title='bbox 907 1151 985 1182; x_wconf 76' lang='lat' dir='ltr'>eunt</span> <span class='ocrx_word' id='word_1_83' title='bbox 1003 1149 1161 1192; x_wconf 86' lang='lat' dir='ltr'>exempla</span> <span class='ocrx_word' id='word_1_84' title='bbox 1181 1151 1272 1193; x_wconf 88' lang='lat' dir='ltr'>apud</span> <span class='ocrx_word' id='word_1_85' title='bbox 1289 1150 1508 1186; x_wconf 73' lang='lat' dir='ltr'>SallustIum:</span> <span class='ocrx_word' id='word_1_86' title='bbox 1530 1149 1632 1184; x_wconf 70' lang='lat' dir='ltr'>Cutil.</span> <span class='ocrx_word' id='word_1_87' title='bbox 1650 1149 1746 1190; x_wconf 82' lang='lat' dir='ltr'>XXI,</span> 
     </span>
     <span class='ocr_line' id='line_1_13' title="bbox 387 1207 1744 1253; baseline 0.002 -13"><span class='ocrx_word' id='word_1_88' title='bbox 387 1207 421 1241; x_wconf 81' lang='lat'><strong>2.</strong></span> <span class='ocrx_word' id='word_1_89' title='bbox 445 1207 570 1248; x_wconf 91' lang='lat' dir='ltr'>XXIII,</span> <span class='ocrx_word' id='word_1_90' title='bbox 595 1207 629 1240; x_wconf 85' lang='lat'><strong>2.</strong></span> <span class='ocrx_word' id='word_1_91' title='bbox 652 1207 775 1248; x_wconf 92' lang='lat' dir='ltr'>XXVI,</span> <span class='ocrx_word' id='word_1_92' title='bbox 796 1207 829 1241; x_wconf 83' lang='lat'><strong>3.</strong></span> <span class='ocrx_word' id='word_1_93' title='bbox 854 1208 1007 1248; x_wconf 79' lang='lat' dir='ltr'>XXVIII,</span> <span class='ocrx_word' id='word_1_94' title='bbox 1032 1209 1064 1242; x_wconf 93' lang='lat' dir='ltr'><strong>l.</strong></span> <span class='ocrx_word' id='word_1_95' title='bbox 1090 1210 1278 1251; x_wconf 84' lang='lat' dir='ltr'>XXXVIII,</span> <span class='ocrx_word' id='word_1_96' title='bbox 1298 1210 1331 1244; x_wconf 93' lang='lat'><strong>1.</strong></span> <span class='ocrx_word' id='word_1_97' title='bbox 1355 1211 1428 1251; x_wconf 93' lang='lat' dir='ltr'>XL,</span> <span class='ocrx_word' id='word_1_98' title='bbox 1449 1210 1484 1244; x_wconf 82' lang='lat'><strong>6.</strong></span> <span class='ocrx_word' id='word_1_99' title='bbox 1508 1207 1647 1250; x_wconf 73' lang='lat' dir='ltr'>XLI‚·5.</span> <span class='ocrx_word' id='word_1_100' title='bbox 1666 1209 1744 1253; x_wconf 82' lang='lat' dir='ltr'><strong>lug.</strong></span> 
     </span>
     <span class='ocr_line' id='line_1_14' title="bbox 388 1266 1747 1312; baseline 0.003 -12"><span class='ocrx_word' id='word_1_101' title='bbox 388 1267 475 1306; x_wconf 90' lang='lat' dir='ltr'>Vlll,</span> <span class='ocrx_word' id='word_1_102' title='bbox 499 1267 530 1300; x_wconf 90' lang='lat'><strong>1.</strong></span> <span class='ocrx_word' id='word_1_103' title='bbox 554 1267 644 1308; x_wconf 88' lang='lat' dir='ltr'>XVI,</span> <span class='ocrx_word' id='word_1_104' title='bbox 668 1266 703 1300; x_wconf 83' lang='lat'><strong>3.</strong></span> <span class='ocrx_word' id='word_1_105' title='bbox 728 1267 853 1309; x_wconf 87' lang='lat' dir='ltr'>XXIII,</span> <span class='ocrx_word' id='word_1_106' title='bbox 875 1267 908 1301; x_wconf 84' lang='lat'><strong>2.</strong></span> <span class='ocrx_word' id='word_1_107' title='bbox 933 1268 1097 1310; x_wconf 87' lang='lat' dir='ltr'>XXXVI,</span> <span class='ocrx_word' id='word_1_108' title='bbox 1119 1269 1154 1304; x_wconf 79' lang='lat'><strong>2.</strong></span> <span class='ocrx_word' id='word_1_109' title='bbox 1178 1269 1308 1312; x_wconf 85' lang='lat' dir='ltr'>XLIX,</span> <span class='ocrx_word' id='word_1_110' title='bbox 1330 1269 1363 1303; x_wconf 80' lang='lat'><strong>4.</strong></span> <span class='ocrx_word' id='word_1_111' title='bbox 1387 1269 1480 1310; x_wconf 84' lang='lat' dir='ltr'>LVI,</span> <span class='ocrx_word' id='word_1_112' title='bbox 1502 1269 1537 1303; x_wconf 78' lang='lat'><strong>2.</strong></span> <span class='ocrx_word' id='word_1_113' title='bbox 1559 1269 1687 1310; x_wconf 80' lang='lat' dir='ltr'>XCIII,</span> <span class='ocrx_word' id='word_1_114' title='bbox 1711 1267 1747 1311; x_wconf 64' lang='lat' dir='ltr'><strong>Q.</strong></span> 
     </span>
     <span class='ocr_line' id='line_1_15' title="bbox 388 1325 1747 1372; baseline 0.001 -11"><span class='ocrx_word' id='word_1_115' title='bbox 388 1328 525 1368; x_wconf 81' lang='lat' dir='ltr'>XCVII,</span> <span class='ocrx_word' id='word_1_116' title='bbox 540 1327 574 1360; x_wconf 84' lang='lat'><strong>2.</strong></span> <span class='ocrx_word' id='word_1_117' title='bbox 593 1327 681 1360; x_wconf 78' lang='lat'><strong>0111.</strong></span> <span class='ocrx_word' id='word_1_118' title='bbox 701 1325 734 1362; x_wconf 78' lang='lat'><strong>⁷.</strong></span> <span class='ocrx_word' id='word_1_119' title='bbox 757 1327 844 1367; x_wconf 89' lang='lat' dir='ltr'>CXI,</span> <span class='ocrx_word' id='word_1_120' title='bbox 864 1327 896 1359; x_wconf 92' lang='lat'><strong>1.</strong></span> <span class='ocrx_word' id='word_1_121' title='bbox 936 1327 1139 1362; x_wconf 78' lang='lat' dir='ltr'>Promittere</span> <span class='ocrx_word' id='word_1_122' title='bbox 1161 1327 1288 1372; x_wconf 81' lang='lat' dir='ltr'>legitur</span> <span class='ocrx_word' id='word_1_123' title='bbox 1311 1328 1388 1372; x_wconf 80' lang='lat' dir='ltr'>lug.</span> <span class='ocrx_word' id='word_1_124' title='bbox 1405 1328 1541 1370; x_wconf 84' lang='lat' dir='ltr'>XLVII,</span> <span class='ocrx_word' id='word_1_125' title='bbox 1558 1326 1747 1369; x_wconf 55' lang='lat' dir='ltr'>ffi&#39;LXXX,</span> 
     </span>
     <span class='ocr_line' id='line_1_16' title="bbox 386 1386 1746 1432; baseline 0.001 -11"><span class='ocrx_word' id='word_1_126' title='bbox 386 1387 421 1423; x_wconf 77' lang='lat'><strong>3.</strong></span> <span class='ocrx_word' id='word_1_127' title='bbox 445 1387 542 1429; x_wconf 85' lang='lat' dir='ltr'>CXI,</span> <span class='ocrx_word' id='word_1_128' title='bbox 565 1386 600 1420; x_wconf 81' lang='lat'><strong>3.</strong></span> <span class='ocrx_word' id='word_1_129' title='bbox 623 1386 755 1426; x_wconf 87' lang='lat' dir='ltr'>CXIII,</span> <span class='ocrx_word' id='word_1_130' title='bbox 790 1386 822 1419; x_wconf 96' lang='grc'><strong>1.</strong></span> <span class='ocrx_word' id='word_1_131' title='bbox 863 1386 1003 1429; x_wconf 70' lang='grc' dir='ltr'><strong>Οιιίὺυε</strong></span> <span class='ocrx_word' id='word_1_132' title='bbox 1026 1387 1114 1421; x_wconf 86' lang='lat' dir='ltr'>inter</span> <span class='ocrx_word' id='word_1_133' title='bbox 1137 1399 1172 1421; x_wconf 73' lang='lat' dir='ltr'>ee</span> <span class='ocrx_word' id='word_1_134' title='bbox 1195 1388 1330 1421; x_wconf 73' lang='lat' dir='ltr'>collatis</span> <span class='ocrx_word' id='word_1_135' title='bbox 1353 1387 1455 1422; x_wconf 80' lang='lat' dir='ltr'>facile</span> <span class='ocrx_word' id='word_1_136' title='bbox 1476 1392 1572 1432; x_wconf 80' lang='lat' dir='ltr'>patet</span> <span class='ocrx_word' id='word_1_137' title='bbox 1594 1389 1746 1432; x_wconf 82' lang='lat' dir='ltr'>plerum-</span> 
     </span>
     <span class='ocr_line' id='line_1_17' title="bbox 387 1445 1746 1492; baseline 0.002 -12"><span class='ocrx_word' id='word_1_138' title='bbox 387 1458 454 1490; x_wconf 82' lang='lat' dir='ltr'>que</span> <span class='ocrx_word' id='word_1_139' title='bbox 486 1457 527 1479; x_wconf 84' lang='lat' dir='ltr'>ex</span> <span class='ocrx_word' id='word_1_140' title='bbox 564 1445 709 1479; x_wconf 80' lang='lat' dir='ltr'>arbitrio</span> <span class='ocrx_word' id='word_1_141' title='bbox 740 1445 882 1479; x_wconf 76' lang='lat' dir='ltr'>dicentis</span> <span class='ocrx_word' id='word_1_142' title='bbox 917 1447 1083 1489; x_wconf 89' lang='lat' dir='ltr'>pendere,</span> <span class='ocrx_word' id='word_1_143' title='bbox 1114 1452 1230 1482; x_wconf 88' lang='lat' dir='ltr'>utrum</span> <span class='ocrx_word' id='word_1_144' title='bbox 1252 1447 1452 1492; x_wconf 82' lang='lat' dir='ltr'>graviorem</span> <span class='ocrx_word' id='word_1_145' title='bbox 1469 1472 1480 1492; x_wconf 90' lang='lat'>,</span> <span class='ocrx_word' id='word_1_146' title='bbox 1511 1459 1558 1483; x_wconf 88' lang='lat' dir='ltr'>an</span> <span class='ocrx_word' id='word_1_147' title='bbox 1580 1447 1746 1483; x_wconf 75' lang='lat' dir='ltr'>leniorem</span> 
     </span>
     <span class='ocr_line' id='line_1_18' title="bbox 387 1502 1746 1551; baseline 0.002 -12"><span class='ocrx_word' id='word_1_148' title='bbox 387 1505 574 1546; x_wconf 79' lang='lat' dir='ltr'>voluntatis</span> <span class='ocrx_word' id='word_1_149' title='bbox 601 1504 828 1539; x_wconf 78' lang='lat' dir='ltr'>declarandae</span> <span class='ocrx_word' id='word_1_150' title='bbox 860 1507 1000 1540; x_wconf 88' lang='lat' dir='ltr'>modum</span> <span class='ocrx_word' id='word_1_151' title='bbox 1030 1507 1263 1542; x_wconf 84' lang='lat' dir='ltr'>adhibendum</span> <span class='ocrx_word' id='word_1_152' title='bbox 1285 1511 1398 1551; x_wconf 58' lang='lat' dir='ltr'>putet,</span> <span class='ocrx_word' id='word_1_153' title='bbox 1429 1507 1458 1541; x_wconf 80' lang='lat' dir='ltr'>si</span> <span class='ocrx_word' id='word_1_154' title='bbox 1481 1502 1558 1551; x_wconf 80' lang='lat' dir='ltr'>quie</span> <span class='ocrx_word' id='word_1_155' title='bbox 1579 1518 1662 1542; x_wconf 86' lang='lat' dir='ltr'>vero</span> <span class='ocrx_word' id='word_1_156' title='bbox 1682 1518 1746 1542; x_wconf 72' lang='lat' dir='ltr'>sua</span> 
     </span>
     <span class='ocr_line' id='line_1_19' title="bbox 386 1563 1747 1612; baseline 0.002 -13"><span class='ocrx_word' id='word_1_157' title='bbox 386 1568 507 1609; x_wconf 82' lang='lat' dir='ltr'>sponte</span> <span class='ocrx_word' id='word_1_158' title='bbox 528 1563 659 1609; x_wconf 86' lang='lat' dir='ltr'>aliquid</span> <span class='ocrx_word' id='word_1_159' title='bbox 681 1564 827 1606; x_wconf 78' lang='lat' dir='ltr'>offerat,</span> <span class='ocrx_word' id='word_1_160' title='bbox 853 1569 914 1598; x_wconf 82' lang='lat' dir='ltr'>aut</span> <span class='ocrx_word' id='word_1_161' title='bbox 939 1565 974 1600; x_wconf 88' lang='lat' dir='ltr'>id</span> <span class='ocrx_word' id='word_1_162' title='bbox 998 1571 1102 1611; x_wconf 78' lang='lat' dir='ltr'>agat,</span> <span class='ocrx_word' id='word_1_163' title='bbox 1127 1571 1163 1602; x_wconf 87' lang='lat' dir='ltr'>ut</span> <span class='ocrx_word' id='word_1_164' title='bbox 1186 1567 1285 1611; x_wconf 77' lang='lat' dir='ltr'>quasi</span> <span class='ocrx_word' id='word_1_165' title='bbox 1308 1567 1464 1611; x_wconf 85' lang='lat' dir='ltr'>praemio</span> <span class='ocrx_word' id='word_1_166' title='bbox 1486 1567 1659 1612; x_wconf 71' lang='lat' dir='ltr'>proposito</span> <span class='ocrx_word' id='word_1_167' title='bbox 1680 1567 1747 1602; x_wconf 86' lang='lat' dir='ltr'>ali—</span> 
     </span>
     <span class='ocr_line' id='line_1_20' title="bbox 387 1624 1747 1671; baseline 0.002 -13"><span class='ocrx_word' id='word_1_168' title='bbox 387 1636 492 1669; x_wconf 82' lang='lat' dir='ltr'>quem</span> <span class='ocrx_word' id='word_1_169' title='bbox 515 1624 550 1658; x_wconf 89' lang='lat' dir='ltr'>in</span> <span class='ocrx_word' id='word_1_170' title='bbox 573 1634 652 1658; x_wconf 81' lang='lat' dir='ltr'>suas</span> <span class='ocrx_word' id='word_1_171' title='bbox 674 1628 788 1668; x_wconf 81' lang='lat' dir='ltr'>partes</span> <span class='ocrx_word' id='word_1_172' title='bbox 811 1625 990 1670; x_wconf 81' lang='lat' dir='ltr'>traducat,</span> <span class='ocrx_word' id='word_1_173' title='bbox 1021 1630 1083 1661; x_wconf 86' lang='lat' dir='ltr'>aut</span> <span class='ocrx_word' id='word_1_174' title='bbox 1115 1628 1159 1661; x_wconf 84' lang='lat' dir='ltr'>ad</span> <span class='ocrx_word' id='word_1_175' title='bbox 1190 1638 1264 1661; x_wconf 87' lang='lat' dir='ltr'>rem</span> <span class='ocrx_word' id='word_1_176' title='bbox 1286 1636 1452 1671; x_wconf 80' lang='lat' dir='ltr'>magnam</span> <span class='ocrx_word' id='word_1_177' title='bbox 1474 1627 1649 1671; x_wconf 81' lang='lat' dir='ltr'>impellat,</span> <span class='ocrx_word' id='word_1_178' title='bbox 1678 1637 1747 1661; x_wconf 84' lang='lat' dir='ltr'>non</span> 
     </span>
     <span class='ocr_line' id='line_1_21' title="bbox 387 1684 1590 1731; baseline 0 -11"><span class='ocrx_word' id='word_1_179' title='bbox 387 1685 518 1720; x_wconf 85' lang='lat' dir='ltr'>mirum</span> <span class='ocrx_word' id='word_1_180' title='bbox 539 1695 614 1718; x_wconf 78' lang='lat' dir='ltr'>esse</span> <span class='ocrx_word' id='word_1_181' title='bbox 635 1684 665 1718; x_wconf 76' lang='lat' dir='ltr'>ai</span> <span class='ocrx_word' id='word_1_182' title='bbox 686 1684 891 1718; x_wconf 73' lang='lat' dir='ltr'>efficacioris</span> <span class='ocrx_word' id='word_1_183' title='bbox 915 1696 1032 1720; x_wconf 78' lang='lat' dir='ltr'>semus</span> <span class='ocrx_word' id='word_1_184' title='bbox 1056 1687 1199 1720; x_wconf 87' lang='lat' dir='ltr'>verbum</span> <span class='ocrx_word' id='word_1_185' title='bbox 1219 1687 1373 1731; x_wconf 75' lang='lat' dir='ltr'>polliceri</span> <span class='ocrx_word' id='word_1_186' title='bbox 1397 1691 1590 1730; x_wconf 69' lang='lat' dir='ltr'>usurpetur.</span> 
     </span>
     <span class='ocr_line' id='line_1_22' title="bbox 477 1737 1745 1790; baseline 0.001 -12"><span class='ocrx_word' id='word_1_187' title='bbox 477 1737 631 1779; x_wconf 83' lang='lat' dir='ltr'>XLVIII.</span> <span class='ocrx_word' id='word_1_188' title='bbox 646 1745 678 1786; x_wconf 70' lang='grc' dir='ltr'><strong>ἓ.</strong></span> <span class='ocrx_word' id='word_1_189' title='bbox 699 1744 732 1778; x_wconf 94' lang='grc'><strong>1.</strong></span> <span class='ocrx_word' id='word_1_190' title='bbox 746 1749 779 1778; x_wconf 91' lang='lat' dir='ltr'>et</span> <span class='ocrx_word' id='word_1_191' title='bbox 795 1744 831 1780; x_wconf 79' lang='lat'><strong>2.</strong></span> <span class='ocrx_word' id='word_1_192' title='bbox 877 1756 919 1779; x_wconf 81' lang='lat' dir='ltr'>ac</span> <span class='ocrx_word' id='word_1_193' title='bbox 941 1757 977 1780; x_wconf 80' lang='lat' dir='ltr'>se</span> <span class='ocrx_word' id='word_1_194' title='bbox 997 1747 1067 1781; x_wconf 77' lang='lat' dir='ltr'>suis</span> <span class='ocrx_word' id='word_1_195' title='bbox 1090 1747 1235 1790; x_wconf 75' lang='lat' dir='ltr'>artibus]</span> <span class='ocrx_word' id='word_1_196' title='bbox 1261 1747 1298 1779; x_wconf 91' lang='lat' dir='ltr'>In</span> <span class='ocrx_word' id='word_1_197' title='bbox 1321 1746 1493 1780; x_wconf 76' lang='lat' dir='ltr'>nonnullis</span> <span class='ocrx_word' id='word_1_198' title='bbox 1509 1745 1618 1781; x_wconf 79' lang='lat' dir='ltr'>Cottii</span> <span class='ocrx_word' id='word_1_199' title='bbox 1636 1745 1745 1788; x_wconf 65' lang='lat' dir='ltr'>codd„</span> 
     </span>
     <span class='ocr_line' id='line_1_23' title="bbox 389 1804 1747 1850; baseline -0.001 -10"><span class='ocrx_word' id='word_1_200' title='bbox 389 1817 474 1850; x_wconf 76' lang='lat' dir='ltr'>quon</span> <span class='ocrx_word' id='word_1_201' title='bbox 500 1805 559 1838; x_wconf 89' lang='lat' dir='ltr'>ille</span> <span class='ocrx_word' id='word_1_202' title='bbox 590 1809 706 1839; x_wconf 84' lang='lat' dir='ltr'>tamen</span> <span class='ocrx_word' id='word_1_203' title='bbox 737 1815 805 1838; x_wconf 87' lang='lat' dir='ltr'>non</span> <span class='ocrx_word' id='word_1_204' title='bbox 835 1804 1010 1848; x_wconf 76' lang='lat' dir='ltr'>nominat,</span> <span class='ocrx_word' id='word_1_205' title='bbox 1047 1810 1085 1840; x_wconf 82' lang='lat' dir='ltr'>ut</span> <span class='ocrx_word' id='word_1_206' title='bbox 1113 1806 1218 1841; x_wconf 80' lang='lat' dir='ltr'>etiam</span> <span class='ocrx_word' id='word_1_207' title='bbox 1247 1805 1283 1840; x_wconf 83' lang='lat' dir='ltr'>in</span> <span class='ocrx_word' id='word_1_208' title='bbox 1316 1806 1435 1850; x_wconf 74' lang='lat' dir='ltr'>paucis</span> <span class='ocrx_word' id='word_1_209' title='bbox 1455 1810 1536 1841; x_wconf 87' lang='lat' dir='ltr'>anto</span> <span class='ocrx_word' id='word_1_210' title='bbox 1559 1806 1747 1840; x_wconf 76' lang='lat' dir='ltr'>Gruterum</span> 
     </span>
     <span class='ocr_line' id='line_1_24' title="bbox 390 1864 1748 1910; baseline -0.001 -10"><span class='ocrx_word' id='word_1_211' title='bbox 390 1865 526 1900; x_wconf 79' lang='lat' dir='ltr'>collatis</span> <span class='ocrx_word' id='word_1_212' title='bbox 547 1869 582 1899; x_wconf 84' lang='lat' dir='ltr'>et</span> <span class='ocrx_word' id='word_1_213' title='bbox 603 1864 714 1898; x_wconf 78' lang='lat' dir='ltr'>Paris.</span> <span class='ocrx_word' id='word_1_214' title='bbox 729 1865 763 1898; x_wconf 86' lang='lat' dir='ltr'><strong>b.</strong></span> <span class='ocrx_word' id='word_1_215' title='bbox 786 1865 920 1899; x_wconf 78' lang='lat' dir='ltr'>inverso</span> <span class='ocrx_word' id='word_1_216' title='bbox 942 1864 1061 1899; x_wconf 84' lang='lat' dir='ltr'>ordine</span> <span class='ocrx_word' id='word_1_217' title='bbox 1083 1865 1231 1910; x_wconf 75' lang='lat' dir='ltr'>legitur:</span> <span class='ocrx_word' id='word_1_218' title='bbox 1265 1877 1306 1900; x_wconf 83' lang='lat' dir='ltr'>ac</span> <span class='ocrx_word' id='word_1_219' title='bbox 1329 1867 1399 1902; x_wconf 68' lang='lat' dir='ltr'>uuis</span> <span class='ocrx_word' id='word_1_220' title='bbox 1419 1877 1456 1900; x_wconf 75' lang='lat' dir='ltr'>ee</span> <span class='ocrx_word' id='word_1_221' title='bbox 1479 1867 1628 1907; x_wconf 75' lang='lat' dir='ltr'>artibue,</span> <span class='ocrx_word' id='word_1_222' title='bbox 1657 1875 1748 1909; x_wconf 78' lang='lat' dir='ltr'>quae</span> 
     </span>
     <span class='ocr_line' id='line_1_25' title="bbox 388 1924 1748 1971; baseline 0.001 -12"><span class='ocrx_word' id='word_1_223' title='bbox 388 1925 574 1960; x_wconf 80' lang='lat' dir='ltr'>verborum</span> <span class='ocrx_word' id='word_1_224' title='bbox 606 1924 788 1959; x_wconf 85' lang='lat' dir='ltr'>collocatio</span> <span class='ocrx_word' id='word_1_225' title='bbox 818 1926 929 1959; x_wconf 82' lang='lat' dir='ltr'>multo</span> <span class='ocrx_word' id='word_1_226' title='bbox 959 1925 1074 1970; x_wconf 83' lang='lat' dir='ltr'>magis</span> <span class='ocrx_word' id='word_1_227' title='bbox 1102 1937 1206 1969; x_wconf 88' lang='lat' dir='ltr'>quam</span> <span class='ocrx_word' id='word_1_228' title='bbox 1236 1927 1382 1971; x_wconf 80' lang='lat' dir='ltr'>vulgata</span> <span class='ocrx_word' id='word_1_229' title='bbox 1413 1926 1573 1960; x_wconf 82' lang='lat' dir='ltr'>Latinum</span> <span class='ocrx_word' id='word_1_230' title='bbox 1595 1926 1748 1960; x_wconf 79' lang='lat' dir='ltr'>colorem</span> 
     </span>
     <span class='ocr_line' id='line_1_26' title="bbox 389 1984 1748 2030; baseline -0.001 -11"><span class='ocrx_word' id='word_1_231' title='bbox 389 1985 520 2025; x_wconf 76' lang='lat' dir='ltr'>refert3</span> <span class='ocrx_word' id='word_1_232' title='bbox 553 1995 586 2017; x_wconf 81' lang='lat' dir='ltr'><strong>v.</strong></span> <span class='ocrx_word' id='word_1_233' title='bbox 610 1994 699 2027; x_wconf 86' lang='lat' dir='ltr'>quae</span> <span class='ocrx_word' id='word_1_234' title='bbox 731 1984 773 2018; x_wconf 84' lang='lat' dir='ltr'>de</span> <span class='ocrx_word' id='word_1_235' title='bbox 795 1986 873 2030; x_wconf 83' lang='lat' dir='ltr'>lege</span> <span class='ocrx_word' id='word_1_236' title='bbox 895 1985 1107 2029; x_wconf 68' lang='lat' dir='ltr'>pronominis</span> <span class='ocrx_word' id='word_1_237' title='bbox 1128 1985 1316 2029; x_wconf 75' lang='lat' dir='ltr'>personalis</span> <span class='ocrx_word' id='word_1_238' title='bbox 1346 1985 1537 2020; x_wconf 85' lang='lat' dir='ltr'>collocandi</span> <span class='ocrx_word' id='word_1_239' title='bbox 1559 1985 1748 2029; x_wconf 68' lang='lat' dir='ltr'>disputavi-</span> 
     </span>
    </p>
   </div>
   <div class='ocr_carea' id='block_1_5' title="bbox 390 2035 1815 2089">
    <p class='ocr_par' dir='ltr' id='par_1_5' title="bbox 390 2035 1815 2089">
     <span class='ocr_line' id='line_1_27' title="bbox 390 2035 1815 2089; baseline -0.001 -10"><span class='ocrx_word' id='word_1_240' title='bbox 390 2056 468 2080; x_wconf 76' lang='lat' dir='ltr'>mus</span> <span class='ocrx_word' id='word_1_241' title='bbox 491 2043 534 2079; x_wconf 82' lang='lat' dir='ltr'>ad</span> <span class='ocrx_word' id='word_1_242' title='bbox 558 2044 660 2078; x_wconf 84' lang='lat' dir='ltr'>Catil.</span> <span class='ocrx_word' id='word_1_243' title='bbox 683 2044 712 2085; x_wconf 92' lang='lat'>1,</span> <span class='ocrx_word' id='word_1_244' title='bbox 731 2044 765 2079; x_wconf 93' lang='lat'><strong>1.</strong></span> <span class='ocrx_word' id='word_1_245' title='bbox 811 2045 862 2078; x_wconf 82' lang='lat' dir='ltr'>Ac</span> <span class='ocrx_word' id='word_1_246' title='bbox 882 2049 1123 2089; x_wconf 79' lang='lat' dir='ltr'>praeterquam</span> <span class='ocrx_word' id='word_1_247' title='bbox 1145 2046 1234 2088; x_wconf 82' lang='lat' dir='ltr'>quod</span> <span class='ocrx_word' id='word_1_248' title='bbox 1256 2045 1333 2089; x_wconf 79' lang='lat' dir='ltr'>ipsa</span> <span class='ocrx_word' id='word_1_249' title='bbox 1355 2045 1541 2080; x_wconf 78' lang='lat' dir='ltr'>sententiae</span> <span class='ocrx_word' id='word_1_250' title='bbox 1561 2045 1653 2079; x_wconf 83' lang='lat' dir='ltr'>ratIo</span> <span class='ocrx_word' id='word_1_251' title='bbox 1667 2055 1757 2088; x_wconf 84' lang='lat' dir='ltr'>pao--</span> <span class='ocrx_word' id='word_1_252' title='bbox 1813 2035 1815 2038; x_wconf 38' lang='lat'><strong><em>¹</em></strong></span> 
     </span>
    </p>
   </div>
   <div class='ocr_carea' id='block_1_6' title="bbox 391 2104 1750 2748">
    <p class='ocr_par' dir='ltr' id='par_1_6' title="bbox 391 2104 1750 2748">
     <span class='ocr_line' id='line_1_28' title="bbox 391 2104 1749 2150; baseline -0.001 -10"><span class='ocrx_word' id='word_1_253' title='bbox 391 2117 435 2140; x_wconf 90' lang='lat' dir='ltr'>ne</span> <span class='ocrx_word' id='word_1_254' title='bbox 456 2104 608 2148; x_wconf 70' lang='lat' dir='ltr'>postulat</span> <span class='ocrx_word' id='word_1_255' title='bbox 637 2105 724 2146; x_wconf 74' lang='lat' dir='ltr'>suis,</span> <span class='ocrx_word' id='word_1_256' title='bbox 753 2105 790 2138; x_wconf 90' lang='lat' dir='ltr'>in</span> <span class='ocrx_word' id='word_1_257' title='bbox 819 2116 888 2148; x_wconf 82' lang='lat' dir='ltr'>quo</span> <span class='ocrx_word' id='word_1_258' title='bbox 917 2105 1088 2138; x_wconf 75' lang='lat' dir='ltr'>vocabulo</span> <span class='ocrx_word' id='word_1_259' title='bbox 1121 2104 1172 2139; x_wconf 72' lang='lat' dir='ltr'>vie</span> <span class='ocrx_word' id='word_1_260' title='bbox 1201 2104 1306 2148; x_wconf 77' lang='lat' dir='ltr'>inest,</span> <span class='ocrx_word' id='word_1_261' title='bbox 1336 2104 1530 2150; x_wconf 83' lang='lat' dir='ltr'>praemitti,</span> <span class='ocrx_word' id='word_1_262' title='bbox 1561 2104 1749 2139; x_wconf 71' lang='lat' dir='ltr'>consimili·</span> 
     </span>
     <span class='ocr_line' id='line_1_29' title="bbox 391 2163 1748 2209; baseline 0.001 -10"><span class='ocrx_word' id='word_1_263' title='bbox 391 2164 485 2200; x_wconf 74' lang='lat' dir='ltr'>Livii</span> <span class='ocrx_word' id='word_1_264' title='bbox 506 2165 602 2198; x_wconf 77' lang='lat' dir='ltr'>locus</span> <span class='ocrx_word' id='word_1_265' title='bbox 624 2163 717 2198; x_wconf 88' lang='lat' dir='ltr'>idem</span> <span class='ocrx_word' id='word_1_266' title='bbox 739 2165 871 2207; x_wconf 83' lang='lat' dir='ltr'>suadet,</span> <span class='ocrx_word' id='word_1_267' title='bbox 893 2164 955 2199; x_wconf 87' lang='lat' dir='ltr'>lib.</span> <span class='ocrx_word' id='word_1_268' title='bbox 978 2165 1088 2206; x_wconf 90' lang='lat' dir='ltr'>XXII,</span> <span class='ocrx_word' id='word_1_269' title='bbox 1111 2165 1167 2207; x_wconf 80' lang='lat'>16,</span> <span class='ocrx_word' id='word_1_270' title='bbox 1190 2163 1224 2198; x_wconf 83' lang='lat'><strong>5.</strong></span> <span class='ocrx_word' id='word_1_271' title='bbox 1276 2165 1347 2199; x_wconf 77' lang='lat' dir='ltr'>Neo</span> <span class='ocrx_word' id='word_1_272' title='bbox 1370 2165 1600 2200; x_wconf 74' lang='lat' dir='ltr'>Hannibalem</span> <span class='ocrx_word' id='word_1_273' title='bbox 1615 2165 1748 2209; x_wconf 76' lang='lat' dir='ltr'>fefellit</span> 
     </span>
     <span class='ocr_line' id='line_1_30' title="bbox 393 2223 1746 2270; baseline -0.001 -10"><span class='ocrx_word' id='word_1_274' title='bbox 393 2225 489 2260; x_wconf 75' lang='lat' dir='ltr'>suis</span> <span class='ocrx_word' id='word_1_275' title='bbox 519 2235 562 2258; x_wconf 77' lang='lat' dir='ltr'>se</span> <span class='ocrx_word' id='word_1_276' title='bbox 585 2224 715 2259; x_wconf 75' lang='lat' dir='ltr'>artibus</span> <span class='ocrx_word' id='word_1_277' title='bbox 735 2226 821 2268; x_wconf 83' lang='lat' dir='ltr'>peti.</span> <span class='ocrx_word' id='word_1_278' title='bbox 837 2245 883 2251; x_wconf 96' lang='lat'><strong>—</strong></span> <span class='ocrx_word' id='word_1_279' title='bbox 912 2224 1028 2258; x_wconf 74' lang='lat' dir='ltr'>Verbis</span> <span class='ocrx_word' id='word_1_280' title='bbox 1050 2223 1074 2257; x_wconf 90' lang='lat' dir='ltr'>i.</span> <span class='ocrx_word' id='word_1_281' title='bbox 1096 2235 1127 2258; x_wconf 92' lang='grc'>0.</span> <span class='ocrx_word' id='word_1_282' title='bbox 1149 2225 1280 2268; x_wconf 76' lang='lat' dir='ltr'>specie,</span> <span class='ocrx_word' id='word_1_283' title='bbox 1304 2224 1361 2258; x_wconf 84' lang='lat' dir='ltr'>eui</span> <span class='ocrx_word' id='word_1_284' title='bbox 1383 2225 1565 2269; x_wconf 73' lang='lat' dir='ltr'>respondet</span> <span class='ocrx_word' id='word_1_285' title='bbox 1585 2235 1644 2266; x_wconf 76' lang='lat' dir='ltr'>re,</span> <span class='ocrx_word' id='word_1_286' title='bbox 1665 2225 1746 2270; x_wconf 74' lang='lat' dir='ltr'>illu-</span> 
     </span>
     <span class='ocr_line' id='line_1_31' title="bbox 391 2282 1749 2329; baseline -0.001 -10"><span class='ocrx_word' id='word_1_287' title='bbox 391 2283 577 2319; x_wconf 72' lang='lat' dir='ltr'>stravimus</span> <span class='ocrx_word' id='word_1_288' title='bbox 609 2284 654 2319; x_wconf 80' lang='lat' dir='ltr'>ad</span> <span class='ocrx_word' id='word_1_289' title='bbox 684 2284 759 2318; x_wconf 81' lang='lat' dir='ltr'>eat.</span> <span class='ocrx_word' id='word_1_290' title='bbox 778 2284 859 2327; x_wconf 89' lang='lat' dir='ltr'>LII,</span> <span class='ocrx_word' id='word_1_291' title='bbox 894 2283 951 2318; x_wconf 79' lang='lat'><strong>35.</strong></span> <span class='ocrx_word' id='word_1_292' title='bbox 980 2295 1014 2328; x_wconf 86' lang='lat' dir='ltr'>p.</span> <span class='ocrx_word' id='word_1_293' title='bbox 1037 2282 1116 2318; x_wconf 73' lang='lat'><strong>279.</strong></span> <span class='ocrx_word' id='word_1_294' title='bbox 1163 2284 1297 2327; x_wconf 81' lang='lat' dir='ltr'>Curtius</span> <span class='ocrx_word' id='word_1_295' title='bbox 1329 2289 1505 2329; x_wconf 83' lang='lat' dir='ltr'>praeterea</span> <span class='ocrx_word' id='word_1_296' title='bbox 1533 2284 1749 2328; x_wconf 73' lang='lat' dir='ltr'>conparavit</span> 
     </span>
     <span class='ocr_line' id='line_1_32' title="bbox 391 2342 1748 2388; baseline 0 -9"><span class='ocrx_word' id='word_1_297' title='bbox 391 2344 468 2380; x_wconf 65' lang='lat' dir='ltr'>laiv-</span> <span class='ocrx_word' id='word_1_298' title='bbox 492 2343 634 2387; x_wconf 89' lang='lat' dir='ltr'>XXXV,</span> <span class='ocrx_word' id='word_1_299' title='bbox 656 2342 715 2388; x_wconf 81' lang='lat'>46,</span> <span class='ocrx_word' id='word_1_300' title='bbox 738 2343 772 2378; x_wconf 81' lang='lat'><strong>6.</strong></span> <span class='ocrx_word' id='word_1_301' title='bbox 795 2344 969 2386; x_wconf 88' lang='lat' dir='ltr'>XXXVII,</span> <span class='ocrx_word' id='word_1_302' title='bbox 991 2342 1047 2385; x_wconf 79' lang='lat'>53,</span> <span class='ocrx_word' id='word_1_303' title='bbox 1070 2343 1104 2378; x_wconf 74' lang='lat'><strong>4.</strong></span> <span class='ocrx_word' id='word_1_304' title='bbox 1127 2361 1171 2370; x_wconf 98' lang='lat'><strong>—</strong></span> <span class='ocrx_word' id='word_1_305' title='bbox 1199 2345 1339 2380; x_wconf 68' lang='lat' dir='ltr'>Tentata·</span> <span class='ocrx_word' id='word_1_306' title='bbox 1359 2345 1385 2379; x_wconf 86' lang='lat' dir='ltr'>i.</span> <span class='ocrx_word' id='word_1_307' title='bbox 1407 2356 1436 2380; x_wconf 87' lang='lat' dir='ltr'>e.</span> <span class='ocrx_word' id='word_1_308' title='bbox 1459 2345 1504 2379; x_wconf 82' lang='lat' dir='ltr'>ad</span> <span class='ocrx_word' id='word_1_309' title='bbox 1524 2345 1748 2379; x_wconf 72' lang='lat' dir='ltr'>deficiendum</span> 
     </span>
     <span class='ocr_line' id='line_1_33' title="bbox 391 2403 1748 2446; baseline 0.001 -8"><span class='ocrx_word' id='word_1_310' title='bbox 391 2403 523 2444; x_wconf 79' lang='lat' dir='ltr'>illecti3</span> <span class='ocrx_word' id='word_1_311' title='bbox 555 2415 589 2439; x_wconf 71' lang='lat' dir='ltr'><strong>V.</strong></span> <span class='ocrx_word' id='word_1_312' title='bbox 613 2404 658 2439; x_wconf 88' lang='lat' dir='ltr'>ad</span> <span class='ocrx_word' id='word_1_313' title='bbox 680 2403 818 2446; x_wconf 87' lang='lat' dir='ltr'>XLVII,</span> <span class='ocrx_word' id='word_1_314' title='bbox 840 2404 874 2440; x_wconf 81' lang='lat'><strong>2.</strong></span> <span class='ocrx_word' id='word_1_315' title='bbox 895 2424 941 2431; x_wconf 91' lang='lat'><strong>—</strong></span> <span class='ocrx_word' id='word_1_316' title='bbox 970 2404 1158 2438; x_wconf 84' lang='lat' dir='ltr'>Tramitem</span> <span class='ocrx_word' id='word_1_317' title='bbox 1189 2404 1325 2438; x_wconf 77' lang='lat' dir='ltr'>Cortiue</span> <span class='ocrx_word' id='word_1_318' title='bbox 1355 2416 1429 2439; x_wconf 75' lang='lat' dir='ltr'>esne</span> <span class='ocrx_word' id='word_1_319' title='bbox 1460 2403 1544 2439; x_wconf 70' lang='lat' dir='ltr'>dicit</span> <span class='ocrx_word' id='word_1_320' title='bbox 1565 2405 1658 2439; x_wconf 70' lang='grc' dir='ltr'><strong>ἰ’-100]</strong></span> <span class='ocrx_word' id='word_1_321' title='bbox 1682 2415 1748 2439; x_wconf 90' lang='grc'>000</span> 
     </span>
     <span class='ocr_line' id='line_1_34' title="bbox 393 2463 1750 2509; baseline 0 -10"><span class='ocrx_word' id='word_1_322' title='bbox 393 2463 602 2507; x_wconf 84' lang='lat' dir='ltr'>militarem,</span> <span class='ocrx_word' id='word_1_323' title='bbox 635 2465 696 2499; x_wconf 82' lang='lat' dir='ltr'>sed</span> <span class='ocrx_word' id='word_1_324' title='bbox 727 2468 930 2509; x_wconf 77' lang='lat' dir='ltr'>angustam,</span> <span class='ocrx_word' id='word_1_325' title='bbox 959 2464 1149 2508; x_wconf 81' lang='lat' dir='ltr'>privatam,</span> <span class='ocrx_word' id='word_1_326' title='bbox 1183 2467 1216 2498; x_wconf 86' lang='lat' dir='ltr'>et</span> <span class='ocrx_word' id='word_1_327' title='bbox 1246 2475 1335 2507; x_wconf 82' lang='lat' dir='ltr'>quae</span> <span class='ocrx_word' id='word_1_328' title='bbox 1365 2464 1468 2499; x_wconf 78' lang='lat' dir='ltr'>simul</span> <span class='ocrx_word' id='word_1_329' title='bbox 1489 2464 1594 2498; x_wconf 72' lang='lat' dir='ltr'>faeiat</span> <span class='ocrx_word' id='word_1_330' title='bbox 1617 2464 1750 2499; x_wconf 76' lang='lat' dir='ltr'>itiner-Ie</span> 
     </span>
     <span class='ocr_line' id='line_1_35' title="bbox 395 2522 1749 2568; baseline 0 -10"><span class='ocrx_word' id='word_1_331' title='bbox 395 2523 657 2568; x_wconf 81' lang='lat' dir='ltr'>compendium,</span> <span class='ocrx_word' id='word_1_332' title='bbox 682 2525 762 2558; x_wconf 87' lang='lat' dir='ltr'>coll.</span> <span class='ocrx_word' id='word_1_333' title='bbox 786 2524 917 2561; x_wconf 82' lang='lat' dir='ltr'>Iustino</span> <span class='ocrx_word' id='word_1_334' title='bbox 938 2525 1137 2567; x_wconf 84' lang='lat' dir='ltr'>XXXVIII,</span> <span class='ocrx_word' id='word_1_335' title='bbox 1159 2522 1193 2564; x_wconf 82' lang='lat'>9,</span> <span class='ocrx_word' id='word_1_336' title='bbox 1215 2525 1249 2559; x_wconf 79' lang='lat'><strong>6.</strong></span> <span class='ocrx_word' id='word_1_337' title='bbox 1273 2524 1346 2559; x_wconf 77' lang='lat' dir='ltr'><strong>[jv.</strong></span> <span class='ocrx_word' id='word_1_338' title='bbox 1369 2525 1412 2565; x_wconf 72' lang='lat' dir='ltr'>u,</span> <span class='ocrx_word' id='word_1_339' title='bbox 1435 2523 1491 2567; x_wconf 76' lang='lat'>39,</span> <span class='ocrx_word' id='word_1_340' title='bbox 1513 2524 1548 2558; x_wconf 77' lang='lat'><strong>3.</strong></span> <span class='ocrx_word' id='word_1_341' title='bbox 1571 2524 1641 2559; x_wconf 72' lang='lat' dir='ltr'><strong>cic.</strong></span> <span class='ocrx_word' id='word_1_342' title='bbox 1664 2524 1749 2558; x_wconf 77' lang='lat' dir='ltr'>Phi-</span> 
     </span>
     <span class='ocr_line' id='line_1_36' title="bbox 394 2583 1749 2630; baseline -0.001 -12"><span class='ocrx_word' id='word_1_343' title='bbox 394 2583 478 2628; x_wconf 81' lang='lat' dir='ltr'>lipp.</span> <span class='ocrx_word' id='word_1_344' title='bbox 503 2583 599 2625; x_wconf 87' lang='lat' dir='ltr'>XIII,</span> <span class='ocrx_word' id='word_1_345' title='bbox 620 2583 655 2626; x_wconf 84' lang='lat'>9,</span> <span class='ocrx_word' id='word_1_346' title='bbox 678 2584 734 2619; x_wconf 88' lang='grc'>19.</span> <span class='ocrx_word' id='word_1_347' title='bbox 757 2585 844 2620; x_wconf 82' lang='lat' dir='ltr'>Sall.</span> <span class='ocrx_word' id='word_1_348' title='bbox 870 2586 948 2630; x_wconf 88' lang='lat' dir='ltr'><strong>lug.</strong></span> <span class='ocrx_word' id='word_1_349' title='bbox 971 2586 1159 2628; x_wconf 86' lang='lat' dir='ltr'>XXXVIII,</span> <span class='ocrx_word' id='word_1_350' title='bbox 1182 2585 1215 2618; x_wconf 91' lang='lat'><strong>1.</strong></span> <span class='ocrx_word' id='word_1_351' title='bbox 1263 2585 1352 2618; x_wconf 85' lang='lat' dir='ltr'>Vera</span> <span class='ocrx_word' id='word_1_352' title='bbox 1372 2584 1479 2624; x_wconf 74' lang='grc' dir='ltr'><strong>1100ος</strong></span> <span class='ocrx_word' id='word_1_353' title='bbox 1502 2584 1562 2618; x_wconf 74' lang='lat' dir='ltr'>sed</span> <span class='ocrx_word' id='word_1_354' title='bbox 1581 2583 1673 2627; x_wconf 86' lang='lat' dir='ltr'>quod</span> <span class='ocrx_word' id='word_1_355' title='bbox 1692 2584 1749 2617; x_wconf 86' lang='lat' dir='ltr'>in-</span> 
     </span>
     <span class='ocr_line' id='line_1_37' title="bbox 397 2644 1750 2689; baseline -0.001 -10"><span class='ocrx_word' id='word_1_356' title='bbox 397 2645 440 2680; x_wconf 88' lang='lat' dir='ltr'>de</span> <span class='ocrx_word' id='word_1_357' title='bbox 461 2644 600 2679; x_wconf 83' lang='lat' dir='ltr'>coniicit</span> <span class='ocrx_word' id='word_1_358' title='bbox 622 2656 898 2689; x_wconf 77' lang='lat' dir='ltr'>unumquemque</span> <span class='ocrx_word' id='word_1_359' title='bbox 919 2645 1093 2679; x_wconf 83' lang='lat' dir='ltr'>tramitem</span> <span class='ocrx_word' id='word_1_360' title='bbox 1116 2656 1179 2688; x_wconf 87' lang='lat' dir='ltr'>per</span> <span class='ocrx_word' id='word_1_361' title='bbox 1203 2656 1242 2679; x_wconf 77' lang='lat' dir='ltr'>ee</span> <span class='ocrx_word' id='word_1_362' title='bbox 1261 2654 1333 2678; x_wconf 74' lang='lat' dir='ltr'>esse</span> <span class='ocrx_word' id='word_1_363' title='bbox 1354 2645 1536 2686; x_wconf 77' lang='lat' dir='ltr'>occultum,</span> <span class='ocrx_word' id='word_1_364' title='bbox 1559 2654 1668 2687; x_wconf 82' lang='lat' dir='ltr'>eoque</span> <span class='ocrx_word' id='word_1_365' title='bbox 1691 2654 1750 2677; x_wconf 84' lang='lat' dir='ltr'>ve-</span> 
     </span>
     <span class='ocr_line' id='line_1_38' title="bbox 400 2701 1750 2748; baseline -0.001 -10"><span class='ocrx_word' id='word_1_366' title='bbox 400 2716 475 2741; x_wconf 79' lang='lat' dir='ltr'>ram</span> <span class='ocrx_word' id='word_1_367' title='bbox 497 2705 653 2746; x_wconf 73' lang='lat' dir='ltr'>Sallustii</span> <span class='ocrx_word' id='word_1_368' title='bbox 685 2715 826 2739; x_wconf 84' lang='lat' dir='ltr'>manum</span> <span class='ocrx_word' id='word_1_369' title='bbox 849 2705 884 2740; x_wconf 90' lang='lat' dir='ltr'>in</span> <span class='ocrx_word' id='word_1_370' title='bbox 906 2705 981 2740; x_wconf 83' lang='lat' dir='ltr'>cod.</span> <span class='ocrx_word' id='word_1_371' title='bbox 1015 2705 1160 2740; x_wconf 75' lang='lat' dir='ltr'>Eccard.</span> <span class='ocrx_word' id='word_1_372' title='bbox 1190 2704 1311 2738; x_wconf 86' lang='lat' dir='ltr'>haberi</span> <span class='ocrx_word' id='word_1_373' title='bbox 1327 2730 1337 2748; x_wconf 94' lang='lat'>‚</span> <span class='ocrx_word' id='word_1_374' title='bbox 1372 2703 1431 2747; x_wconf 85' lang='lat' dir='ltr'>qui</span> <span class='ocrx_word' id='word_1_375' title='bbox 1459 2705 1601 2738; x_wconf 74' lang='lat' dir='ltr'>occultos</span> <span class='ocrx_word' id='word_1_376' title='bbox 1623 2701 1750 2744; x_wconf 78' lang='lat' dir='ltr'>omisit,</span> 
     </span>
    </p>
   </div>
  </div>
 </body>
</html>
