1826 3276
1300 40 1317 61 Χ

412 176 496 217 430
780 171 824 213 G.
853 170 1162 214 SALLUSTI
1193 169 1406 218 CRISPI

414 287 597 331 vinciam
631 285 882 330 Numidiam
906 285 1100 344 populus
1135 284 1273 340 iussit,
1309 291 1437 330 antea
1468 287 1556 332 iam
1583 287 1767 333 infestus

413 380 623 425 nobilitati
636 412 649 433 ,
682 384 777 423 turn
809 393 916 424 vero
946 381 1104 424 multus
1139 385 1272 438 atquc
1305 381 1432 425 ferox
1463 382 1648 438 instare3
1684 384 1767 428 sin-

413 511 567 554 aliquam
600 520 674 543 rem
714 521 784 544 esse
819 510 856 544 in
890 510 1035 544 alicuine
1073 510 1294 544 commodum.
1351 510 1421 544 Sed
1460 514 1498 546 ut
1535 511 1627 547 ratio
1667 512 1770 548 huius

412 572 604 604 structurae
634 569 768 612 penitus
796 569 1032 614 intelligatur,
1064 570 1248 603 tenendum
1279 572 1355 613 est,
1388 569 1449 604 uhi
1471 571 1514 603 de
1535 572 1638 606 rebus
1658 571 1694 606 in
1716 584 1770 606 co—

410 629 516 663 mitiis
549 628 634 662 actis
665 639 778 663 sermo
809 633 881 670 est,
914 629 1029 662 iubere
1065 628 1108 661 de
1139 629 1264 671 populo
1295 629 1424 663 dictum
1447 629 1539 663 hunc
1561 630 1772 674 peculiarem

408 698 511 722 usum
533 688 685 730 hahere,
709 692 749 722 ut
770 699 850 722 cum
873 688 1022 731 simplici
1047 688 1246 722 accusativo
1267 688 1398 722 obiecti
1414 687 1635 724 coniunctum
1655 691 1772 726 valeat

410 748 594 792 aliquid
624 748 844 790 confirmare,
867 749 1089 790 constituere,
1112 753 1228 782 ratum
1245 750 1379 791 facere,
1403 748 1603 791 ἀπεῖπον-ες
1627 750 1671 783 ct'.
1694 749 1770 784 Liv.

408 808 469 848 111,
492 806 549 849 55,
572 807 607 842 3.
658 809 783 851 Legem
814 808 943 848 tulere,
974 814 1032 850 ut,
1066 809 1179 853 quod
1207 807 1363 842 tributim
1390 808 1505 852 plebe·
1534 809 1770 853 iussisset,

406 867 569 911 populum
591 871 732 902 teneret.
763 867 902 908 XXXI,
925 865 968 908 8,
991 868 1024 901 1.
1074 869 1113 901 In
1136 867 1345 912 suffragium
1378 868 1473 902 missi
1496 868 1659 902 bellum
1682 868 1771 902 ias-

407 937 541 960 seran
553 930 579 960 t.
611 926 714 967 XXl,
746 925 814 967 17,
844 926 876 959 4.
925 926 1071 961 Adorati
1094 927 1165 968 dii,
1197 931 1236 961 ut
1260 926 1343 960 bene
1365 938 1407 960 ac
1431 928 1587 970 feliciter
1609 928 1770 968 eveniret,

408 985 497 1030 quod
529 985 698 1019 bellum
726 986 873 1029 populus
903 985 1002 1020 Rom.
1033 986 1264 1022 iussisset.
1295 986 1440 1029 XXXII,
1462 986 1521 1028 22,
1545 986 1601 1021 12.
1646 988 1772 1032 Argiui

407 1045 566 1086 concilio,
599 1045 688 1089 quod
722 1045 950 1080 inclinaverat
987 1046 1045 1079 ad
1078 1046 1271 1079 Romanam
1313 1047 1412 1080 coci
1420 1051 1587 1081 etatem
1617 1047 1692 1081 iub
1705 1058 1771 1081 en·

408 1105 527 1148 dam,
560 1109 783 1138 excesserunt.
819 1105 874 1143 X,
903 1103 948 1148 8,
976 1104 1032 1139 12.
1079 1106 1157 1150 Ego
1187 1104 1302 1138 hanc
1341 1106 1487 1150 legem
1527 1106 1771 1142 iubendam

406 1175 534 1199 censeo.
559 1163 630 1197 Cic.
656 1163 697 1198 de
722 1165 800 1208 lege
823 1164 947 1208 Agrar.
972 1165 1015 1206 11,
1033 1164 1091 1207 22,
1114 1163 1172 1198 58.
1221 1164 1311 1198 Hoc
1333 1164 1415 1208 quia
1437 1175 1496 1198 vos
1511 1166 1683 1208 scedas
1704 1177 1772 1200 non

405 1225 677 1266 iusseritic,
708 1227 845 1257 veretur
870 1224 1068 1268 Hiempsal,
1101 1228 1140 1257 ut
1162 1224 1247 1261 satis
1263 1225 1457 1267 firmum
1480 1225 1528 1259 eit
1549 1229 1583 1260 et
1604 1229 1770 1260 ratum.

406 1284 452 1318 id.
477 1296 511 1328 p.
536 1284 651 1317 Balbo
674 1294 704 1315 c.
727 1282 784 1323 17,
807 1281 864 1315 38.
913 1283 1163 1327 Responderem
1193 1283 1344 1327 legem
1374 1284 1538 1328 populum
1562 1285 1659 1320 Rom.
1682 1286 1696 1319 i
1703 1298 1727 1320 ιι
1737 1297 1770 1319 s-

405 1343 522 1377 sisse
545 1343 588 1376 de
611 1342 751 1376 civitate
774 1341 966 1375 tribuenda.
1013 1342 1087 1375 lam
1110 1341 1140 1374 si
1160 1341 1316 1386 legitime
1338 1342 1464 1376 dicitur
1479 1343 1595 1378 iubere
1616 1345 1769 1389 aliquam

403 1414 499 1444 rem,
532 1401 620 1435 nihil
643 1401 758 1435 obstat
789 1400 972 1444 quominus
994 1400 1112 1434 dativa
1135 1411 1301 1444 personae
1332 1401 1465 1437 adiecto
1485 1401 1654 1437 indicetur
1675 1405 1770 1438 cuiue

404 1459 575 1506 respectu,
599 1461 624 1494 i.
655 1472 685 1494 e.
716 1460 752 1493 in
775 1460 872 1494 cuins
894 1460 1114 1494 commodum
1143 1460 1198 1494 vel
1221 1459 1476 1494 incommodum
1497 1462 1627 1506 aliquid
1649 1463 1768 1499 iubea-

403 1525 480 1563 tur;
506 1522 550 1555 cf.
575 1521 649 1555 Liv.
674 1519 733 1561 IV,
757 1519 815 1561 43,
838 1519 872 1554 2.
929 1520 1005 1552 lam
1038 1520 1129 1554 enim
1160 1520 1422 1564 Anagninis
1458 1521 1768 1568 Hernicisque

404 1581 522 1614 aliis
546 1581 668 1614 bellum
691 1579 820 1612 iussum
855 1581 942 1612 erat.
973 1577 1021 1612 id.
1049 1578 1160 1619 XLlI,
1184 1577 1241 1620 33,
1265 1580 1299 1612 1.
1348 1579 1470 1613 Consul
1491 1584 1767 1616 senatusconsul-

403 1644 476 1674 tum
512 1639 651 1673 recitari
684 1638 799 1680 iussit,
839 1637 928 1682 quod
964 1637 1087 1671 bellum
1116 1641 1254 1671 senatus
1287 1638 1446 1673 Perseo
1486 1640 1648 1675 iussisset.
1691 1641 1768 1676 Non

405 1699 476 1734 alia
500 1702 616 1733 autem
638 1697 792 1738 ratione,
816 1696 883 1730 nisi
909 1696 999 1740 quod
1019 1695 1156 1730 dativus
1181 1697 1365 1740 commodi,
1390 1710 1494 1742 quem
1515 1699 1653 1743 dicunt,
1678 1700 1767 1735 obti-

404 1761 484 1801 net,
508 1758 637 1792 dictum
661 1761 711 1791 est
735 1758 880 1790 Mario
911 1756 1202 1801 provinciam
1225 1757 1428 1792 Numidiam
1446 1760 1593 1803 populus
1615 1760 1765 1802 iussit,

403 1818 448 1852 ad
472 1818 617 1851 eundem
640 1817 739 1860 plane
761 1817 924 1858 modum,
949 1819 987 1850 ut
1010 1827 1038 1849 c.
1063 1815 1215 1859 XXVII,
1249 1816 1284 1850 3,
1333 1817 1611 1853 Provinciae
1635 1821 1766 1863 futuris

404 1889 421 1911 c
433 1889 452 1911 ο
464 1877 626 1911 nsulib
638 1888 685 1910 us
719 1877 888 1911 Numidia
921 1880 1025 1920 atque
1061 1875 1170 1910 Italia
1190 1875 1278 1920 vdec
1290 1881 1423 1911 retae
1435 1902 1446 1919 ,
1474 1880 1509 1912 et
1530 1878 1621 1922 apud
1645 1879 1768 1915 Vellei.

402 1936 448 1978 11,
472 1935 528 1977 18,
551 1935 585 1970 5.
635 1935 804 1980 Sulpicius
828 1938 941 1983 legem
964 1927 1075 1975 tulit,
1090 1945 1159 1978 qua
1187 1935 1225 1969 G.
1259 1935 1405 1970 Mario
1437 1937 1595 1972 bellum
1618 1938 1765 1973 decer-

403 2000 594 2029 neretur
626 1996 923 2037 Mithridaticum3
952 1995 988 2029 in
1023 1995 1091 2029 hac
1122 1994 1213 2028 enim
1243 1998 1417 2030 structura
1449 1996 1564 2032 iubere
1586 1997 1622 2031 vi
1645 2001 1679 2032 et
1702 2009 1765 2033 usn

403 2065 472 2088 non
502 2053 618 2088 differt
645 2066 667 2089 a
702 2056 881 2090 decernere
917 2056 1036 2091 verbo.
1092 2055 1164 2098 Qui
1194 2055 1304 2099 igitur
1336 2056 1559 2099 concesserit,
1582 2058 1766 2093 concedent

403 2116 522 2148 autem
545 2124 683 2155 omnes,
707 2114 817 2148 dativi
839 2114 1008 2149 rationem
1032 2125 1073 2148 ex
1096 2113 1170 2158 ipso
1193 2115 1298 2148 verbo
1322 2115 1501 2150 decernere
1522 2117 1688 2162 pendere,
1713 2118 1763 2152 ei-

403 2173 490 2206 «lem>
514 2172 620 2207 simul
649 2177 701 2208 est
731 2174 982 2209 concedendum
1013 2175 1127 2208 iubere
1158 2185 1294 2218 quoque
1324 2178 1416 2208 recte
1449 2186 1528 2209 cum
1558 2176 1661 2211 tertio
1681 2187 1763 2212 casa

403 2232 579 2277 coniungi.
624 2233 664 2266 In
686 2243 803 2267 errore
825 2233 934 2278 igitur
955 2237 1134 2270 versantur
1158 2235 1294 2269 eortina
1319 2234 1362 2268 ad
1384 2234 1421 2269 h.
1450 2235 1488 2278 1.,
1508 2236 1696 2281 Burmann.
1718 2237 1762 2271 ad

403 2291 542 2325 Patron.
568 2302 598 2326 c.
620 2291 754 2334 mxxi„
778 2284 906 2328 Duker.
943 2295 987 2329 aa
1016 2295 1092 2329 mv.
1115 2294 1262 2336 xxvn,
1285 2293 1344 2338 24,
1369 2293 1405 2328 3.
1437 2294 1693 2328 nrakenborch.
1717 2296 1761 2329 aa

404 2351 536 2395 XXVI,
560 2350 628 2392 41,
652 2351 721 2396 18„
752 2353 811 2396 qui
843 2353 999 2388 dativum
1031 2355 1075 2388 ab
1100 2353 1226 2388 omisso
1259 2353 1338 2387 dari
1368 2353 1427 2387 vel
1449 2364 1521 2388 esse
1540 2354 1761 2397 repetendum

404 2413 584 2452 censeant,
618 2400 790 2447 diversam
813 2416 1018 2449 structuram
1041 2414 1232 2448 miscentes.
1277 2413 1366 2447 Nam
1399 2423 1481 2447 sane
1502 2413 1606 2448 etiam
1627 2412 1676 2447 ita
1690 2438 1700 2456 ,
1722 2417 1761 2447 ut

372 2481 381 2485 ⁴
401 2468 456 2504 illi
478 2470 667 2504 orationem
689 2473 840 2516 suppleri
862 2461 1003 2516 volunt,
1024 2475 1210 2517 loquuntur
1231 2472 1366 2514 Latini3
1390 2472 1434 2506 cf.
1455 2455 1529 2506 Βίῧ.
1554 2472 1677 2514 XXVI,
1700 2472 1757 2516 41,

402 2528 460 2563 18.
497 2529 556 2563 Dii
574 2530 781 2565 immortales
803 2533 962 2567 centuriis
989 2534 1141 2568 omnibus
1163 2538 1202 2567 nt
1226 2532 1335 2566 mihi
1366 2531 1533 2576 imperi
1540 2542 1605 2566 am
1636 2531 1756 2566 iube-

402 2593 508 2623 rent
537 2589 635 2623 dari
651 2592 753 2632 fuere
778 2597 944 2629 auctores.
976 2592 1023 2627 id.
1049 2593 1133 2627 ibid.
1157 2604 1187 2628 c.
1208 2592 1273 2635 18,
1297 2591 1331 2628 9.
1376 2591 1433 2626 Ad
1454 2603 1558 2626 unum
1581 2601 1694 2625 omnes
1719 2591 1756 2625 P.

403 2645 613 2690 Scipioni
642 2648 880 2694 imperium
913 2663 1008 2688 esse
1031 2653 1067 2688 in
1091 2653 1261 2698 Hispania
1285 2653 1535 2687 iusserant.
1565 2652 1678 2694 XXX,
1699 2650 1755 2692 41,

399 2705 433 2739 4.
471 2706 546 2741 Cui
575 2708 789 2745 iuberent
818 2711 854 2745 in
879 2712 1050 2758 Hispania
1073 2713 1296 2758 imperinm
1319 2710 1448 2747 ecce?
1469 2711 1599 2754 xxxl,
1619 2709 1676 2751 51»,
1694 2709 1751 2744 11.
