1826 3276
379 183 462 224 5oo
733 173 776 216 C.
806 171 1120 214 SALLUSTI
1159 170 1379 214 CRISPI

514 287 673 335 XCIV.
724 277 838 330 vSed
886 285 960 328 ubi
1006 299 1060 328 ex
1099 291 1340 345 praecepto
1383 286 1561 346 tempus
1585 288 1737 340 visum,

385 385 548 445 paratis
576 381 919 440 compositisque
955 379 1154 423 omnibus
1182 379 1240 424 ad
1258 379 1418 424 vlocum
1450 382 1611 440 pergit.
1648 381 1739 424 Ce-

385 487 524 528 terum
558 477 640 532 illi,
684 475 759 533 qui
797 475 1016 519 ascensuri
1051 480 1196 530 eraut,
1238 448 1469 534 praedocti
1507 476 1564 519 ab
1611 474 1746 530 duce‚'

386 588 507 618 arma
543 576 831 627 ornatumque
866 575 1157 623 mutaverant,
1207 569 1358 628 capite⁴
1391 576 1521 627 atque
1554 568 1743 628 pedibus

386 666 535 722 nudis,
575 666 638 709 uti
671 660 932 724 prospectus
967 665 1172 722 nisusque
1215 679 1298 723 per
1333 679 1436 708 saxa
1469 663 1636 708 facilius
1669 662 1742 705 fo-

386 768 476 814 ret3
513 774 645 821 super
677 766 803 818 terga
830 759 966 818 gladii
1006 764 1051 802 et
1084 763 1218 814 scuta,
1238 773 1479 817 verumssa
1510 751 1746 801 Numidica
1815 773 1819 776 ·

388 872 442 901 ex
477 856 628 908 coriis,
667 853 876 914 ponderis
911 854 1054 914 gratia
1089 853 1238 910 simul,
1279 861 1322 897 et
1351 853 1522 898 offensa
1553 866 1642 909 quo
1677 847 1767 895 le-ss

478 988 598 1023 XCIV.
631 990 664 1031 §-
699 987 731 1021 1.
776 988 920 1032 pergit]
967 987 1187 1030 Quamquam
1220 987 1392 1022 constituit
1421 971 1564 1021 veiham
1594 985 1747 1029 proxime

388 1037 640 1093 praegressum¹
656 1047 807 1080 Marium
836 1047 1027 1081 subiectum
1058 1045 1201 1088 habuit,
1236 1050 1351 1080 tamen
1369 1047 1487 1091 pergit
1509 1055 1577 1078 nou
1598 1043 1642 1078 ad
1665 1055 1748 1077 eun-

388 1109 467 1142 dem
495 1107 654 1141 refertur.
699 1105 768 1139 Sed
802 1106 966 1151 Ligurem
999 1106 1102 1141 tacite
1133 1116 1206 1140 esse
1236 1105 1272 1139 in
1301 1105 1426 1148 prioris
1454 1104 1600 1139 subiecti
1631 1105 1747 1145 locum
1818 1110 1823 1115 ‘

387 1167 659 1202 substituendum
683 1166 736 1209 (v,
761 1170 924 1200 annotata
946 1166 990 1200 ad
1014 1177 1042 1199 c.
1067 1165 1209 1207 XXXV,
1231 1163 1265 1198 9.
1288 1176 1320 1208 p.
1344 1163 1443 1208 211.)
1470 1175 1576 1207 quum
1597 1175 1652 1198 res
1672 1164 1748 1207 ipsa

388 1226 549 1271 (lugiunt,
574 1230 648 1260 tum
669 1224 875 1270 intelligitur
908 1237 949 1260 ex
981 1225 1175 1280 verbis‘ex
1209 1224 1454 1268 praecepto
1485 1223 1629 1268 pergit,
1656 1224 1748 1266 equod
1773 1253 1777 1258 .

389 1298 457 1320 non
479 1289 589 1330 potest
611 1285 653 1317 de
675 1296 716 1318 co
748 1285 837 1327 dici,
863 1285 922 1329 qui
954 1285 966 1318 ι’
973 1296 1048 1329 pse
1079 1284 1263 1328 praecepit.
1286 1303 1330 1309 —
1358 1284 1424 1326 Qui
1446 1283 1620 1317 ascensum·
1649 1287 1748 1317 erant

388 1345 585 1389 scripsimus
606 1354 649 1377 ex
672 1344 782 1377 Palat.
807 1342 840 1377 5.
867 1344 985 1379 Guelf.
1005 1344 1039 1378 6.
1065 1343 1145 1377 Sen.
1165 1343 1199 1376 2.
1225 1342 1347 1376 Heuss.
1364 1342 1435 1376 Erl.
1455 1342 1543 1378 Tur.
1557 1342 1591 1376 1.
1614 1353 1661 1376 m.
1679 1354 1746 1376 scc.

389 1410 424 1440 et
442 1405 572 1445 Goerl„
591 1414 707 1447 quum,
732 1403 823 1445 quod
844 1402 879 1436 in
897 1403 975 1437 edd.
995 1402 1154 1437 omnibus
1170 1401 1282 1435 editur
1301 1403 1360 1446 qui
1376 1403 1536 1436 centuriis
1550 1407 1747 1446 praeerant,

389 1476 458 1501 non
489 1464 592 1498 modo
622 1473 722 1496 sensu
756 1466 973 1505 suspectum,
1004 1463 1062 1496 sed
1086 1461 1288 1496 certissimis
1319 1461 1453 1495 indiciis
1473 1448 1671 1504 corruptum
1693 1461 1747 1494 sit.

389 1524 479 1559 Nam
509 1522 659 1566 primum
698 1521 841 1555 offendit
879 1521 1145 1556 insolentissima
1186 1519 1333 1555 nominis
1362 1520 1653 1564 circumscriptio,
1689 1520 1750 1554 ubi

391 1584 486 1617 nulla
509 1583 609 1626 plane
631 1591 751 1614 caussa
775 1583 869 1621 erat,
901 1592 963 1614 cur
993 1584 1112 1615 auctor
1146 1588 1213 1614 non
1236 1579 1437 1624 simpliciter
1471 1581 1680 1615 centuriones
1697 1580 1749 1613 ‹li-

391 1646 503 1682 ceret3
535 1644 610 1674 tum
641 1639 792 1672 maxime
826 1639 954 1674 mirum
988 1645 1058 1683 est,
1097 1641 1182 1674 solos
1212 1641 1422 1674 centuriones
1451 1639 1582 1674 monitu
1613 1640 1751 1684 Liguris

390 1699 579 1736 instituisse
609 1710 651 1732 ac
684 1709 844 1742 parasse,
877 1699 1001 1749 quibus
1033 1689 1190 1733 ascensus
1219 1699 1419 1741 iuvaretur,
1448 1710 1556 1743 quum
1587 1701 1749 1739 omnibus,

389 1759 568 1794 difficilem
597 1769 671 1791 rem
701 1758 921 1800 audentibus,
955 1759 1031 1803 pari
1061 1760 1218 1794 cautione
1248 1763 1282 1793 et
1323 1758 1502 1804 diligentia
1535 1770 1620 1803 opus
1652 1764 1749 1793 esset.

390 1820 460 1854 Sed
482 1830 549 1853 non
571 1818 620 1852 ita
642 1817 817 1861 scripsisse
838 1818 1042 1853 Sallustium
1065 1819 1190 1853 evincit
1216 1818 1384 1853 dissensus
1408 1818 1565 1853 codicum
1588 1815 1637 1853 ita
1655 1831 1749 1852 com-

390 1882 553 1925 paratus,
587 1880 626 1912 ut
647 1880 683 1911 et
711 1878 800 1911 unde
823 1878 984 1913 fluxerint
1006 1878 1233 1922 ecquomodo
1265 1881 1385 1911 auctae
1405 1876 1472 1911 sint
1497 1879 1616 1913 variae
1637 1878 1748 1912 libro-

391 1950 470 1974 rum
504 1937 717 1981 corruptelae
749 1937 854 1971 facile
887 1938 1071 1983 intelligas.
1128 1938 1219 1972 Nam
1253 1947 1368 1985 quum>
1390 1937 1552 1984 auctoris⁴
1569 1948 1611 1979 ea
1642 1938 1749 1971 verba

392 1999 476 2041 sint,
506 2008 595 2041 quae
624 1996 818 2038 edidimus,
848 1997 885 2030 in
925 1998 1007 2032 satis
1042 1998 1183 2041 antiquo
1220 1996 1337 2039 aliquo
1375 1995 1451 2029 cod.
1491 1995 1625 2040 ineptus
1653 2007 1750 2029 error

391 2056 593 2091 commissus
616 2059 666 2090 est
681 2082 692 2099 ,
726 2069 828 2100 quem
851 2068 872 2092 a
895 2057 1010 2101 prima
1025 2069 1130 2092 manu
1153 2056 1286 2100 accepit
1307 2054 1415 2089 Paris.
1440 2066 1483 2098 ι,
1504 2055 1618 2090 scriba
1641 2056 1750 2090 oculis

394 2121 454 2152 aut
476 2127 582 2150 manu
607 2115 748 2160 decepta
782 2129 845 2161 pro
876 2118 1049 2151 ascensuri
1077 2120 1236 2150 exarante
1258 2116 1399 2150 centuri.
1443 2116 1526 2149 Inde
1547 2116 1677 2149 factum
1699 2119 1751 2149 est

394 2177 430 2210 in
453 2176 548 2210 L'eid.
573 2176 613 2210 L.
637 2176 696 2219 qm·
727 2177 960 2211 centuriones
989 2182 1111 2218 erant3
1141 2176 1176 2209 in
1199 2177 1284 2210 Tur.
1309 2177 1341 2209 1.
1364 2187 1411 2210 m.
1435 2187 1488 2219 pr.
1521 2176 1582 2220 qm'
1602 2186 1650 2210 ex
1672 2182 1773 2208 cens

394 2228 498 2271 turia
521 2239 639 2276 erant3
671 2234 707 2267 iu
731 2235 849 2269 Guelf.
873 2236 928 2271 11.
961 2236 1019 2280 qui
1053 2246 1102 2269 ex
1135 2235 1315 2269 centuriis
1346 2239 1467 2275 erant3
1496 2235 1533 2269 in
1559 2235 1636 2269 Pal».
1660 2234 1694 2271 3.
1717 2238 1750 2268 et

396 2295 474 2330 Vin.
497 2294 533 2329 2.
563 2295 621 2340 qui
653 2305 703 2328 ex
736 2295 915 2329 centuriis
944 2300 1179 2340 praeerant3
1212 2295 1248 2328 iu
1279 2294 1355 2328 Vin.
1379 2295 1412 2327 1.
1436 2295 1531 2330 Vrat.
1553 2293 1586 2328 1.
1610 2293 1690 2327 Son.
1715 2293 1748 2328 1.

394 2353 514 2390 Guelf.
535 2353 570 2389 1.
592 2354 698 2388 Fabr.
723 2354 757 2390 l.
782 2355 815 2390 2.
849 2355 932 2390 Naz.
964 2356 1129 2390 Commel.
1161 2355 1239 2389 Pal.
1261 2353 1296 2388 2.
1327 2354 1444 2390 Berol.
1467 2354 1502 2387 1.
1525 2353 1584 2397 qm'
1606 2357 1647 2386 et
1671 2345 1749 2396 cen-

395 2414 516 2449 turiae
547 2421 785 2457 praeeram,-
815 2416 851 2450 in
883 2416 958 2450 Pal.
989 2415 1023 2450 4.
1054 2416 1112 2460 qui
1152 2419 1194 2449 et
1227 2414 1402 2448 centuriis
1441 2416 1676 2456 praeeram,-
1712 2410 1748 2444 in

394 2473 511 2507 Berol.
534 2472 567 2506 2.
598 2474 657 2517 qua·
687 2476 875 2510 centuriae
911 2479 1148 2520 praeerant3
1186 2474 1222 2508 in
1257 2471 1396 2506 relicuis
1412 2496 1423 2515 ,
1455 2475 1495 2505 ut
1515 2471 1659 2515 vulgata
1682 2470 1746 2503 ha-

394 2533 472 2573 bet,
501 2532 561 2577 qui
598 2535 771 2569 centuriis
808 2540 1027 2580 praeerant.
1075 2534 1214 2577 Quibus
1252 2531 1471 2565 consideratis
1510 2529 1587 2574 quis
1614 2529 1748 2573 putabit

343 2629 355 2642 ,
391 2596 607 2635 praeerant
643 2603 764 2627 veram
801 2594 1009 2638 scripturam
1042 2605 1135 2636 esse,
1175 2603 1282 2637 quum
1305 2602 1406 2635 -prae
1435 2591 1513 2624 luce
1550 2588 1676 2623 clarius
1706 2599 1747 2621 ex

387 2650 654 2694 interpolatione
687 2653 858 2687 adiectum
881 2653 956 2687 sit?
990 2654 1199 2687 Procerum
1221 2655 1337 2686 autem
1367 2649 1398 2685 si
1421 2650 1548 2684 falsum
1571 2652 1644 2691 est,
1668 2659 1746 2682 cen-

393 2711 494 2744 turiis
514 2721 581 2745 non
602 2714 713 2754 potest
734 2723 855 2746 verum
876 2723 965 2753 esse,
990 2712 1033 2746 de
1053 2719 1121 2755 quo
1143 2714 1239 2746 tanto
1260 2705 1374 2744 minus
1395 2708 1589 2750 dubitabis,
1619 2710 1746 2750 quanto
