1826 3276
394 187 478 228 540
756 180 800 224 G·
829 180 1150 223 SALLUSTI
1179 179 1397 223 Clu-sm

394 305 476 356 rat,
509 311 654 355 neque
685 295 730 338 in
762 294 912 354 priore
944 308 1113 354 pugna,
1142 295 1188 339 in
1217 294 1373 340 itinere
1400 296 1575 364 ιιιοῐειιίΞ
1602 295 1747 341 affue-

360 392 506 449 6rant,
538 397 809 451 postremam
842 390 1146 433 Romanorum
1179 390 1321 434 aciem
1357 390 1580 436 invadunt.
1627 391 1748 437 Tum

393 487 560 532 Marius
594 484 716 545 apud
748 484 918 544 primos
953 485 1133 544 agebat,
1169 485 1292 543 quod
1316 485 1380 529 ibi
1406 485 1622 546 Iugurtha
1649 500 1748 530 uun

391 581 590 643 plurimis
635 585 741 624 erat.
808 580 925 624 Dein
969 580 1189 637 Numida,
1235 580 1415 640 cognito
1454 580 1626 625 Bocchi
1641 581 1748 624 sad-

392 681 549 733 ventu,
593 676 708 720 clam
752 690 853 720 cum
897 675 1051 735 paucis
1091 674 1151 719 ad
1192 675 1366 735 pedites
1411 675 1667 730 convertit?
1689 676 1750 720 ibi

391 837 489 877 sunt,
511 844 614 878 saepe
639 833 695 877 fit,
718 837 758 868 ut
779 834 856 871 loeo
884 834 1026 875 alterius
1047 834 1184 870 relativi
1207 834 1509 872 demonstrativum
1523 859 1534 876 ‚
1551 835 1610 869 vel
1631 834 1751 870 eodem

392 906 474 928 casu
490 919 500 934 ‚
524 895 581 927 vel
605 893 675 928 alio
698 898 866 937 ponatur,
889 906 968 928 cum
989 895 1138 929 relativo
1163 895 1441 929 commutandum
1463 881 1584 936 nobis,
1618 893 1648 928 si
1663 891 1749 928 'eon—

388 953 584 988 structionis
608 951 797 1000 ἀκριβείαν
819 954 1037 998 requirimus.
1059 965 1094 988 v.
1118 956 1326 988 Ramshoru.
1350 955 1506 988 Gramm.
1523 954 1600 995 Lat.
1622 955 1653 995 §.
1669 953 1749 988 159.

390 1014 424 1046 1.
448 1013 481 1055 2,
503 1013 528 1046 f.
549 1016 620 1047 not.
650 1025 683 1057 p.
706 1013 785 1047 358.
819 1016 852 1048 et
875 1014 965 1059 Aug.
999 1014 1197 1049 Grotefendi
1220 1014 1412 1048 Grammat.
1433 1014 1512 1048 Lat.
1538 1011 1645 1058 ampl.
1669 1013 1748 1047 Vol.

388 1073 432 1106 11.
466 1074 498 1114 ἓ.
521 1070 599 1106 285.
631 1082 666 1115 p.
689 1072 768 1106 206.
801 1076 836 1106 et
868 1075 900 1115 ἓ.
923 1072 1002 1108 534.
1036 1085 1069 1118 p.
1094 1074 1173 1111 ⁴139.
1208 1074 1251 1107 cr.
1285 1073 1356 1107 Cie-
1392 1073 1435 1107 de
1467 1073 1567 1107 Fiuu.
1590 1072 1691 1122 luz,
1712 1073 1750 1108 5.

389 1131 508 1165 Finem
533 1131 721 1175 definiebas
744 1133 780 1166 id
808 1144 900 1175 esse,
934 1131 1017 1178 qu'o
1046 1135 1179 1177 omnia,
1201 1145 1289 1178 quae
1309 1139 1398 1168 recte
1412 1135 1562 1178 fierent,
1583 1134 1751 1182 refer-ren·-

388 1198 467 1233 tur,
498 1202 636 1236 neque
665 1192 712 1225 id
747 1192 890 1236 ipsum
919 1186 1113 1238 usquam
1145 1192 1350 1237 referretur,
1380 1204 1443 1236 pro
1465 1193 1617 1238 quodque
1632 1184 1752 1237 'ipsum

389 1263 558 1296 nusquam
582 1254 646 1285 etc.
671 1251 717 1285 id.
749 1250 846 1286 Orat.
879 1263 909 1286 c.
931 1253 975 1296 2,
1011 1254 1047 1288 9.
1097 1255 1208 1299 Ipsius
1235 1242 1275 1288 ivi
1293 1254 1407 1287 merite
1435 1248 1606 1287 insidebat
1626 1253 1752 1298 speeies

385 1310 650 1356 pulchritudinis
684 1311 808 1344 eximia
847 1313 1015 1355 quaedam
1033 1338 1044 1354 ‚
1086 1324 1215 1357 quam
1248 1314 1384 1347 intuens
1416 1313 1463 1346 in
1502 1308 1643 1356 eaque
1676 1311 1751 1345 de·-

380 1372 518 1415 fixus
549 1371 597 1404 ad
626 1370 719 1403 illius
751 1370 1007 1406 similitudinem
1030 1378 1139 1406 artem
1172 1377 1206 1406 et
1227 1378 1366 1405 manum
1389 1371 1580 1416 dirigebat,
1614 1371 1637 1405 i.
1661 1381 1692 1405 e.
1714 1371 1751 1405 in

387 1441 566 1476 quaque
597 1429 736 1472 defixus.
783 1427 945 1464 Pluribus
971 1432 1136 1475 exemplis
1167 1432 1260 1465 huuc
1283 1442 1383 1464 usum
1406 1430 1591 1464 illustravit
1612 1429 1751 1463 Ellend-

387 1490 454 1524 tius
477 1490 520 1523 ad
545 1489 604 1522 Cic
640 1489 740 1523 Brut.
762 1500 790 1521 c.
814 1488 872 1531 74,
894 1488 973 1524 258.
1021 1490 1145 1524 Omnes
1168 1495 1240 1524 tum
1255 1493 1335 1533 fere
1349 1514 1360 1531 ‚
1385 1490 1458 1534 qui
1488 1502 1549 1524 nee
1573 1490 1671 1524 extra
1692 1492 1751 1524 ui*-

387 1550 462 1583 bem
485 1549 572 1581 hanc
595 1548 763 1590 vixerant,
786 1560 846 1582 nec
871 1561 939 1582 eos
959 1550 1077 1593 aliqua
1100 1550 1275 1583 barbaries
1299 1550 1483 1583 domestica
1505 1547 1750 1594 infamaverat,

386 1613 478 1642 recte
510 1607 750 1651 loquebantur,
784 1607 846 1641 ubi
875 1619 937 1642 nec
972 1619 1026 1642 eos
1043 1628 1088 1633 —
1112 1605 1346 1652 infuscaverat
1368 1610 1570 1643 mutandum
1583 1599 1630 1644 “ἰῐι
1653 1617 1752 1654 quos-

386 1679 452 1712 que
470 1686 512 1692 -
536 1678 604 1700 uon
632 1666 754 1710 infuso.
787 1666 834 1699 id.
868 1667 952 1710 Epp.
985 1668 1029 1701 ad
1051 1668 1154 1703 Attio.
1178 1669 1232 1711 X,
1253 1668 1310 1703 16.
1359 1669 1466 1712 Cato,
1489 1670 1566 1714 qui
1597 1669 1751 1703 Sieiliam

387 1732 502 1762 tenere
528 1725 662 1770 potuit,
695 1729 728 1759 et
758 1726 789 1758 si
822 1727 1006 1769 tenuisset,
1037 1739 1183 1762 ornnes
1215 1729 1324 1762 boni
1354 1728 1412 1762 ad
1443 1740 1535 1762 eum
1565 1740 1602 1762 se
1633 1734 1749 1763 eontu-

387 1787 526 1827 lissent,
559 1785 650 1828 quod
680 1785 818 1828 proprie
852 1786 920 1819 dici
952 1787 1097 1821 debebat
1121 1788 1169 1821 ad
1191 1799 1288 1832 quem
1313 1799 1426 1822 omnes
1451 1788 1529 1822 bom·
1549 1791 1612 1822 etc.
1635 1789 1748 1822 Plaut-

386 1847 479 1880 Rud.
503 1845 549 1887 11,
572 1845 606 1886 1,
629 1844 663 1878 2.
713 1845 781 1887 Qui
808 1857 979 1890 pauperes
1010 1851 1088 1881 sunt
1118 1847 1293 1889 homines,
1327 1840 1444 1881 miseri
1473 1849 1615 1890 vivunt,
1640 1848 1749 1882 Prae-

387 1906 505 1940 sertim
535 1905 700 1949 quibus
735 1917 796 1939 uec
826 1910 986 1950 quaestus
1015 1910 1087 1947 est,
1124 1918 1203 1940 nec
1245 1907 1458 1941 didicere
1490 1913 1599 1942 artem
1629 1908 1748 1950 ullam,

389 1965 414 1998 i.
437 1976 467 1998 e.
497 1965 619 2009 quique
649 1975 716 1998 non
747 1966 849 2000 didio.
881 1966 964 2000 Ter.
995 1965 1139 2009 Adelph.
1169 1967 1207 2007 1,
1234 1967 1278 2008 2,
1309 1966 1345 2000 4.
1396 1968 1489 2010 Quid
1516 1968 1575 2001 ille
1591 1966 1750 2010 severit?

390 2025 526 2067 Quem
552 2035 660 2068 neque
681 2025 787 2068 pudet
812 2024 1018 2070 Quicquam,
1040 2036 1115 2059 nec
1146 2027 1308 2061 metuit
1330 2038 1548 2071 quemquam,
1571 2025 1595 2059 i.
1619 2037 1648 2060 e.
1673 2026 1747 2073 qui-

387 2095 452 2128 que
475 2095 542 2117 ποη
564 2088 644 2117 met.
689 2084 742 2117 lta
776 2088 894 2119 nostro
923 2086 1003 2119 loeo
1034 2097 1141 2129 neque
1163 2085 1226 2129 (ii)
1258 2087 1432 2129 affuerant
1463 2085 1592 2119 dietum
1614 2083 1750 2130 est-pro

388 2154 430 2177 eo
444 2168 455 2184 ‚
480 2143 571 2186 quod
594 2145 643 2176 est
663 2143 786 2187 quique
806 2163 847 2169 —
865 2156 933 2178 non
954 2146 1139 2189 affuerant.
1164 2146 1209 2178 cf.
1235 2144 1340 2179 etiam
1362 2145 1584 2179 Kuehnerum
1607 2146 1652 2180 ud
1678 2146 1747 2180 cic.

388 2203 515 2237 Tusco.
538 2203 579 2244 V,
604 2202 638 2242 3,
661 2202 693 2236 8.
733 2215 767 2247 p.
789 2203 878 2246 312„
902 2205 962 2248 qui
993 2205 1112 2239 laudat
1147 2207 1385 2239 Hermaunum
1406 2205 1450 2240 ad
1473 2205 1589 2250 Viger.
1611 2217 1645 2249 p.
1668 2204 1748 2239 ⁷08.

388 2266 423 2296 et
446 2263 610 2296 Ochsner.
635 2263 754 2307 Eclog.
779 2263 851 2297 Cic.
875 2275 908 2307 p.
932 2263 1013 2298 31⁷.
1035 2284 1081 2289 -
1107 2265 1240 2298 Prior
1264 2277 1388 2311 pugna
1413 2268 1481 2307 est,
1504 2275 1607 2308 quum
1629 2275 1747 2299 narra-

391 2320 440 2356 &it
462 2335 493 2357 c.
516 2316 639 2356 'xcvll
658 2342 703 2348 —
718 2321 839 2359 XCIX.
862 2342 905 2348 —
929 2323 982 2356 De
1011 2323 1142 2367 plurali
1174 2325 1341 2359 invadunt
1371 2337 1413 2361 ex
1446 2323 1561 2358 verbis
1596 2323 1748 2356 Bacchus

390 2393 466 2416 cum
494 2383 665 2426 peditibus
702 2386 782 2426 apto
814 2382 962 2416 diximus
992 2383 1036 2417 ad
1068 2383 1140 2417 Cat.
1173 2382 1745 2427 c.X1.nI,1.p.197.or.1ug.

392 2443 579 2485 xxxvm,
603 2441 636 2476 6.
659 2442 801 2486 Fragm.
825 2442 1076 2486 Hist.111,11,
1098 2442 1133 2478 6.
1156 2443 1252 2513 Gerl.
1277 2447 1311 2478 et
1343 2454 1379 2478 v.
1401 2442 1576 2478 nandium
1598 2443 1641 2477 de
1661 2443 1746 2498 Par-

393 2502 469 2538 tice.
491 2502 568 2537 Lat.
592 2502 667 2537 Vol.
690 2503 732 2536 11.
755 2513 787 2545 p.
811 2502 879 2536 137
895 2513 945 2546 sq.
970 2504 1002 2545 ἓ.
1024 2502 1056 2536 3.

485 2595 518 2639 §.
541 2593 575 2629 6.
621 2596 773 2640 agebat]
808 2596 911 2630 Multi
945 2595 1042 2631 codd.
1074 2606 1136 2638 pro
1169 2596 1299 2641 agebat
1331 2598 1443 2630 tenent
1475 2599 1573 2635 erat,
1592 2594 1746 2629 nonnulli

394 2658 512 2688 contra
542 2657 620 2698 post
650 2655 806 2698 plurimis
835 2666 901 2699 pro
921 2660 998 2702 erat
1031 2655 1158 2689 habent
1180 2656 1326 2700 agebat,
1348 2655 1450 2699 pauci
1471 2655 1634 2689 instabat.
1679 2653 1747 2687 Sed

395 2714 559 2759 vulgata,
586 2714 683 2749 haud
714 2714 831 2758 pam-is
861 2715 959 2750 codd.
991 2715 1149 2757 firmata,
1190 2714 1318 2759 optimo
1353 2715 1480 2757 habet,
1517 2724 1625 2758 neque
1656 2713 1769 2747 male-
