1826 3276
383 177 464 215 344
541 216 543 218 ,
627 147 631 154 ’
744 145 1433 214 csALLthrlcmsrr

517 283 680 328 LXIV.
751 282 888 341 Igitur
923 282 999 325 ubi
1040 283 1206 327 Marius
1243 285 1484 345 haruspicis
1518 289 1634 334 «licta
1658 305 1737 346 eo-
1775 280 1797 293 ⁵

387 380 489 423 dem
523 376 751 420 intendere
793 376 936 439 videt,
980 392 1070 435 quo
1106 379 1267 438 cupido
1303 381 1433 424 animi
1469 381 1737 438 hortabatur,

388 475 443 516 ab
491 471 677 514 Metello
725 471 915 529 petundi,
959 473 1102 531 gratia
1152 474 1401 518 missionem
1449 482 1591 536 rogat.
1658 478 1740 523 Cui

388 581 656 623 quamquam
697 566 832 609 virtus
849 597 862 622 ,
906 567 1049 626 gloria
1089 574 1222 626 atque
1264 570 1348 613 alia
1389 571 1583 631 optanda
1617 573 1742 618 bonis

389 661 675 720 superabant,
707 666 858 709 ,tamen
899 662 1037 705 inerat
1078 669 1357 723 contemptor
1394 665 1560 710 animus
1595 673 1641 710 et
1671 681 1745 710 su-

353 757 569 815 2perbia‚
604 771 836 799 commune
870 757 1103 802 nobilitatis
1133 759 1309 803 malum.
1375 759 1527 817 Itaque
1555 762 1747 820 primum

394 858 640 896 commotus
674 851 844 894 insolita
877 866 926 894 re
961 852 1104 897 mirari
1141 854 1232 898 eius
1271 855 1518 911 consilium,
1553 862 1598 899 et
1624 858 1747 913 quasi

394 985 455 1015 aut
477 982 568 1015 hunc
590 981 624 1015 in
646 981 766 1020 illum,
797 985 858 1015 aut
878 981 979 1015 illum
1007 982 1042 1015 in
1072 983 1165 1016 hunc
1187 983 1316 1017 mutari
1335 983 1454 1027 itaque
1475 995 1574 1019 casus
1594 985 1747 1029 aequari.

394 1042 579 1074 Praeterea
613 1044 804 1074 structurae
835 1052 944 1085 genus
976 1042 1093 1085 paullo
1124 1042 1236 1076 rarius
1267 1047 1301 1077 et
1321 1044 1507 1078 sorim-ibus
1528 1045 1752 1088 scriptoribus

394 1100 508 1144 magis
530 1100 694 1134 usitatum
715 1111 819 1143 quam
841 1101 1013 1144 prioribus
1035 1101 1192 1136 librarios
1214 1103 1362 1138 fortusse
1382 1105 1424 1137 ad
1441 1103 1665 1142 mutationem
1685 1105 1753 1139 im-

396 1161 502 1204 11ulit3
531 1161 589 1194 sed
621 1162 776 1194 consulto
808 1160 1014 1194 Sallustium
1043 1160 1092 1194 itu
1123 1160 1238 1195 dicere
1271 1161 1432 1196 maluisse
1467 1175 1570 1206 quam
1601 1167 1752 1210 egregiis

391 1222 503 1264 sactis
518 1246 527 1262 ‚
561 1221 661 1254 valde
684 1221 871 1254 verisimile
893 1225 964 1260 est,
996 1231 1102 1262 quum
1125 1230 1292 1262 personae
1316 1221 1412 1256 notio
1440 1222 1673 1268 significanter
1695 1227 1752 1260 de-

398 1282 529 1314 clarata
551 1280 634 1313 huic
666 1281 746 1314 loco
771 1281 949 1323 aptissima
971 1279 1026 1313 sit.
1073 1279 1242 1314 Nonnulla
1265 1281 1368 1315 huius
1389 1287 1579 1318 structurae
1599 1286 1755 1328 exempla

398 1340 468 1381 ium
492 1340 670 1374 attulimus
696 1339 740 1373 ad
771 1339 870 1373 Catil.
894 1340 992 1381 mu,
1015 1339 1049 1373 6.
1080 1351 1117 1383 μ.
1136 1339 1234 1381 2864
1263 1340 1310 1373 cf.
1343 1341 1419 1386 lug.
1451 1343 1515 1384 vl,
1539 1341 1573 1377 1.
1622 1345 1755 1379 Decora

395 1401 508 1444 facie,
542 1400 600 1433 sed
628 1401 733 1433 multo
767 1411 923 1433 maxume
962 1399 1150 1443 ingenio
1189 1400 1401 1434 validus?
1432 1402 1518 1435 Yon.
1550 1403 1604 1445 11,
1633 1403 1689 1445 41,
1721 1404 1753 1437 l.

403 1462 440 1494 C.
470 1462 596 1493 Caesar
620 1462 765 1503 sorma
797 1461 945 1493 omnium
978 1459 1100 1492 civium
1131 1461 1564 1504 excellentissimus,
1593 1463 1757 1507 vigore

400 1521 533 1565 ingenii
577 1521 830 1553 acerrimus
848 1545 859 1560 ‚
899 1519 1226 1561 munificentia
1270 1521 1594 1562 eff-unissimus.
1642 1522 1756 1557 Tacit.

401 1581 487 1614 Ann.
513 1580 568 1622 ΙΙ,
592 1579 657 1620 43,
680 1578 714 1610 2.
767 1579 918 1612 Tiberius
941 1580 1060 1622 Syriae
1087 1581 1303 1624 praefecerat
1334 1580 1394 1613 Cn.
1419 1580 1598 1624 Pisonem,
1621 1583 1759 1627 ingenio

403 1640 665 1673 violentum.
697 1649 731 1673 v,
762 1637 975 1671 Boetticheri
1006 1638 1086 1672 Lex.
1119 1638 1233 1672 Tacit.
1266 1648 1299 1674 v,
1334 1639 1442 1674 ablat.
1473 1640 1507 1674 l.
1538 1652 1570 1685 p.
1599 1640 1634 1675 5.
1659 1661 1700 1667 —
1726 1644 1760 1676 Is

403 1709 473 1742 qua
494 1697 532 1730 vi
555 1697 684 1731 dictum
708 1697 754 1731 sit
776 1698 995 1741 exposuimus
1025 1698 1067 1731 ud
1100 1698 1134 1742 §.
1156 1697 1190 1731 3.
1235 1698 1332 1732 Male
1359 1699 1460 1744 Bipp.
1493 1712 1534 1736 ex
1565 1702 1762 1738 coniectura

404 1757 574 1800 scripsere
605 1758 684 1798 his,
717 1758 761 1791 ad
795 1759 1009 1792 nobilitatem
1039 1758 1235 1791 referentes.
1283 1757 1352 1791 Sed
1381 1760 1469 1792 haee
1491 1771 1557 1794 vox
1579 1760 1681 1796 nimis
1703 1775 1758 1797 re-

404 1823 501 1851 mota
523 1820 598 1860 est,
632 1828 741 1860 neque
772 1818 891 1852 haberi
925 1828 947 1852 a
968 1817 1054 1851 Sall.
1080 1828 1159 1850 cum
1183 1817 1299 1851 dativo
1331 1818 1559 1864 coniungitur.
1604 1822 1762 1865 Denique

406 1879 458 1911 his
481 1889 580 1911 sensu
602 1882 724 1919 vacat,
749 1889 855 1920 quum
878 1888 982 1911 nexus
1006 1877 1146 1922 doceat,
1169 1888 1236 1910 non
1258 1877 1345 1912 alios
1365 1889 1469 1921 quam
1490 1880 1622 1914 nobiles
1643 1892 1666 1915 a
1682 1882 1763 1915 Sal·

407 1937 509 1971 lustio
532 1936 731 1979 vituperari.
777 1938 938 1972 Ceterum
969 1937 1118 1971 similem
1147 1938 1348 1972 sententiam
1379 1936 1498 1973 auctor
1526 1938 1598 1973 iam
1620 1941 1764 1984 protulit

406 1997 443 2031 in
467 1997 568 2030 Catil.
594 1997 722 2037 xxm,
745 1995 791 2038 6.,
815 1997 872 2030 sed
896 2008 959 2030 usu
983 1996 1077 2030 vocis
1100 1998 1249 2041 pollutus
1276 1999 1394 2042 paullo
1416 1999 1598 2035 variatam.
1628 1998 1632 2004 ’

498 2056 616 2090 Lxlv.
641 2056 674 2099 §-
699 2057 732 2089 l.
766 2067 830 2099 quo
853 2057 974 2099 cupido
993 2075 1037 2080 —-
1052 2057 1267 2101 hortabatur]
1295 2059 1366 2100 Quo
1387 2069 1456 2092 non
1476 2060 1615 2103 antique
1636 2059 1764 2094 dictum

409 2120 460 2150 est
481 2127 543 2159 pro
567 2116 615 2148 ad
638 2116 746 2159 quod,
770 2120 809 2150 ut
831 2115 1038 2150 Gerlachius
1061 2120 1168 2159 putat,
1191 2118 1248 2150 sed
1273 2119 1510 2152 concinnit-atis
1531 2119 1611 2163 lege
1633 2119 1765 2162 nititur,

410 2176 468 2209 cui
499 2175 670 2210 interdum
702 2175 803 2212 iuviti
831 2179 1015 2219 paruerunt
1048 2176 1217 2217 Romani3
1259 2178 1304 2211 cf.
1338 2178 1505 2220 LXXXI,
1538 2177 1595 2212 22.
1649 2180 1767 2223 Quare

409 2236 567 2280 exempla
586 2246 608 2269 a
632 2234 819 2268 Gerlachio
842 2236 960 2276 allata,
986 2235 1054 2269 Cic.
1074 2247 1107 2278 p.
1133 2236 1227 2270 Coei.
1252 2249 1281 2272 c.
1303 2238 1358 2279 21,
1383 2237 1438 2271 53.
1487 2238 1582 2271 Dixit
1601 2241 1765 2282 profecto,

410 2308 491 2341 quo
523 2297 624 2330 vellet
654 2306 797 2336 aarum,
830 2299 864 2328 et
894 2296 1017 2330 Horat.
1048 2294 1121 2329 Sat.
1145 2297 1180 2338 1,
1204 2297 1248 2338 1,
1270 2297 1326 2332 73.
1384 2298 1506 2332 Nescio
1537 2309 1619 2343 quo
1650 2299 1767 2333 valeat

411 2367 586 2397 nummus,
609 2367 706 2400 quem
728 2356 896 2399 praebeat
918 2366 1034 2396 usum,
1057 2355 1199 2389 minime
1222 2358 1386 2400 probant,
1410 2369 1472 2401 per
1493 2369 1530 2391 se
1551 2368 1592 2391 uc
1613 2357 1686 2391 sine
1706 2359 1767 2392 tali

415 2426 554 2455 caussa,
579 2427 668 2458 quae
690 2415 726 2448 in
750 2415 836 2449 Sall.
861 2415 938 2449 loco
960 2415 1107 2457 obtinet,
1131 2417 1198 2450 dici
1225 2428 1340 2460 posse:
1363 2418 1435 2451 feci
1457 2418 1511 2458 id,
1541 2429 1606 2462 qao
1628 2429 1684 2452 me
1705 2419 1767 2452 ad-

417 2475 573 2508 hortatus
605 2480 666 2510 est.
712 2475 854 2510 Scilicet
885 2475 1059 2509 nesciebat
1091 2477 1296 2511 Gerlachius
1319 2477 1470 2520 primum
1492 2477 1527 2510 iu
1551 2477 1706 2525 laudatis*
1722 2479 1767 2512 ab

415 2535 489 2578 ipso
510 2534 597 2567 locis
619 2546 683 2578 quo
705 2535 993 2580 interrogativum
1015 2547 1109 2578 esse,
1140 2537 1230 2580 apud
1254 2537 1339 2570 Sall.
1361 2549 1443 2571 vero
1463 2538 1667 2578 relativum,
1697 2541 1770 2572 tum

417 2605 502 2638 quo,
524 2593 559 2627 in
583 2593 826 2638 interrogando
850 2595 942 2628 haud
965 2607 1044 2629 raro
1067 2597 1229 2639 positum,
1253 2597 1302 2630 ita
1323 2596 1503 2640 usurpari,
1526 2599 1564 2630 ut
1585 2602 1771 2639 quaeratur

418 2652 461 2685 de
481 2653 618 2686 consilio
641 2656 675 2686 et
699 2666 761 2687 usn
784 2653 929 2688 alicuius
951 2656 1021 2698 rei,
1054 2667 1120 2690 non
1143 2656 1184 2689 dc
1207 2668 1244 2690 re
1265 2658 1350 2700 ipsa.
1381 2675 1414 2681 —
1451 2657 1520 2690 Pro
1544 2657 1687 2699 petundi
1707 2657 1771 2691 alt-

420 2723 488 2754 qua
511 2713 606 2746 codd.
633 2724 713 2756 pars
745 2714 849 2748 habet
873 2717 1084 2749 consulatum
1116 2716 1170 2749 vel
1202 2717 1392 2750 consulatu·
1413 2717 1578 2760 petundi,
1600 2717 1690 2760 quod
1712 2728 1772 2751 cur
