1826 3276
423 117 781 210 memmi.
852 147 991 192 cAP.
1022 145 1171 193 cvm.
1401 152 1486 196 581

95 274 261 328 orator,
294 273 339 313 et
369 266 561 312 subdole
590 267 871 328 speculatum
899 265 1078 335 Bocchi
1109 267 1314 332 consilia3
1345 281 1484 330 prae·

93 372 218 412 terea
251 365 432 426 Dabar,
466 363 799 426 Massugradae
833 365 975 420 filius,
1012 380 1069 410 ex
1101 370 1240 426 gente
1273 364 1484 413 Masinis-
1510 345 1512 350 Ι

91 480 183 523 sae,
213 468 413 508 ceterum
446 467 651 508 materno
686 477 857 524 genere
890 462 1036 523 impar
1075 461 1203 522 (nam
1227 468 1360 524 pater
1390 431 1482 510 eius

91 564 148 608 exi
183 560 435 612 concubina
455 619 459 622 Β
481 565 605 605 ortus
652 559 780 620 erat)
851 557 1017 604 Mauro
1053 559 1114 604 ob
1156 560 1308 622 ingeni
1342 562 1481 606 multa

86 660 210 705 bona
244 639 372 704 carus
403 662 724 718 acceptusque.
762 657 914 713 Quem
942 628 1172 716 Bocchus,
1207 657 1352 702 fidum
1382 668 1515 706 esse2

83 755 304 802 Romanis
349 754 498 800 multis
541 759 646 800 ante
689 755 1031 815 tempestatibus
1077 759 1314 822 expertus,
1359 755 1479 800 illico

80 925 237 962 eiderent
268 935 338 960 non
370 923 639 970 perspexissent.
694 923 766 959 Sed
797 923 904 970 longe
936 924 1089 961 deterIor
1121 923 1274 960 aliorum
1304 923 1479 960 librorum

78 986 255 1031 scriptura
278 989 332 1021 est
354 991 574 1022 accesserant
587 1010 598 1030 ,
634 995 741 1030 quam
773 985 860 1020 olim
886 986 1074 1031 vulgatam
1095 985 1305 1020 recentiores
1327 984 1479 1021 editores

79 1050 268 1093 praeeunte
291 1046 412 1083 Cottio
438 1051 534 1083 recte
554 1047 793 1082 deseruerunt.
839 1046 1005 1081 Accidere
1029 1045 1135 1093 enim,
1158 1047 1252 1090 quod
1273 1047 1347 1082 iam
1370 1057 1480 1092 supra
1518 1062 1522 1066 ⁴

79 1120 110 1144 e.
135 1108 364 1152 LXXXVIII,
387 1107 422 1143 5.
447 1120 528 1144 cum
550 1108 715 1143 accedere
737 1107 848 1141 verbo
876 1107 1063 1142 confusum
1094 1106 1267 1150 vidimus,
1294 1107 1338 1142 de
1371 1108 1477 1142 rebus

77 1169 220 1213 dicitur,
243 1180 346 1214 quae,
369 1180 480 1215 quum
507 1168 710 1212 adveniunt,
729 1167 938 1214 perturbant
962 1172 997 1203 et
1019 1167 1056 1201 vi
1078 1178 1145 1201 sua
1167 1169 1270 1212 quasi
1292 1167 1476 1213 affligunt,

77 1240 169 1277 quae
199 1229 370 1266 sententia
401 1233 617 1275 quantopere
638 1229 765 1272 ⁸verbis
788 1229 832 1263 de
855 1229 1040 1274 improviso
1064 1228 1259 1272 adiuvetur,
1284 1227 1399 1272 quivis
1420 1228 1476 1262 fa-

76 1293 146 1328 cile
168 1291 313 1341 videbit.
346 1311 391 1317 —
423 1292 611 1326 Intendere
634 1291 692 1325 vel
714 1301 796 1325 cum
819 1290 872 1324 ire
894 1289 1023 1333 verbo,
1056 1289 1115 1323 vel
1138 1299 1218 1323 cum
1241 1288 1310 1322 iter
1332 1287 1474 1322 nomine

75 1353 302 1390 coniunctum
334 1352 392 1387 vel
423 1351 585 1387 absolute
615 1351 771 1395 positum
802 1351 847 1385 de
876 1351 1016 1385 consilio
1052 1354 1087 1384 et
1118 1349 1307 1384 directione
1340 1348 1474 1384 itineris

73 1413 218 1461 proprie
251 1412 401 1455 dicitur3
430 1413 478 1448 cf.
512 1411 592 1449 Liv.
625 1412 756 1454 XXIX,
789 1410 848 1453 30,
882 1410 918 1445 6.
966 1410 1023 1444 Ad
1052 1409 1258 1463 Syphacem,
1292 1421 1376 1454 quo
1397 1411 1474 1454 pri-

72 1488 168 1512 mum
190 1474 499 1511 intenderant
525 1473 635 1515 iter,
657 1473 900 1517 pervenerunt.
923 1470 1054 1514 XXXI,
1079 1469 1137 1513 33,
1161 1469 1196 1507 6.
1244 1470 1350 1504 Alam
1373 1471 1470 1516 equi-

72 1543 150 1575 tum
189 1536 238 1571 ad
279 1533 530 1581 explorandum
570 1544 760 1578 quonam
799 1533 956 1567 hostes
987 1532 1089 1567 iter
1131 1529 1470 1574 intendissent,

72 1599 181 1634 misit.
204 1596 279 1632 Cic.
302 1596 340 1630 in
357 1594 460 1631 Catil.
480 1595 509 1637 1,
535 1594 593 1638 12,
615 1593 673 1627 30.
698 1594 738 1627 Si
761 1594 839 1637 iste,
863 1604 946 1638 quo
969 1591 1196 1634 intendit,
1220 1592 1258 1626 in
1281 1592 1470 1626 Manliana

71 1665 191 1696 castra
210 1656 421 1703 pervenerit.
451 1655 564 1693 Coa'r.
601 1653 699 1688 Adde
722 1652 990 1688 Drakenborch.
1014 1652 1059 1687 ad
1082 1650 1162 1688 Liv.
1188 1651 1235 1694 X,
1259 1650 1319 1694 43,
1341 1651 1399 1686 13.
1423 1652 1468 1688 ad

18 1731 22 1734 ¹
72 1721 170 1764 XXI,
193 1720 253 1762 29,
276 1718 312 1756 6.
334 1721 370 1755 et
394 1717 584 1753 Ruhnken.
605 1715 652 1753 ad
675 1714 760 1749 Ter.
784 1713 892 1749 Andr.
914 1714 959 1758 11,
985 1713 1020 1757 2,
1043 1713 1079 1749 6.

164 1767 286 1816 CVIII.
325 1781 359 1822 ἓ.
382 1778 417 1814 1.
463 1778 610 1812 multum
642 1781 678 1811 et
711 1774 957 1818 familiariter]
1004 1774 1058 1808 De
1088 1771 1209 1817 priore
1234 1783 1322 1808 voce
1343 1784 1379 1808 v.
1402 1783 1466 1808 an-

69 1845 203 1881 notata
212 1841 261 1877 ad
285 1852 315 1875 c.
345 1840 376 1883 I,
398 1838 434 1875 5.
458 1851 492 1884 p.
514 1838 560 1881 ⁷,
549 1851 559 1859 ·
592 1838 636 1872 de
668 1837 796 1882 copula
820 1837 866 1870 cf.
891 1846 983 1880 quae
1006 1834 1158 1869 diximus
1181 1834 1228 1868 ad
1250 1845 1282 1868 c.
1307 1834 1382 1877 CII,
1406 1834 1465 1869 lo.

70 1906 263 1951 Rostquam
302 1913 385 1936 cum
421 1899 769 1946 plusquamperfecto
808 1897 1034 1932 coniunctum
1069 1894 1321 1940 explicavimus
1352 1895 1398 1929 ad
1433 1907 1464 1931 c.

69 1967 133 2012 XI,
155 1966 191 2001 2.
214 1977 251 2010 p.
271 1962 332 2000 57.
355 1982 401 1988 —-
426 1962 554 1996 Orator
575 1959 600 1994 ἰ.
624 1971 656 1996 e.
687 1960 847 2005 legatus,
879 1958 922 1992 de
952 1969 1023 2003 qua
1052 1959 1225 2002 potestate
1256 1955 1402 2002 egimus»
1416 1956 1463 1991 ad

70 2041 103 2064 e.
135 2026 273 2068 XXIV,
300 2024 336 2059 2.
370 2035 408 2069 p.
441 2022 523 2057 142.
579 2021 743 2056 Ceterum
774 2006 909 2063 pariter
945 2030 1028 2054 cum
1058 2018 1128 2053 hac
1160 2027 1247 2051 voce
1277 2029 1319 2051 ex
1351 2017 1462 2052 verbo

66 2088 280 2136 praemissus
301 2084 427 2130 pendet
450 2083 665 2128 speculatum
689 2081 831 2117 variata
852 2081 1038 2122 structura,
1063 2080 1106 2114 de
1130 2089 1200 2123 qua
1223 2089 1262 2112 re
1285 2077 1358 2112 iam
1381 2088 1460 2112 sae-

68 2151 149 2196 pius
179 2147 352 2191 diximus,
389 2145 488 2180 velut
518 2144 564 2179 ad
595 2155 625 2180 c.
655 2144 684 2187 1,
718 2143 753 2186 2,
786 2154 821 2186 p.
851 2141 887 2176 3.
913 2159 959 2172 -—
991 2140 1106 2183 Nm,
1140 2138 1232 2184 quod
1261 2138 1401 2175 Seu-,2
1425 2141 1460 2173 et

67 2213 208 2253 Reuss„
230 2208 334 2244 codd.
355 2205 507 2251 exiguae
528 2203 633 2249 fidei,
656 2215 726 2239 non
753 2204 896 2247 habent,
921 2201 1059 2237 Cottius
1082 2204 1213 2236 temere
1238 2199 1368 2241 omisit,
1390 2210 1459 2234 non

66 2271 270 2309 recordatus
291 2268 416 2303 tritum
438 2268 512 2301 esse
534 2265 642 2301 huius
664 2265 859 2311 particulae
884 2275 987 2298 usum
1008 2263 1046 2298 in
1069 2261 1282 2307 parenthesi,
1303 2271 1373 2305 qua
1395 2271 1458 2295 an-

67 2334 226 2372 tecedens
248 2330 380 2365 dictum
405 2327 620 2372 explicatur,
655 2326 858 2367 inferenda3
891 2325 938 2358 cf.
969 2336 998 2358 c.
1023 2323 1159 2366 LXIII,
1190 2323 1225 2358 6.
1250 2326 1284 2358 et
1308 2323 1454 2368 Grysar.

67 2397 143 2432 Art.
166 2393 290 2430 latine
315 2389 489 2427 scribendi
518 2401 554 2435 p.
580 2387 662 2424 544.
685 2408 732 2414 —-
755 2389 811 2424 De
834 2385 952 2422 verbis
975 2397 1078 2423 carus
1101 2389 1329 2433 acceptusque
1350 2395 1386 2422 v.
1408 2383 1454 2419 ad

66 2469 98 2493 c.
120 2457 233 2498 Lxx,
254 2455 291 2490 2.
912 2498 915 2500 ¹

159 2519 194 2562 §-
217 2516 252 2551 2.
288 2514 406 2560 fidum
429 2524 503 2548 esse
525 2511 713 2556 Romanis]
761 2508 953 2554 Romanis,
986 2508 1080 2553 quod
1108 2507 1144 2543 in
1168 2518 1240 2543 uno
1262 2507 1340 2543 cod.
1365 2506 1453 2542 Gla-

65 2578 164 2616 teani
186 2589 230 2614 ac
250 2577 330 2612 Vat.
353 2575 389 2612 5.
420 2575 539 2618 deest,
566 2574 672 2619 Bipp.
697 2572 911 2614 omiserunt,
938 2571 1044 2606 valde
1063 2569 1290 2615 probantibus
1312 2567 1451 2613 Langio

65 2652 111 2677 ac
136 2640 329 2681 Muellcro,
359 2636 444 2682 quia
473 2636 631 2680 ineptum
655 2634 720 2676 sit,
745 2634 924 2668 Dabarem
947 2635 1132 2678 propterea
1152 2642 1175 2667 a
1197 2630 1340 2665 Boccho
1361 2639 1451 2662 nuu-

64 2701 161 2736 cium
183 2700 332 2735 electum
356 2710 444 2740 esse,
467 2697 559 2741 quod
584 2695 751 2730 Romanis
776 2695 866 2729 fidus
887 2692 1017 2735 fuerit,
1040 2691 1166 2737 quibus
1188 2692 1351 2727 Bocchus
1373 2689 1451 2734 ipse

65 2764 155 2799 osset
184 2761 320 2797 infidus.
378 2760 502 2805 Quare
529 2758 643 2794 deleto
675 2757 745 2793 hoc
776 2754 951 2792 vocabulo
983 2754 1029 2790 ad
1050 2754 1167 2799 fidam
1200 2763 1271 2789 esse
1299 2748 1450 2795 intelligi
