1826 3276
414 196 471 237 82
773 191 816 234 G.
847 188 1170 235 SALLUSTI
1199 188 1431 235 chsrl.

353 315 402 353 12
415 321 520 351 sem.
590 303 696 362 Ego
739 304 800 347 sic
840 302 1151 347 existumabant
1169 333 1183 360 ‚
1226 303 1381 348 Patres
1425 304 1684 363 conscripti,
1728 308 1776 348 ut

413 399 742 461 praedicantem
776 396 1028 441 audiveram
1061 402 1234 457 patrem
1266 412 1438 455 meum,
1470 399 1549 457 qui
1584 403 1776 445 νοείτω

415 493 648 537 amicitiam
695 492 926 551 diligenter
969 493 1191 548 colerent,
1235 507 1314 537 eos
1355 493 1544 538 multum
1577 492 1777 559 laborem

381 648 385 658 l
416 588 665 646 suscipere,
701 591 895 631 ceterum
926 601 980 631 ex
1020 587 1220 631 omnibus
1260 602 1464 632 maxume
1503 562 1620 631 tutos
1667 602 1773 633 esse.

353 691 401 729 13
416 681 552 737 Quod
580 682 625 726 in
654 681 816 724 familia
842 686 986 724 nostra
1015 681 1120 739 fuit,
1151 683 1378 741 praestitit,
1412 683 1475 726 uti
1501 683 1548 726 in
1575 681 1775 727 omnibus

415 777 540 820 bellis
569 775 742 820 adesset
770 776 916 830 vobis;
960 790 1041 820 nos
1071 777 1133 819 uti
1169 791 1254 836 per
1288 778 1425 824 otium
1463 778 1544 820 tuti
1573 777 1705 822 simus
1734 776 1778 820 in

352 887 548 929 14manu
579 875 725 915 vostra
755 877 844 925 est,
878 871 1029 915 Patres
1063 871 1312 931 conscripti.
1380 871 1514 916 Pater
1547 887 1627 916 nos
1664 871 1774 915 duos

414 967 572 1011 fratres
619 967 815 1024 reliquit3
858 966 1060 1023 tertium,
1103 965 1362 1026 Iugurtham
1381 999 1393 1022 ‚
1428 966 1653 1010 beneficiis
1690 966 1775 1013 suis

412 1068 529 1106 ratus
565 1067 630 1106 est
663 1060 943 1104 coniunctum
969 1061 1094 1105 nobis
1123 1061 1232 1104 fore.
1300 1061 1428 1104 Alter
1465 1075 1618 1104 eorum
1643 1075 1778 1104 neca-

411 1186 599 1222 extorrem,
631 1180 784 1224 inopem,
820 1184 1010 1223 coopertum
1041 1180 1153 1223 effecit
1187 1178 1426 1222 praedicatum
1460 1178 1505 1213 sit
1537 1178 1662 1214 obiecti
1691 1178 1779 1213 nihil

411 1241 522 1274 minus
545 1244 905 1284 exspectantem,
928 1249 1016 1283 quae
1038 1240 1146 1274 verba
1169 1250 1237 1272 non
1258 1238 1483 1282 appositionis
1504 1238 1542 1272 vi
1560 1238 1605 1272 ad
1627 1237 1780 1282 protasia

412 1300 598 1343 pertinent,
632 1299 691 1333 sed
715 1300 879 1343 apodosin
910 1299 1089 1343 incipiunt.
1136 1300 1237 1343 Quae
1259 1302 1449 1342 sequuntur
1471 1295 1513 1335 ut
1533 1298 1643 1332 ubivis
1661 1315 1704 1322 -
1725 1308 1780 1330 es-

411 1370 503 1401 sem,
532 1359 637 1394 facile
669 1362 792 1392 coeunt
821 1369 900 1392 cum
936 1358 1170 1403 praegressis,
1199 1358 1302 1392 modo
1333 1362 1451 1392 teneas
1482 1369 1543 1402 per
1576 1356 1780 1401 epexegesim

413 1420 546 1454 adiecta
564 1430 657 1460 esse,
688 1418 789 1451 cuius
808 1418 880 1451 vim
905 1418 1048 1460 senties,
1083 1418 1113 1452 si
1135 1422 1211 1467 post
1233 1420 1345 1463 effecit
1369 1418 1579 1463 cogitatione
1599 1417 1779 1461 suppleve-

413 1479 460 1513 ris
483 1480 534 1514 ita
558 1480 704 1524 quidem.
751 1477 912 1511 Ceterum
936 1477 1140 1511 Gerlachius
1163 1479 1296 1523 efficere
1319 1488 1499 1522 perperam
1523 1476 1657 1520 poetice
1679 1487 1779 1510 usur-

412 1542 531 1582 patum
560 1538 708 1580 iudicat,
741 1537 838 1571 cuius
866 1537 1006 1581 propria
1043 1537 1156 1581 potius
1186 1530 1334 1582 potestas
1365 1537 1403 1571 h.
1436 1537 1462 1570 l.
1494 1538 1638 1570 constat.
1692 1535 1780 1568 vero

412 1597 505 1631 enim
531 1597 727 1641 Herzogius
750 1597 794 1631 ad
818 1597 923 1630 Cutil.
947 1597 1047 1638 xlv,
1079 1597 1114 1631 4.
1143 1608 1178 1640 p.
1202 1597 1258 1631 72.
1292 1596 1408 1631 docuit
1440 1596 1534 1639 effici
1565 1595 1610 1628 de
1633 1605 1675 1628 eo
1698 1593 1779 1637 dici,

412 1657 501 1700 quod
525 1656 682 1691 adhibito
707 1656 842 1697 studio,
867 1657 998 1698 labore,
1022 1656 1237 1690 contentione
1255 1660 1293 1690 et
1316 1655 1556 1703 exercitatione
1581 1654 1683 1697 plane
1711 1653 1781 1688 tale

411 1716 555 1759 existat,
585 1715 686 1759 quale
708 1714 743 1748 id
768 1725 842 1748 esse
873 1715 1039 1757 velimus,
1070 1719 1130 1749 aut
1161 1725 1215 1748 res
1245 1715 1323 1759 ipsa
1352 1714 1524 1756 ostendam
1557 1714 1604 1748 οἳ.
1633 1713 1777 1758 Fragm-

411 1776 502 1810 Hist.
532 1776 568 1817 1,
592 1774 658 1816 19,
679 1774 714 1809 3.
738 1785 774 1808 se
806 1786 824 1808 e
854 1780 1041 1819 contempto
1064 1775 1282 1810 metuendum
1316 1774 1492 1818 effecit.
1515 1772 1563 1809 id.
1585 1765 1720 1815 lv,‘12‚
1743 1770 1778 1805 8.

412 1835 568 1869 Attalum
591 1835 828 1869 miserrumum
851 1847 1022 1870 servorum
1046 1837 1268 1879 effecere.
1289 1835 1387 1870 Caes.
1411 1834 1454 1868 B.
1479 1833 1525 1867 G.
1546 1831 1606 1874 lv,
1628 1831 1666 1865 l.v
1689 1841 1778 1876 quae

410 1905 464 1928 res
487 1899 522 1928 et
543 1895 608 1928 sibi
629 1905 757 1940 genere
791 1901 826 1930 ct
856 1897 1060 1939 quotidiana
1093 1895 1496 1928 exercitationc—
1526 1892 1614 1925 vires
1646 1892 1712 1925 alit
1744 1895 1778 1925 et

411 1953 554 1986 immam·
575 1964 750 2003 corporum
773 1955 1015 1999 magnitudine
1049 1955 1199 1988 homines
1230 1965 1248 1988 c
1252 1954 1320 1997 ssi
1328 1953 1406 1987 cit.
1441 1952 1486 1986 id.
1509 1951 1553 1985 B.
1578 1951 1616 1987 C.
1638 1951 1698 1991 ΙΙΙ,
1720 1950 1778 1992 84,

410 2011 442 2045 3.
467 2024 555 2056 quae
585 2024 640 2046 res
668 2014 713 2047 in
743 2015 839 2048 dies
871 2015 1155 2059 confirmatiorem
1191 2015 1262 2047 eius
1294 2013 1478 2046 exercitum
1509 2011 1775 2055 efficiebat,

410 2071 531 2105 Noster
554 2071 655 2106 Cutil.
681 2074 786 2116 XLII,
809 2074 842 2109 2.
867 2075 1091 2118 festinando,
1127 2073 1358 2118 agitando
1391 2071 1541 2106 omnia
1569 2072 1648 2114 plus
1676 2071 1777 2104 timo-

409 2131 458 2165 ris
480 2143 580 2175 quam
603 2133 748 2176 periculi
781 2136 1061 2178 effecerant.
1081 2133 1127 2158 -“-
1161 2134 1211 2165 De
1244 2131 1385 2166 extorris
1416 2130 1579 2165 vocabuli
1604 2130 1720 2164 forma
1741 2140 1776 2163 v.

410 2191 512 2225 Conr.
536 2193 642 2236 Leop.
677 2193 880 2228 Schneideri
906 2194 1064 2229 Gramm.
1093 2193 1169 2228 Lat.
1193 2192 1239 2225 T.
1258 2192 1285 2225 1.
1311 2191 1352 2227 P.
1368 2190 1396 2225 Ι.
1428 2202 1463 2234 p.
1484 2189 1610 2234 12-sq„
1645 2189 1688 2223 de
1710 2200 1775 2224 usu

410 2254 444 2285 et
466 2255 640 2286 structura
662 2253 789 2286 Duker.
814 2253 858 2288 ad
880 2253 956 2289 Liv.
978 2254 1053 2295 vll,
1075 2252 1110 2294 4,
1132 2251 1166 2285 4.
1190 2251 1276 2285 Sall.
1299 2251 1444 2295 Fragm.
1467 2249 1557 2285 nist.
1579 2249 1623 2292 11,
1645 2249 1680 2283 6.
1704 2249 1774 2283 Pro

410 2311 516 2344 tutius
550 2311 665 2346 Guelf.
696 2312 754 2346 11.
786 2317 821 2347 et
856 2313 925 2348 luc.
954 2313 987 2348 1.
1010 2314 1140 2348 habent
1162 2313 1278 2352 tutior,
1301 2310 1423 2344 scribis
1450 2309 1690 2355 ignorantibus
1713 2307 1776 2347 ubi

410 2381 481 2404 esse
503 2371 648 2405 verbum
669 2372 874 2416 praegnanti
897 2384 995 2407 sensu
1026 2373 1223 2407 universam
1246 2370 1390 2405 alicuius
1413 2373 1521 2404 status
1543 2367 1776 2403 condicionem

410 2431 675 2474 complectatur,
706 2431 808 2469 islam
843 2432 1077 2467 condicionem
1106 2431 1263 2476 legitime
1296 2429 1460 2464 adverbio
1492 2427 1710 2473 significari;
1733 2426 1776 2459 do

409 2500 477 2533 quo
499 2502 564 2524 usu
586 2491 734 2525 diximus
757 2493 800 2526 ad
823 2493 926 2527 Catil.
951 2493 1076 2534 Lvm,
1099 2492 1135 2528 9.
1169 2504 1203 2535 p.
1226 2489 1296 2525 306
1311 2502 1361 2533 sq.
1394 2493 1428 2523 et
1461 2488 1505 2523 ad
1539 2489 1615 2532 lug.
1638 2487 1714 2528 vu,
1735 2486 1772 2520 6.

409 2551 527 2594 Quare
548 2551 636 2586 haec
659 2551 709 2586 ita
743 2552 933 2597 capienda:
968 2553 1045 2587 dass
1076 2551 1135 2586 ich
1165 2548 1302 2586 'iiber-all
1331 2551 1368 2584 in
1392 2549 1484 2584 einer
1505 2547 1676 2582 sicherern
1705 2545 1774 2579 La-

409 2619 457 2654 ge
480 2610 548 2644 bin.
1365 2607 1373 2616 ‘

503 2671 535 2717 §.
566 2669 622 2703 12.
666 2671 948 2716 praedicantem]
983 2674 1032 2706 De
1055 2673 1225 2715 potestate
1252 2667 1357 2702 huius
1388 2665 1486 2700 verbi
1517 2675 1551 2699 v·
1585 2664 1630 2699 ad
1666 2663 1770 2697 Catil.

412 2729 566 2774 xnvlu,
590 2730 623 2767 9.
645 2742 679 2774 p.
700 2730 778 2765 225.
801 2749 844 2756 —-
867 2732 924 2765 Sic
957 2735 1037 2765 ante
1060 2729 1306 2766 existimabam
1338 2737 1406 2769 quo
1436 2723 1568 2759 dicendi
1592 2734 1656 2757 usu
1679 2721 1770 2766 posi-
