1826 3276
449 179 823 224 IUGURTHA.
874 177 1000 223 CAP.
1035 176 1114 219 XI.
1424 177 1482 218 57

77 299 157 363 gio
188 302 302 346 iusta
335 299 575 360 magnifice
605 297 829 353 fecerant,
875 294 1021 356 reguli
1061 294 1105 338 in
1140 309 1277 338 unum
1311 276 1481 338 conve-

76 414 205 456 nere,
264 399 326 444 uti
364 398 479 441 inter
523 412 571 440 se
615 395 674 439 de
712 394 884 439 cunctis
905 385 1114 454 'negotiis
1159 391 1473 452 disceptarent.

77 496 172 542 Sed
209 496 474 556 Hiempsal,
522 495 599 553 qui
649 494 870 536 minumus
911 507 968 535 ex
1013 491 1096 535 illis
1137 496 1232 535 erat
1250 524 1263 548 ‚
1317 497 1511 536 natura3

77 594 208 639 ferox
235 601 279 638 et
312 594 402 638 iam
435 598 537 636 ante
574 591 903 651 ignobilitatem
929 588 1201 650 Iugurthae,
1246 589 1351 648 quia
1380 605 1479 633 ma-

79 715 252 751 Numidia
278 714 471 750 decederet.
504 712 669 755 XXXIX,
697 710 732 746 4.
767 712 936 746 Paucis
959 710 1127 744 diebus
1158 711 1197 744 in
1219 712 1377 755 Africam
1395 723 1480 755 pro-

67 777 254 823 ficiscitur.
277 776 402 817 XLVI,
412 773 447 810 5.
471 775 595 816 LXIV,
609 773 645 809 5.
669 773 863 815 LXXXVI,
880 773 915 807 4.
939 783 974 809 v,
990 770 1175 808 Moebium
1197 772 1243 806 ad
1263 772 1362 806 Caes.
1380 773 1482 808 B.G.

78 838 105 880 1,
122 837 180 880 31,
199 837 254 874 11.
272 837 429 871 Gronov,
455 840 490 871 et
512 837 689 870 Drakenb.
708 836 753 870 ad
778 835 856 870 Liv.
878 834 993 877 XXX,
1009 833 1066 875 21,
1086 831 1120 867 9.
1137 851 1182 858 -
1219 833 1412 878 Postquam
1435 852 1483 860 -—·

69 900 237 943 fecerant
259 899 375 934 rarior
398 902 450 933 est
472 902 667 940 structura,
701 898 770 931 hac
793 896 969 941 particula
993 895 1198 939 plerumque
1221 905 1301 928 cum
1325 895 1483 939 perfecto

77 960 281 1002 coniuncta3
313 961 374 994 sed
405 964 503 995 recte
536 960 672 994 monuit
707 957 909 1002 Herzogius
935 956 980 991 ad
1013 955 1119 990 Catil.
1144 966 1173 988 c.
1197 955 1267 996 LV,
1285 955 1317 989 1.
1341 968 1374 1000 p.
1398 955 1482 992 338.

77 1021 146 1056 ubi
164 1022 542 1067 plusquamperfectum
566 1022 741 1055 habeatur
765 1023 945 1054 auctorem
976 1028 1046 1052 non
1069 1021 1143 1051 tam
1168 1015 1376 1060 simpliciter
1398 1029 1484 1052 nar-

77 1085 210 1126 rantis,
234 1095 342 1128 quam
364 1083 555 1118 iudicantis
569 1087 605 1117 et
627 1094 685 1116 res
707 1082 798 1115 inter
822 1093 859 1115 se
882 1078 1123 1124 comparantis
1147 1082 1263 1123 partes
1290 1078 1483 1123 sustinere3

77 1145 125 1179 cf.
149 1145 227 1191 lug.
247 1145 416 1191 XLIVA.
462 1145 608 1179 Albinus
628 1149 814 1189 postquam
838 1143 1042 1177 decreverat
1056 1153 1126 1175 non
1144 1140 1268 1186 egredi
1289 1141 1482 1185 provincia,

7 1210 10 1214 '
78 1207 208 1242 milites
226 1207 367 1242 stativis
389 1205 515 1240 castris
538 1206 700 1240 habebat.
725 1204 847 1247 cvm,
866 1204 899 1239 1.
915 1203 995 1238 Liv.
1016 1203 1129 1244 XXII,
1151 1201 1209 1246 48,
1228 1202 1262 1237 4.
1283 1203 1372 1237 Tae.
1390 1204 1482 1238 Ann-

78 1268 172 1311 XIV,
196 1269 255 1312 49,
277 1269 312 1303 1.
338 1287 384 1294 —
407 1268 447 1302 In
469 1267 611 1312 Bipont.
628 1271 663 1302 et
679 1266 862 1314 Langiana
885 1265 1037 1300 editione
1059 1275 1201 1300 comma
1221 1268 1301 1309 post
1316 1268 1484 1309 fecerant

77 1331 256 1366 sublatum
283 1333 361 1375 post
381 1329 508 1375 reguli
540 1329 754 1364 vocabulum
790 1329 967 1372 habetur,
998 1330 1120 1361 contra
1152 1327 1311 1362 Sallustii
1335 1339 1485 1371 morem,

78 1391 140 1436 qui
164 1393 299 1427 duabus
320 1390 499 1425 sententiis
534 1390 584 1425 ita
607 1388 841 1433 comparum,
873 1393 912 1423 ut
934 1389 1074 1433 utrique
1089 1389 1182 1423 idem
1205 1389 1402 1424 subiectum
1425 1389 1484 1434 sit,

79 1453 117 1487 id
139 1465 278 1499 semper
301 1452 511 1497 primariae,
535 1448 715 1496 nunquam
739 1450 968 1485 secundariae
992 1450 1176 1493 attribuit3
1199 1462 1312 1496 neque
1338 1451 1382 1487 ad
1406 1463 1484 1487 rem

80 1514 250 1559 pertinet,
275 1514 367 1558 quod
392 1512 600 1548 secundaria
625 1513 798 1548 antecedit
831 1513 994 1547 alteram·
1050 1513 1215 1548 ceterum
1246 1514 1302 1548 illi
1324 1513 1484 1549 dativum

81 1587 156 1610 esse
178 1587 242 1620 per
261 1587 298 1610 se
319 1579 428 1620 patet.
445 1595 492 1600 -
510 1576 564 1610 De
581 1574 732 1609 dictione
750 1575 788 1609 in
805 1587 910 1609 unum
928 1585 962 1610 v,
987 1575 1030 1608 ad
1049 1576 1125 1610 Cat.
1140 1574 1249 1616 xvn,
1267 1575 1302 1609 2.
1320 1587 1353 1619 p.
1365 1574 1484 1609 82.-

84 1638 281 1672 Conoenere
304 1647 424 1671 omnes
448 1639 565 1671 tenent
589 1636 722 1679 Cottii,
759 1636 926 1679 Grutexi,
958 1636 1111 1680 IVassii,
1146 1636 1266 1670 Leidd.
1293 1636 1386 1683 Teg.
1411 1638 1487 1673 Erl.

84 1698 204 1733 Gom-l.
228 1702 263 1733 et
284 1697 456 1733 Priscian.
479 1697 545 1739 III,
570 1696 605 1739 5,
631 1697 690 1732 26.
723 1709 757 1741 p.
794 1697 876 1731 122.
906 1697 962 1731 ed.
994 1697 1059 1732 Kr.
1110 1697 1349 1733 Convenerunt
1371 1702 1425 1733 est
1447 1698 1486 1733 in

83 1760 168 1795 Bas.
191 1756 226 1794 1.
246 1759 281 1794 4.
305 1760 412 1794 Bern.
436 1757 469 1791 1.
492 1758 527 1792 3.
552 1759 674 1794 Berol.
705 1758 738 1792 1.
763 1758 797 1792 2.
827 1759 931 1792 Misn.
960 1759 1064 1803 idque
1098 1759 1311 1794 Gerlachius
1328 1759 1366 1793 in
1388 1763 1488 1796 textu

84 1820 273 1866 expressit,
299 1831 516 1865 quamquam
538 1820 574 1854 in
591 1821 802 1855 Commentt.
818 1831 855 1864 p.
871 1819 953 1854 227.
978 1819 1167 1864 improbat.

178 1885 211 1927 §.
234 1883 270 1918 3.
317 1882 377 1928 qui
407 1882 582 1937 minumus
613 1893 654 1916 ex
695 1882 766 1916 illis
801 1882 892 1926 erat]
926 1882 1017 1916 Erat
1050 1882 1189 1916 Cortius
1221 1886 1355 1917 temere
1385 1883 1490 1918 nnius

82 1944 225 1979 vratisl.
241 1943 276 1981 3.
299 1943 370 1978 fide
391 1942 569 1987 expunxit.
591 1960 639 1970 -—
664 1942 843 1977 Minumus
865 1944 983 1987 paullo
999 1941 1204 1978 insolentius
1226 1956 1291 1990 pro
1314 1946 1489 1981 minumus

83 2010 170 2040 natu
196 2005 330 2040 dietum
352 2003 511 2046 videtur,
543 2015 762 2048 quamquam
796 2004 920 2039 Livius
953 2015 1094 2048 quoque
1125 2005 1176 2039 ita
1207 2006 1298 2040 dixit
1318 2007 1345 2050 Ι,
1370 2005 1427 2049 53,
1453 2006 1489 2042 5.

86 2069 210 2103 Sextus
226 2067 328 2113 filius
347 2067 440 2110 eius,
467 2066 526 2112 qui
550 2067 714 2101 minimus
737 2077 778 2100 ex
797 2066 908 2100 tribus
928 2070 1018 2101 erat.
1037 2085 1084 2092 -
1116 2067 1166 2102 Et
1184 2068 1257 2102 iam
1276 2068 1491 2103 Gerlachius

86 2127 195 2163 Rivio
219 2132 410 2173 praeeunte
432 2132 526 2163 recte
549 2128 690 2173 scripsit
715 2139 777 2172 pro
803 2128 933 2170 etiam,
971 2128 1065 2172 quod
1090 2140 1210 2164 omnes
1233 2130 1331 2164 codd.
1357 2133 1391 2164 et
1409 2130 1489 2165 edd.

86 2188 242 2231 obsidet3
276 2201 383 2234 quam
405 2191 521 2224 lenem
545 2191 825 2226 emendationem
854 2191 907 2235 (v,
933 2190 979 2224 ad
1000 2202 1030 2225 c.
1054 2191 1200 2233 XLVII,
1223 2192 1258 2226 2.
1284 2193 1412 2235 XXIV,
1435 2193 1489 2238 4.)

87 2261 156 2284 non
180 2249 296 2285 solum
320 2252 542 2288 commendat
565 2253 691 2287 durum
717 2251 926 2287 bimembris
950 2252 1142 2287 sententiae
1165 2254 1356 2299 asyndeton
1372 2255 1491 2289 subla-

87 2315 185 2356 tum,
211 2312 271 2347 sed
300 2313 441 2358 flagitat
463 2320 548 2351 ante
572 2313 789 2360 particulae,
820 2325 902 2348 cum
925 2313 962 2348 vi
986 2315 1141 2358 positae,
1174 2316 1278 2349 ratio.
1327 2315 1492 2350 Ceterum

89 2374 229 2408 Cottius
255 2373 298 2408 de
321 2375 392 2409 suis
415 2376 514 2413 codd.
540 2376 632 2410 nihil
654 2387 800 2410 monens
823 2374 962 2419 scripsit
988 2382 1120 2417 απιεας
1151 2378 1211 2411 scd
1246 2382 1328 2411 ante
1359 2378 1493 2413 habent

87 2433 210 2470 omnes
227 2435 371 2470 Gruteri
383 2461 392 2479 ‚
418 2437 571 2480 Wassii‚
595 2437 716 2474 Leidd.
733 2437 817 2472 Bas.
838 2438 870 2472 l.
886 2436 921 2472 4.
936 2437 1054 2472 Berol.
1075 2440 1105 2473 l.
1124 2439 1159 2472 2.
1184 2436 1289 2472 Misn.
1312 2457 1358 2462 ——
1375 2439 1492 2475 Verba

89 2497 174 2541 quia
206 2502 365 2532 materno
388 2508 518 2543 genere
543 2499 659 2544 impar
682 2504 760 2534 erat
781 2498 920 2533 Cortius
952 2502 1085 2533 temere
1115 2510 1180 2543 pro
1205 2499 1393 2543 suppositis
1420 2501 1491 2535 ha-

89 2557 260 2601 buitsvix
286 2559 353 2593 sibi
379 2562 578 2603 temperans
601 2559 686 2604 quin
707 2560 910 2604 expelleret,
936 2561 1019 2604 quia
1043 2560 1116 2595 iam
1139 2571 1246 2604 supra
1261 2573 1291 2597 c.
1308 2562 1349 2603 V,
1373 2562 1408 2597 7.
1435 2562 1490 2597 di-

90 2622 185 2653 ctum
209 2618 254 2654 sit
272 2619 486 2666 Iugurtham
509 2632 551 2655 ex
574 2622 769 2656 concubina
791 2624 910 2656 ortum
933 2630 1028 2662 esse,
1051 2623 1086 2655 et
1101 2633 1131 2654 c.
1156 2620 1280 2666 cvm,
1301 2623 1332 2657 1.
1357 2623 1488 2659 iterum

0 2704 20 2719 v,
90 2679 149 2714 his
179 2680 263 2725 ipsis
295 2681 413 2717 verbis
450 2681 524 2718 eius
556 2682 762 2729 ignobilitas
793 2684 1022 2717 memoretur.
1077 2682 1148 2717 Sed
1179 2683 1241 2727 qui
1270 2685 1488 2729 reputaverit

90 2740 300 2777 Sallustium
325 2743 362 2778 h.
384 2744 409 2778 1.
433 2755 574 2779 caussas
595 2755 768 2789 exponere
782 2770 791 2788 ‚
824 2755 888 2778 cur
910 2744 972 2779 ille
995 2744 1197 2790 Hiempsali
1225 2749 1403 2790 tantopere
1426 2746 1487 2780 de-

91 2803 224 2848 spectui
246 2808 353 2848 esset,
376 2816 547 2850 perquam
573 2805 757 2842 commode
783 2810 962 2844 auctorem
986 2807 1061 2845 eius
1078 2807 1131 2844 rei
1154 2808 1363 2854 primariam
1385 2819 1488 2843 caus-
