1826 3276
325 169 409 210 486
687 163 733 206 C.
762 161 1072 204 SALLUSTI
1102 161 1316 204 CRISPI

324 284 458 337 atque
491 278 554 322 uti
587 276 712 320 simul
747 289 848 318 cum
882 290 1040 318 occasu
1074 275 1174 319 solis
1202 276 1525 335 egrederentur,
1546 294 1680 339 para-

324 379 392 417 tos
427 388 522 416 esse
556 370 698 424 iubet,
732 369 934 413 omnibus
970 370 1144 414 sarcinis
1181 371 1360 415 abiectis
1403 387 1518 430 aqua
1545 375 1681 418 modo

298 479 472 525 3seque
510 470 555 509 et
585 465 778 508 iumenta
813 478 1011 511 onerare.
1077 464 1211 520 Dein,
1245 473 1481 525 postquam
1511 473 1683 528 tempus

324 561 488 618 visum,
532 560 682 603 castris
729 559 985 620 egreditur,
1030 540 1294 618 noctemque
1345 553 1482 605 totam
1533 562 1685 607 itinere

324 657 444 700 facto
490 654 719 707 consedit3
770 654 891 698 idem
943 668 1162 714 proxuma
1214 655 1346 709 facit3
1405 655 1506 700 (lein
1558 658 1685 701 tertia

324 751 462 795 multo
497 755 597 793 ante
632 748 738 792 lucis
773 727 1011 794 adrentum
1045 740 1247 808 pervenit
1279 751 1322 794 in
1354 749 1504 796 locum
1537 757 1686 796 tumu-

325 846 509 900 losum„
537 845 594 888 ab
632 844 782 904 Capsa
819 860 907 887 non
945 845 1132 904 amplius
1170 845 1306 888 duum
1336 846 1518 890 millium
1549 847 1686 890 inter-

327 939 456 996 vallo,
490 939 640 997 ibique
676 954 809 997 quam
839 939 1144 984 occultissume
1171 946 1320 999 potest
1354 955 1455 984 cum
1485 942 1686 985 omnibus

289 1035 464 1094 4copiis
500 1035 744 1094 opperitur.
813 1034 908 1078 Sed
938 1034 1014 1078 ubi
1049 1035 1143 1078 dies
1171 1035 1341 1094 coepit,
1377 1012 1422 1079 et
1455 1035 1687 1092 Numidae,

325 1131 431 1175 nihil
476 1129 635 1173 hostile
678 1134 948 1184 metuentes,
1003 1130 1126 1173 multi
1170 1129 1343 1189 oppido
1383 1131 1568 1190 egressi,
1615 1147 1688 1175 re-

326 1231 464 1286 pente
514 1239 692 1268 omnem
735 1225 1000 1282 equitatum,
1051 1231 1095 1268 et
1141 1240 1241 1269 cum
1275 1225 1343 1269 his
1379 1226 1689 1270 velocissumos

325 1320 499 1380 pedites
534 1335 663 1365 cursu
697 1320 879 1364 tendere
914 1319 972 1362 acl
1004 1319 1199 1379 Capsam
1235 1320 1278 1364 et
1306 1304 1456 1380 portas
1489 1322 1691 1366 obsidere

326 1417 473 1469 iubet3
529 1414 691 1459 deinde
739 1415 834 1474 ipse
879 1414 1066 1459 intentus
1111 1430 1308 1474 propere
1354 1415 1499 1474 sequi,
1546 1400 1690 1474 neque

644 1526 654 1548 ι

325 1574 494 1614 mutauit,
519 1584 626 1617 quum
655 1584 798 1607 onerare
830 1582 967 1616 quoque
999 1582 1042 1604 ex
1071 1572 1135 1605 isto
1160 1573 1266 1606 verbo
1288 1573 1441 1616 pendeat-
1467 1589 1513 1598 -—
1536 1571 1587 1605 ne
1609 1581 1694 1606 voce

327 1635 411 1669 lucis
443 1645 477 1667 V.
508 1634 552 1667 ad
585 1645 616 1668 c.
651 1634 754 1674 XXl,
777 1634 811 1666 2.
842 1651 888 1657 —
924 1633 1124 1664 'litmulosus
1153 1633 1278 1676 explic.
1306 1634 1351 1666 ud
1384 1644 1414 1666 c.
1446 1632 1572 1673 LXVI,
1591 1631 1627 1668 2.
1648 1650 1693 1658 -

328 1695 441 1727 Duum
456 1720 466 1734 ,
497 1696 537 1726 ut
559 1703 589 1726 c.
613 1693 663 1735 L,
686 1692 721 1726 3.
744 1697 779 1726 et
802 1693 886 1732 cvl,
909 1691 944 1726 5.
967 1693 1011 1725 cf.
1037 1691 1299 1726 Drakenborch.
1322 1693 1366 1726 ad
1390 1692 1466 1729 Liv.
1489 1692 1549 1735 Ill,
1573 1691 1632 1733 25,
1655 1691 1690 1726 4.

327 1754 416 1789 Plin.
441 1754 488 1787 Η.
510 1752 554 1787 Ν.
579 1753 664 1793 XX,
687 1752 721 1793 7,
744 1751 801 1786 21.
834 1753 938 1795 XXI,
962 1753 1027 1796 17,
1051 1753 1108 1788 68.
1132 1771 1178 1778 —-
1207 1752 1259 1785 Ad
1293 1753 1400 1787 verba
1422 1753 1527 1786 duum
1547 1752 1694 1786 millium

326 1813 554 1858 supplendum
576 1822 650 1846 esse
670 1822 834 1855 passuum
860 1811 1008 1846 diximus
1038 1813 1083 1847 ad
1107 1825 1138 1846 c.
1162 1812 1300 1855 LXXV,
1323 1812 1358 1846 2.

418 1876 450 1915 §-
474 1872 496 1906 4
515 1892 560 1898 -
579 1872 614 1906 7.
660 1882 735 1905 cum
767 1872 847 1915 Ῑιίε]
890 1873 955 1906 His
988 1884 1049 1916 per
1079 1871 1218 1918 synesin
1248 1874 1377 1914 spectat
1409 1871 1456 1905 ad
1489 1870 1692 1914 equitatum,

327 1933 426 1976 quasi
463 1933 593 1966 dictum
630 1936 719 1965 esset
755 1932 910 1976 equites,
945 1933 1047 1976 plane
1077 1937 1115 1967 ut
1147 1943 1177 1966 c.
1213 1931 1329 1973 XCV,
1363 1931 1418 1971 1.;
1452 1939 1488 1964 v-
1521 1929 1567 1963 ad
1591 1928 1693 1964 Catil.

328 1994 488 2034 xxxix,
520 1992 554 2026 3.
577 1992 620 2026 ud
655 1993 732 2036 lug.
755 1991 840 2034 XV,
865 1991 898 2025 1.
921 2009 967 2017 -—
996 1993 1148 2026 Intentus
1179 1990 1430 2032 explicavimus
1449 1990 1495 2024 ad
1517 2001 1548 2023 c.
1573 1989 1692 2031 XLVI,

327 2050 362 2086 5.
384 2069 429 2076 —
460 2051 618 2086 Ceterum
642 2062 705 2095 per
738 2062 775 2084 se
806 2053 900 2095 patet
921 2052 957 2085 h.
980 2052 1004 2086 1.
1029 2050 1233 2086 adverbium
1256 2060 1351 2091 esse,
1382 2050 1426 2083 de
1447 2060 1514 2093 quo
1537 2060 1573 2082 v.
1595 2049 1639 2083 ad
1662 2060 1694 2084 c.

328 2112 373 2152 11,
395 2110 430 2144 4.
457 2129 495 2136 -
523 2111 665 2145 Aditu
698 2111 854 2154 difficilis
876 2121 944 2144 nou
967 2111 1178 2154 explicamus
1202 2114 1365 2144 consueto
1388 2120 1485 2144 more
1509 2109 1692 2143 Gramma·

328 2172 478 2206 ticorum
494 2195 504 2212 ,
533 2170 696 2214 supinum
731 2171 767 2204 in
798 2183 821 2204 u
845 2170 973 2213 ubique
996 2181 1059 2214 pro
1083 2170 1237 2204 ablativo
1264 2169 1466 2203 habentium
1483 2191 1492 2209 ,
1526 2169 1587 2202 sed
1611 2169 1697 2204 duae

328 2231 402 2264 eius
424 2231 557 2277 formas
579 2234 764 2264 statuentes
788 2231 944 2264 dativum
965 2241 1040 2264 esse
1062 2235 1249 2264 censemus.
1290 2230 1380 2264 Nam
1403 2228 1494 2273 quoti
1514 2228 1632 2263 dicunt
1653 2239 1696 2262 ex

322 2291 443 2334 facilis
457 2315 466 2332 ‚
492 2290 664 2333 difficilis,
696 2290 813 2332 utilis,
837 2289 1023 2331 iucundus,
1057 2289 1203 2333 aliisque
1226 2289 1392 2323 eiusmodi
1415 2287 1593 2323 adiectivis
1614 2299 1693 2332 pen-

329 2350 409 2383 dere
430 2350 545 2394 supini
570 2349 782 2392 ablativum,
817 2349 853 2383 id
886 2360 967 2382 cum
997 2349 1165 2392 peculiari
1197 2350 1284 2383 sexti
1315 2361 1415 2384 casus
1439 2351 1606 2392 potestate
1627 2358 1696 2382 non

317 2412 442 2452 potest
464 2407 664 2451 conciliari,
688 2419 795 2451 quum
818 2406 889 2442 iuo'
905 2418 1026 2443 caussa
1046 2409 1179 2452 aliquid
1213 2410 1367 2444 efficiens
1399 2409 1611 2450 declaretur,
1633 2419 1695 2442 su-

331 2467 413 2511 pino
444 2471 559 2501 autem
589 2468 667 2502 finis
697 2468 860 2511 quidam,
892 2469 935 2502 nd
959 2479 1061 2511 quem
1085 2469 1203 2512 aliqua
1229 2481 1285 2503 res
1311 2471 1446 2510 tendat,
1470 2467 1695 2512 significetur.

331 2528 383 2560 lta
406 2537 440 2559 v.
469 2538 498 2559 c.
534 2527 618 2563 liber
651 2528 740 2562 lectu
769 2528 864 2562 utilis
896 2538 963 2560 uon
987 2531 1038 2561 est
1060 2528 1149 2562 liber
1178 2541 1216 2563 co
1239 2530 1327 2573 quod
1350 2531 1490 2574 legatu-
1512 2532 1574 2563 aut
1595 2528 1693 2563 insti-

331 2591 406 2620 tuta
429 2586 574 2620 lectione
597 2586 710 2629 utilis,
733 2588 793 2621 sed
816 2588 904 2621 liber
927 2588 1025 2621 cuius
1047 2589 1256 2622 instituenda
1279 2589 1376 2623 lectio
1397 2588 1585 2623 utilitatem
1606 2590 1695 2632 affe-

331 2650 408 2687 rat,
443 2646 516 2679 sive
539 2646 625 2680 liber
654 2648 702 2680 ad
725 2649 910 2692 legendum
932 2647 1038 2681 utilis.
1079 2649 1173 2682 Rem
1203 2659 1308 2691 quum
1331 2649 1400 2683 hoc
1422 2648 1579 2691 conficit,
1605 2649 1695 2691 quod

333 2704 447 2749 supini
474 2705 552 2740 loco
582 2705 753 2740 interdum
780 2707 987 2742 substantivi
1008 2708 1164 2742 verbalis
1185 2708 1322 2742 dativu-
1345 2708 1506 2752 pmfitur,
1544 2712 1583 2743 ut
1603 2708 1694 2751 opud
