1826 3276
380 144 463 184 136
752 139 796 182 C.
827 137 1163 181 SALLUSTI
1191 139 1410 183 CRISPI

383 255 440 299 de
473 253 776 299 controversiis
821 253 904 296 suis
943 252 1038 295 iure
1081 253 1228 312 potius
1272 269 1405 312 quam
1438 254 1558 300 bello
1593 254 1738 300 disce·

381 356 533 410 ptare3
568 349 628 391 ita
662 362 797 406 seque
831 347 1003 405 illisque
1037 346 1221 407 dignum
1256 362 1364 395 esse.

517 443 661 487 ΧΧΙΙ.
732 443 894 502 Legati
930 443 974 486 in
1019 441 1219 486 Africam
1255 448 1517 488 maturantes
1549 445 1739 499 veniunt,

385 598 501 638 ηιίπος
532 597 577 631 cf.
611 597 704 632 infra
734 609 764 631 c.
788 597 905 640 XXV,
929 597 984 631 11.
1008 596 1085 631 Liv.
1105 597 1174 639 vl,
1197 597 1260 639 17,
1284 597 1316 631 8.
1342 596 1402 632 ubi
1424 609 1458 633 v.
1481 597 1740 632 Drakenborch.

385 657 456 690 cic.
490 656 577 700 Epp.
610 658 656 691 ad
687 658 823 692 Famm.
854 659 923 700 IX,
954 658 998 702 6,
1027 658 1060 692 l.
1093 658 1209 692 Plaut.
1243 657 1316 691 Mil.
1341 658 1438 692 Glor.
1461 658 1529 699 111,
1550 657 1592 702 3,
1616 657 1673 694 38.
1694 657 1743 691 ib.

384 716 451 757 lv,
483 715 524 757 4,
555 715 611 750 43.
642 727 731 760 quae
762 718 919 760 exempla
951 717 1275 754 Cortiodebentur.
1309 719 1355 752 cf.
1384 717 1562 752 Bremium
1593 716 1639 750 ml
1659 716 1743 760 Nep.

383 775 554 811 Themist.
585 787 614 810 c.
642 776 710 819 IV,
741 776 775 811 3.
806 797 852 802 —
891 778 984 811 Velle
1014 777 1154 821 proprie
1183 777 1332 820 populus
1353 778 1549 819 dicebatur,
1571 777 1648 822 lug.
1670 777 1744 819 XL,

383 835 432 876 3.;
459 846 594 869 censere
615 839 763 879 senatus,
786 847 821 870 v.
846 837 891 870 ad
913 837 988 871 Cat.
1013 837 1140 878 XXIX,
1162 835 1196 869 3.
1219 848 1251 880 p.
1276 836 1356 872 135.
1413 837 1483 872 Sed
1504 837 1540 870 h.
1563 837 1587 871 l.
1610 840 1745 870 utrum-

386 906 452 938 que
484 896 629 929 verbum
662 897 705 929 «le
739 897 1033 931 senatusconsulto
1067 895 1330 940 intelligendum
1360 901 1431 939 est,
1472 900 1510 931 ut
1539 898 1633 929 reete
1664 906 1745 928 een-

385 958 439 989 eet
469 954 620 989 Brisson.
654 957 696 990 de
726 957 846 990 Form,
870 956 921 999 11,
951 955 1007 989 74.
1032 967 1065 999 p.
1091 955 1171 988 181.
1196 956 1248 988 ed.
1281 957 1373 999 Lips.
1398 975 1444 981 —
1466 955 1578 988 Verba
1601 954 1643 988 de
1667 965 1747 988 oon-

385 1015 560 1048 travorsiis
587 1016 657 1049 suis
683 1016 757 1050 iure
778 1017 894 1061 potius
924 1026 1027 1060 quam
1062 1015 1145 1048 bello
1171 1015 1359 1059 disceptare
1390 1014 1426 1049 in
1456 1015 1559 1059 longe
1587 1014 1748 1058 plurimis

385 1074 484 1108 codd.
517 1074 660 1117 desunt,
688 1074 840 1118 primum
874 1086 896 1109 n
928 1075 1034 1120 Cypr.
1068 1075 1202 1118 Popma
1231 1086 1273 1108 ex
1301 1074 1398 1108 Rivii
1429 1074 1505 1108 eod.
1527 1073 1690 1108 Parcensi
1711 1074 1748 1108 in
1814 1087 1825 1090 ·“

386 1136 519 1167 textum
542 1134 653 1168 illata.
700 1134 824 1168 Postea
847 1134 950 1168 etiam
974 1137 1110 1178 reperta
1133 1136 1212 1168 eunt
1233 1133 1268 1166 in
1293 1133 1369 1166 Vin.
1390 1132 1424 1167 2.
1449 1131 1528 1169 sen.
1559 1133 1593 1167 2.
1625 1134 1749 1171 Hense.

386 1192 510 1226 Frane.
535 1192 652 1226 Guelf.
677 1192 710 1227 3.
735 1193 772 1227 in
796 1205 907 1239 marg.
928 1193 1045 1228 Struv.
1063 1193 1169 1228 Acad.
1193 1192 1287 1227 Leid.
1315 1194 1358 1229 G.
1381 1192 1423 1228 N.
1447 1193 1550 1226 Bern.
1576 1191 1609 1226 l.
1633 1194 1748 1228 Berol.

387 1251 419 1284 1.
446 1251 534 1286 Tur.
558 1251 589 1285 1.
615 1252 726 1286 Paris.
750 1255 783 1287 b.
806 1265 836 1287 c.
861 1258 894 1288 et
915 1266 957 1287 ex
983 1253 1173 1287 Waesianie
1194 1253 1228 1286 in
1252 1253 1392 1286 Balliol.
1415 1252 1515 1286 Bodl.
1540 1255 1575 1286 et
1607 1253 1752 1288 fortasse

388 1311 494 1344 etiam
526 1311 562 1344 in
596 1312 704 1346 Laud.
735 1312 770 1347 2.
803 1312 837 1350 3.
874 1316 907 1347 et
939 1314 1030 1357 Reg.
1077 1313 1176 1356 Quae
1206 1312 1310 1346 dubia
1333 1311 1518 1347 auctoritas
1541 1323 1751 1357 quamquam

387 1371 615 1414 suspicionem
639 1372 910 1416 interpolationis
933 1383 1074 1406 movere
1094 1371 1222 1415 possit,
1246 1371 1448 1416 praesertim
1470 1383 1576 1415 quum
1597 1374 1753 1417 plerique

388 1442 430 1464 ex
455 1431 552 1465 codd.
578 1433 774 1475 ceteroquin
797 1444 865 1467 non
888 1432 1007 1467 eximii
1039 1432 1129 1474 sint,
1164 1435 1278 1466 tamen
1306 1435 1437 1465 certum
1467 1431 1603 1465 videtur
1635 1444 1752 1468 veram

389 1490 425 1525 in
452 1490 495 1523 iis
520 1490 678 1525 Sallustii
701 1503 841 1526 manum
864 1496 1038 1528 servatam
1061 1503 1144 1526 esse.
1189 1491 1313 1524 Elucet
1334 1491 1426 1524 enim
1449 1490 1522 1524 eine
1552 1491 1608 1526 his
1639 1494 1754 1529 verbis

389 1550 592 1584 sententiam
617 1562 774 1586 mancam
798 1563 893 1595 esse,
920 1564 1030 1595 neque
1050 1551 1199 1596 intelligi
1229 1561 1297 1592 quo
1317 1553 1468 1592 spectent
1490 1554 1663 1594 postrema
1685 1553 1754 1588 ita

390 1621 491 1654 seque
514 1610 646 1653 illisque
668 1612 814 1656 dignum
839 1623 929 1655 esse,
964 1623 1054 1656 quae
1076 1611 1143 1644 nisi
1167 1610 1210 1643 iis
1230 1608 1354 1642 additis
1378 1610 1596 1644 commodum
1619 1623 1755 1647 sensum

391 1681 461 1703 non
484 1670 624 1703 habent.
655 1670 685 1702 A
709 1670 863 1705 librariis
885 1675 1003 1705 autem
1025 1671 1179 1714 profecta
1199 1679 1272 1702 esse
1307 1667 1451 1702 minime
1482 1673 1534 1704 est
1563 1671 1754 1716 probabile,

391 1740 499 1773 quum
522 1728 611 1762 nihil
633 1729 825 1764 scribarum
850 1731 1027 1776 ingenium
1044 1730 1189 1774 prodat,
1216 1728 1332 1762 verbis
1361 1728 1397 1762 in
1430 1728 1495 1763 tali
1519 1740 1558 1763 re
1591 1731 1756 1775 legitimis

393 1793 429 1822 et
453 1799 518 1822 usu
541 1788 725 1832 stabilitis,
759 1791 806 1824 cf.
831 1791 926 1825 Caes.
949 1792 993 1824 Β.
1017 1791 1055 1824 G.
1079 1791 1147 1833 111,
1182 1788 1270 1832 107,
1294 1787 1327 1820 2.
1351 1787 1499 1822 ostendit
1530 1789 1595 1824 sibi
1619 1792 1756 1835 plaeere

393 1859 513 1894 regem
540 1848 771 1883 Ptolemaeum
796 1855 899 1895 atque
921 1861 1068 1885 sororem
1094 1850 1166 1883 eius
1201 1848 1417 1891 Cleopatram
1450 1850 1633 1895 exercitus,
1676 1864 1758 1896 quos

395 1910 583 1951 haberent,
607 1909 796 1953 dimittere,
830 1916 863 1945 et
895 1911 946 1944 de
976 1907 1308 1944 controversiis
1335 1907 1436 1940 iure
1459 1908 1554 1951 apud
1576 1919 1612 1943 ee
1633 1912 1758 1954 potius,

398 1980 501 2013 quam
520 1969 611 2002 inter
637 1979 674 2002 se
697 1970 839 2003 armis
866 1971 1142 2014 disceptare.
1165 1967 1242 2002 Liv.
1267 1967 1463 2010 XXXVIII,
1486 1966 1551 2010 38,
1573 1968 1628 2002 17.
1653 1981 1758 2005 σοπ-

398 2029 648 2063 troversias
679 2029 768 2062 inter
800 2040 836 2063 ee
862 2030 965 2063 iare
1000 2040 1049 2062 ae
1075 2027 1249 2062 iudicio
1279 2027 1594 2071 disceptante,
1618 2035 1702 2072 aut,
1729 2032 1759 2066 εἰ

398 2089 550 2133 utrisque
564 2088 735 2132 placebit,
760 2089 892 2122 bello.
915 2089 1086 2132 XXXIX,
1110 2087 1178 2129 24,
1199 2087 1255 2121 13.
1284 2087 1431 2121 Senatus
1454 2099 1497 2121 ne
1517 2089 1599 2132 quid
1622 2090 1760 2126 absente

399 2159 483 2193 rege
501 2153 684 2188 statueret,
713 2148 849 2192 legatos
873 2148 928 2181 ad
952 2159 1028 2181 eae
1050 2148 1402 2181 controversiae
1424 2147 1761 2192 disceptandas

399 2209 502 2242 misit.
527 2219 559 2241 ν.
583 2208 735 2241 Gronov.
758 2211 793 2242 et
815 2207 1071 2241 Drakenborch.
1095 2206 1140 2240 ad
1163 2207 1363 2248 XXXVIII,
1384 2206 1449 2248 35,
1473 2207 1505 2243 l.
1528 2208 1624 2244 Caes.
1647 2210 1690 2244 B.
1715 2211 1760 2245 G.

399 2268 497 2310 vm,
520 2266 586 2310 55,
607 2267 641 2301 2.
664 2269 778 2301 omnia
802 2268 971 2312 patienda
995 2278 1065 2301 esse
1090 2267 1229 2308 statuit,
1255 2267 1367 2310 quoad
1393 2266 1457 2300 sibi
1478 2278 1553 2311 spes
1573 2270 1690 2314 aliqua
1704 2282 1761 2305 re·-

405 2328 612 2372 linqueretur
640 2328 740 2362 iure
760 2329 918 2372 potius
946 2326 1258 2371 disceptandi,
1283 2338 1386 2370 quam
1413 2326 1760 2372 belligerandi.

404 2387 450 2421 cf.
474 2387 547 2421 Cic.
575 2388 618 2421 de
641 2387 712 2423 off.
734 2388 774 2429 Ι,
798 2387 863 2429 11,
885 2387 942 2423 34.
964 2387 1082 2431 ibique
1103 2387 1183 2420 Car.
1215 2386 1389 2421 Beier-um.
1420 2387 1583 2422 Onussam
1612 2388 1764 2424 defectus

403 2447 475 2480 iam
509 2447 644 2480 eortius
675 2447 866 2492 perspexit3
899 2447 1026 2491 quippe
1058 2445 1233 2481 aberravit
1266 2446 1399 2480 scribae
1430 2457 1527 2480 mens
1549 2446 1604 2480 vel
1626 2447 1717 2482 oculi
1741 2459 1764 2482 a

403 2506 574 2540 discedere
606 2506 650 2539 ad
673 2508 881 2552 disceptare,
914 2506 1017 2551 idque
1047 2507 1178 2540 factum
1201 2506 1271 2540 iam
1295 2505 1530 2549 antiquissimo
1552 2509 1706 2551 tempore
1728 2508 1763 2542 in

404 2578 444 2599 en
469 2567 604 2607 codice,
628 2577 670 2599 ex
693 2577 761 2610 quo
785 2579 903 2601 omnes
925 2568 1112 2609 fluxerunt,
1136 2566 1197 2610 qui
1218 2565 1290 2599 istis
1311 2565 1425 2601 verbis
1445 2569 1589 2616 carent.v
1617 2568 1766 2602 Etr-ave-

404 2626 450 2660 rit
474 2630 588 2660 tamen
596 2649 606 2667 ,
642 2626 701 2670 qui
724 2627 789 2660 hoe
819 2630 1001 2670 propterea
1030 2626 1131 2660 unius
1163 2625 1319 2660 familiae
1348 2636 1420 2659 esse
1451 2628 1564 2669 putet,
1599 2629 1659 2660 aut
1680 2626 1765 2661 adeo

404 2685 583 2721 deterioris
615 2690 716 2721 notae
746 2697 850 2730 quam
880 2690 1028 2727 ceteros,
1060 2686 1119 2729 qui
1150 2686 1266 2720 locum
1294 2685 1534 2729 incorruptum
1558 2686 1708 2727 habent3
1732 2697 1763 2719 v.
