1826 3276
357 199 414 239 94
714 195 758 238 C.
792 195 1106 240 SALLUSTI
1136 198 1349 242 CRISPI

324 310 535 355 2Deinde
589 310 761 367 utrique
808 310 928 352 curia
968 285 1277 370 egrediuntur.¹
1347 314 1533 361 Senatus
1575 317 1718 362 statim

361 405 611 449 consulitur.
691 404 904 447 Fautores
953 404 1202 463 legatorum
1222 440 1236 462 ‚
1284 415 1515 467 praeterea
1557 425 1719 471 magna

362 515 465 559 pars
501 499 643 558 gratia
673 498 938 557 depravata,
972 499 1239 545 Adherbalis
1275 501 1393 546 dicta
1427 510 1719 563 contemnere,

361 593 603 652 Iugurthae
643 593 846 638 virtutem
891 595 1100 639 extollere
1134 595 1361 651 laudibus;
1395 599 1560 658 gratia,
1595 615 1720 656 voce,

362 688 552 746 denique
587 689 786 732 omnibus
832 689 976 734 modis
1019 705 1104 750 pro
1139 692 1281 735 alieno
1315 693 1482 746 scelere
1515 701 1559 738 et
1592 695 1721 756 flagi—

327 785 423 832 3tio
440 818 454 841 ‚
489 799 567 828 sua
613 785 738 843 quasi
782 799 870 844 pro
909 786 1075 846 gloria,
1119 787 1381 833 nitebantur.
1457 789 1520 835 At
1571 797 1723 835 contra

448 944 480 984 §-
503 942 538 975 2.
585 953 718 987 magna
738 953 823 986 pars
853 944 976 989 gratia
999 944 1207 988 depravata]
1231 943 1317 977 Ante
1340 945 1530 980 Gruterum
1552 949 1723 992 vulgaba-

356 1006 416 1036 tur
439 1007 638 1037 senatus
666 1014 799 1047 magna
829 1014 914 1046 pars
937 1007 1003 1038 etc.
1049 1004 1141 1037 Eum
1171 1004 1206 1038 in
1240 1005 1439 1048 expellendo
1462 1011 1601 1041 senatus
1622 1018 1722 1042 voca-

357 1063 444 1096 bulo
475 1067 568 1096 recte
599 1063 736 1097 Cortius
765 1063 911 1106 aliique*
925 1063 1033 1097 secuti
1055 1067 1154 1105 sunt,
1178 1075 1285 1107 quum
1309 1065 1400 1098 absit
1422 1076 1444 1099 a
1474 1066 1597 1102 Nazar.
1620 1069 1722 1103 Rem.

358 1123 392 1169 1.
418 1122 513 1156 Leid.
536 1124 578 1156 A.
606 1123 651 1156 Β.
681 1123 720 1156 C.
747 1123 791 1157 K.
822 1123 864 1158 Ν.
895 1123 1037 1158 Balliol.
1060 1124 1104 1157 B.
1129 1124 1229 1158 Publ.
1266 1124 1427 1158 Arondel.
1451 1125 1540 1171 Reg.
1565 1127 1674 1161 Laud.
1690 1128 1724 1162 1.

357 1182 390 1215 2.
414 1182 450 1216 3.
472 1182 590 1215 Berol.
610 1182 644 1216 2.
668 1182 779 1216 Paris.
801 1183 836 1216 b.
858 1194 886 1216 c.
908 1183 1040 1216 duobus
1064 1182 1172 1217 Con-tii
1191 1183 1288 1216 codd.
1312 1184 1496 1220 Praeterea
1517 1186 1634 1221 varius
1652 1188 1726 1222 eius

358 1241 473 1283 locus,
501 1241 627 1285 quippe
650 1241 684 1274 in
708 1242 812 1276 Fabr.
837 1243 870 1276 1.
904 1242 1021 1276 Struv.
1045 1242 1138 1276 Leia.
1162 1244 1206 1277 D.
1231 1244 1278 1276 H.
1302 1245 1353 1280 Μ.
1385 1249 1461 1288 post
1480 1257 1565 1290 pars
1586 1247 1724 1292 legitur,
1782 1257 1787 1264 ¹

356 1302 503 1336 ostendit
527 1302 762 1346 explicationis
793 1313 914 1336 caussa
935 1302 1051 1336 versui
1073 1303 1357 1346 superscriptum,
1387 1315 1492 1348 quam
1523 1316 1597 1339 rem
1620 1310 1726 1341 testa-

357 1366 414 1395 tur
444 1362 554 1395 Paris.
578 1373 621 1403 z.‚
656 1361 692 1394 in
724 1361 798 1404 ipsa
831 1361 982 1396 auctoris
1012 1363 1122 1396 verba
1152 1363 1339 1406 irrepsisse.
1387 1365 1487 1407 Quae
1514 1377 1726 1409 quamquam

356 1421 551 1455 certissima
571 1425 668 1466 sunt,
691 1421 741 1456 ita
765 1426 882 1455 tamen
909 1422 1056 1455 fluctuat
1080 1422 1259 1457 Gerlachii
1281 1424 1324 1456 tle
1343 1424 1412 1457 hoc
1434 1426 1605 1459 vocabulo
1630 1426 1724 1460 iudi-

355 1481 461 1522 cium,
485 1486 534 1524 ut,
555 1483 676 1525 probet
706 1492 824 1522 necne,
855 1492 997 1524 prorsus
1026 1482 1168 1516 nesciat.
1193 1502 1239 1508 —
1262 1484 1332 1517 Pro
1365 1484 1557 1528 depravata
1589 1485 1726 1519 Cottius

355 1551 397 1574 ex
420 1552 488 1574 uno
511 1542 585 1575 cod.
617 1541 722 1575 Fabr.
747 1541 783 1575 2.
818 1541 956 1584 scripsit
988 1541 1194 1585 depravati,
1219 1554 1411 1586 provocans
1433 1543 1479 1577 ad
1501 1555 1533 1578 c.
1556 1545 1646 1586 xw,
1669 1543 1725 1579 15.

352 1611 464 1645 pars
494 1601 531 1634 in
553 1613 685 1635 crucem
708 1602 813 1642 acti,
833 1611 918 1645 pars
942 1600 1057 1634 bestiis
1079 1602 1255 1636 obiecti
1289 1608 1412 1644 sunt,
1435 1606 1470 1636 et
1490 1603 1534 1636 ad
1556 1604 1724 1644 mum-1.

353 1671 465 1705 pars
496 1662 650 1696 edocti
673 1662 716 1694 ab
739 1661 937 1700 nobilitate,
960 1660 1080 1701 ΙΝΙΙΙ,
1102 1654 1152 1693 2.’
1169 1673 1303 1706 magna
1345 1673 1455 1706 pars
1487 1662 1726 1698 volnerata·

356 1725 419 1754 aut
441 1721 601 1761 occisi,
623 1721 747 1764 quibus
763 1720 848 1754 locis
866 1719 946 1754 addi
966 1723 1107 1762 possunt
1127 1731 1216 1763 quae
1238 1722 1390 1765 plurima
1413 1721 1566 1756 eiusdem
1589 1723 1726 1768 generis

354 1780 526 1824 congessit
543 1781 803 1815 Drakenborch.
821 1781 864 1814 ad
885 1778 961 1813 Liv.
972 1779 1113 1820 XXVII,
1125 1780 1158 1820 1,
1172 1781 1228 1815 12.
1253 1783 1371 1825 Quare
1386 1781 1487 1815 facile
1498 1782 1726 1817 *concedimus

352 1839 556 1874 Sallustium
580 1840 629 1874 ita
646 1840 796 1874 scribere
818 1840 990 1884 potuisse3
1012 1839 1070 1872 sed
1097 1851 1203 1882 quum
1225 1842 1373 1886 vulgata
1394 1842 1503 1884 proba
1526 1841 1594 1884 sit,
1619 1853 1726 1876 unum

354 1900 482 1933 librum
505 1900 601 1943 sequi
623 1900 845 1934 temerarium
862 1901 962 1936 foret.
996 1901 1112 1934 Minus
1130 1900 1224 1934 valet
1247 1899 1428 1933 Gerlaehii
1447 1901 1549 1943 ratio,
1567 1904 1726 1944 fautores

352 1971 421 1994 non
440 1959 508 1993 dici
528 1959 755 2004 ‘depr-ovatus,-
778 1973 840 2005 per
857 1972 894 1994 se
913 1961 1004 1994 enim
1022 1960 1110 1994 nihil
1124 1961 1249 2002 obstat,
1277 1959 1460 2002 quominus
1480 1959 1585 1993 etium
1603 1961 1724 2005 depra-

353 2021 430 2054 vati
444 2020 488 2054 ad
507 2024 680 2054 senatores
699 2020 881 2062 referatur,
907 2033 1015 2064 quum
1033 2033 1075 2055 ex
1095 2019 1210 2054 verbis
1233 2025 1371 2053 senatus
1393 2019 1510 2053 statim
1529 2021 1725 2063 consulitur,

354 2083 389 2114 et
407 2079 559 2114 fautores
581 2083 614 2113 et
632 2079 747 2123 gratia
763 2080 967 2123 depravatos
989 2082 1026 2115 in
1050 2085 1172 2115 senatu
1191 2079 1295 2112 fuisse
1311 2081 1493 2122 pateat.—
1506 2079 1726 2114 Contemnere

354 2140 392 2173 h.
416 2140 440 2172 l.
463 2150 530 2172 nou
555 2139 596 2172 de
618 2150 719 2174 sensu
743 2144 960 2184 contemptus
981 2140 1242 2185 intelligendum
1265 2142 1329 2180 est,
1353 2138 1411 2171 sed
1435 2138 1609 2183 significat
1630 2150 1724 2174 ver-

355 2199 428 2232 bia
457 2199 705 2234 declarare
737 2211 839 2245 quam
871 2201 958 2234 vilia
990 2201 1194 2234 Adherbalis
1228 2199 1323 2232 dicta
1356 2199 1543 2240 haberent,
1575 2199 1611 2233 id
1634 2200 1727 2243 quoi}

356 2262 450 2302 patet
481 2270 522 2292 ex
549 2259 704 2302 opposito
736 2260 895 2294 extollere
929 2260 1100 2294 laudibus.
1153 2261 1241 2302 Apte
1271 2259 1388 2292 Faber
1412 2259 1558 2293 contulit
1586 2259 1659 2294 Cic.
1689 2272 1725 2304 p.

355 2319 450 2353 Mur.
466 2319 500 2362 7,
519 2317 575 2353 15.
611 2319 941 2364 Contempsi-sti
964 2320 1004 2353 L.
1034 2320 1201 2354 Murenae
1224 2331 1354 2365 genua,
1377 2320 1594 2354 extulisti
1617 2324 1724 2354 tuum.

357 2380 406 2414 id.
427 2380 470 2413 de
494 2380 591 2415 orat.
613 2379 675 2420 111,
697 2379 754 2421 16,
779 2379 836 2413 59.
884 2380 1020 2414 Inventi
1042 2385 1131 2422 sunt,
1156 2380 1214 2424 qui
1237 2380 1325 2413 hanc
1350 2379 1490 2427 dicendi⁸
1509 2379 1726 2426 effercitatio-

357 2450 435 2473 nem
460 2440 682 2484 exagitarent
706 2444 808 2483 atquc
830 2440 1314 2475 contemnerent.--Pro
1333 2441 1528 2474 nitebantur
1549 2437 1586 2471 in
1605 2438 1722 2471 Guelf.

356 2499 414 2533 11.
440 2510 481 2532 ex
504 2499 768 2542 interpolatione
797 2498 965 2542 scriptum
986 2502 1038 2532 est
1067 2499 1156 2540 niti,
1190 2499 1322 2533 scilicet
1353 2503 1391 2533 ut
1411 2502 1582 2532 structura
1604 2498 1723 2531 eadem

357 2563 536 2598 manerem
569 2558 628 2593 sed
659 2569 693 2592 v.
718 2559 762 2593 ad
796 2559 870 2594 Cat.
894 2559 991 2602 XVI,
1015 2558 1049 2593 2.
1081 2570 1117 2602 p.
1140 2558 1197 2594 79.
1221 2561 1296 2604 lug.
1320 2559 1439 2602 XXX,
1463 2558 1498 2594 3.
1522 2558 1666 2600 xxxu,
1688 2557 1723 2591 3.

357 2619 482 2661 XLul,
505 2618 540 2651 4.

449 2679 482 2720 §.
507 2677 530 2711 3
546 2697 587 2703 —
604 2675 637 2711 5.
685 2681 724 2711 at
754 2677 894 2721 contra]
929 2678 1006 2711 Has
1035 2677 1223 2722 particulas
1255 2677 1453 2710 coniunctas
1483 2675 1554 2710 iam
1575 2675 1724 2720 legimus

359 2735 434 2770 eat.
459 2748 488 2770 c.
512 2737 597 2779 ΧΠ,
621 2736 654 2770 5.
703 2737 831 2771 Contra
853 2740 968 2772 autem
990 2736 1183 2772 accuratius
1205 2736 1386 2780 designare
1416 2735 1488 2769 vim
1513 2739 1550 2768 at
1572 2734 1723 2778 particu-
