1826 3276
403 177 487 218 588
765 169 808 211 G.
839 167 1156 212 SALLUSTI
1188 167 1406 211 CRISPI

542 277 635 330 CX.
691 282 985 342 „Numquam
1018 297 1105 343 ego
1146 288 1263 328 ratus
1297 298 1392 327 sum
1425 283 1546 341 fore,
1585 286 1649 329 uti
1679 299 1757 330 rex

404 394 631 428 maxumus
655 379 710 433 vin
748 378 836 422 hac
867 384 986 423 terra
1020 384 1065 422 et
1103 380 1318 438 omnium,
1354 393 1465 437 quos
1500 379 1622 436 novi,
1665 381 1759 438 pri-

367 481 507 520 2vato
540 474 707 518 homini
741 475 929 534 gratiam
963 474 1187 524 deberem.
1227 475 1290 520 Et
1321 473 1593 532 mehercule,
1622 471 1760 531 Sulla,

400 627 521 663 castris
551 626 643 671 apud
673 627 878 673 Iugurtham
912 628 1071 665 somniat.
1099 647 1145 657 -
1176 631 1368 665 Accersitur
1398 640 1507 675 paene
1537 638 1655 663 omnes
1676 627 1760 662 libri

399 689 541 729 habent,
564 686 762 730 paucissimi
783 689 975 731 arcessitur,
998 689 1090 732 qnod
1111 689 1247 723 Cortius
1268 689 1387 724 edidit.
1409 708 1455 715 ——
1487 689 1600 723 Verba
1622 692 1760 722 sanctae

399 750 453 783 vir
477 752 511 782 et
535 758 575 781 ex
597 747 767 781 sententia
792 749 963 790 ambobus,
991 749 1095 782 foedo
1118 748 1204 782 olim
1225 748 1311 783 vitio
1335 751 1490 792 turpata,
1514 748 1651 783 Cortius
1671 748 1760 782 bene

398 810 444 844 ad
465 807 698 852 integritatem
721 808 907 843 revocavit.
960 808 1051 843 Nam
1073 819 1179 851 quum
1202 819 1307 843 voces
1328 810 1383 843 vir
1404 814 1439 843 et
1461 808 1683 843 scribentium
1705 819 1759 841 er-

398 879 479 903 rore
501 870 630 901 temere
653 866 687 900 in
712 868 807 902 iurat
838 867 1022 909 abiissent,
1054 867 1146 902 istud
1176 869 1321 902 verbum
1351 868 1463 903 textui
1484 869 1621 903 illatum
1643 867 1759 902 varias

398 927 609 971 corruptelas
639 927 772 971 genuit.
819 927 941 960 Deleta
969 927 1061 961 enim
1092 933 1126 962 et
1155 928 1327 972 particula
1348 927 1384 962 in
1406 927 1526 962 multis
1548 927 1646 962 codd.
1669 925 1759 974 scri-

396 993 495 1034 ptum
527 990 578 1020 est
607 992 744 1021 sanctus
774 987 847 1028 vir,
882 998 923 1021 esc
952 988 1123 1021 sententia
1152 988 1283 1022 iurat
1306 989 1487 1030 ambobus,
1510 987 1546 1022 in
1570 987 1650 1022 aliis
1673 997 1699 1020 s.
1723 997 1758 1022 ο.

396 1051 525 1085 iurat
549 1058 589 1081 cx
611 1052 696 1082 sent.
720 1048 901 1088 ambobus,
933 1045 969 1080 in
1000 1046 1078 1083 aliis
1100 1057 1162 1090 pro
1184 1048 1279 1081 iurat
1302 1047 1432 1092 legitur
1453 1049 1591 1090 iurant,
1615 1046 1758 1087 iuravit,

396 1112 528 1149 intrat,
561 1107 684 1139 inerat.
729 1105 877 1149 Propius
905 1105 950 1138 ad
975 1116 1098 1139 verum
1120 1106 1249 1140 accedit
1272 1106 1440 1150 scriptura
1461 1107 1559 1140 codd.
1584 1106 1700 1140 Guell‘.
1723 1104 1758 1138 6.

395 1169 454 1205 11.
488 1165 626 1201 Fabric.
659 1165 693 1200 1.
727 1165 773 1206 2.,
803 1164 839 1197 ἱιι
867 1164 994 1208 quibus
1022 1165 1096 1199 sine
1120 1171 1153 1200 et
1175 1170 1209 1201 et
1230 1167 1326 1200 iurat
1347 1166 1524 1201 vocabulis
1547 1169 1656 1201 exstat
1677 1176 1758 1199 son—

395 1234 471 1263 ctus
493 1228 565 1267 vir,
600 1236 640 1259 ex·
663 1228 750 1258 sent.
776 1225 866 1265 amb.
912 1224 1052 1270 Integra
1074 1229 1190 1260 autem
1213 1225 1370 1260 Sallustii
1392 1227 1499 1261 verba
1519 1230 1660 1261 servata
1680 1226 1759 1259 sunt

394 1289 432 1323 in
457 1287 572 1321 Guelf.
605 1284 640 1319 9.
672 1283 752 1318 Seu.
788 1282 823 1318 1.
854 1283 967 1321 Paris.
993 1297 1022 1319 c.
1051 1290 1086 1321 et
1107 1287 1218 1326 Palat.
1241 1286 1274 1320 4.
1302 1286 1369 1320 nisi
1391 1286 1484 1329 quod
1504 1285 1565 1320 hic
1586 1296 1652 1330 pro
1675 1295 1757 1318 san-

395 1354 469 1384 ctus
490 1347 598 1381 habet
615 1347 746 1387 factus,
770 1343 950 1377 oculorum
969 1345 1080 1388 lapsu.
1127 1347 1180 1379 De
1201 1347 1239 1380 vi
1261 1352 1398 1381 sanctus
1420 1345 1516 1381 vocis
1538 1356 1573 1380 v.
1595 1346 1758 1379 annotata

393 1410 438 1444 ad
462 1419 492 1442 c.
514 1405 682 1445 Lxxxv,
705 1401 761 1437 40.
785 1423 830 1428 —-
854 1403 908 1436 Ex
930 1405 1100 1438 sententia
1123 1405 1223 1448 plane
1245 1406 1426 1449 respondet
1447 1404 1645 1450 germanico
1666 1404 1755 1438 uach

396 1469 502 1508 Sion,
531 1465 619 1499 nach
658 1464 708 1496 W
706 1462 832 1502 unsch‚·
861 1473 895 1495 v.
928 1464 1043 1496 Hand.
1075 1465 1118 1497 de
1148 1464 1295 1499 Partica.
1327 1467 1420 1500 hott.
1450 1465 1526 1500 Vol.
1549 1465 1593 1498 11.
1617 1476 1651 1508 p.
1673 1462 1754 1498 657.

392 1532 426 1572 5.
450 1527 482 1561 6.
507 1526 551 1559 cf.
574 1524 688 1557 Plaut.
709 1522 808 1564 Capt.
831 1522 875 1563 ΙΙ,
896 1521 930 1563 2,
953 1521 1011 1555 96.
1068 1523 1139 1557 Nec
1162 1535 1362 1568 quemquam
1376 1524 1571 1569 fideliorem
1593 1541 1637 1549 --
1657 1527 1756 1567 potes

392 1588 528 1622 mittere
551 1584 599 1618 ad
623 1592 711 1622 eum,
732 1591 796 1628 'nec
820 1581 879 1624 qui
900 1583 1015 1626 magis
1037 1583 1083 1618 sit
1114 1595 1284 1622 seruos,
1302 1596 1354 1618 ex
1379 1583 1628 1619 sententia.
1664 1582 1754 1616 Gen.

390 1647 449 1688 lv,
472 1644 530 1679 20.
582 1644 692 1685 Quum
715 1651 833 1674 censor
855 1641 1013 1676 dixisset.-
1043 1647 1076 1677 et
1107 1648 1146 1677 tu
1179 1655 1229 1678 ez·
1255 1645 1403 1678 anime·
1420 1643 1495 1678 >tui
1517 1641 1753 1678 sententia

391 1715 572 1741 uxorem
596 1701 728 1735 habes?
745 1699 801 1735 'cn
833 1701 938 1735 etiam
961 1706 1125 1737 annotata
1145 1703 1190 1737 ad
1212 1715 1242 1738 c.
1266 1704 1437 1746 LXXXV,
1459 1703 1516 1738 27.

482 1765 555 1799 CX.
595 1765 627 1804 ἓ.
651 1762 684 1798 1.
719 1767 815 1796 ratus
847 1763 945 1805 sum]
1000 1763 1110 1796 Recte
1148 1763 1346 1798 observavit
1375 1764 1490 1798 Faber
1527 1762 1616 1813 haee
1645 1761 1753 1795 verba

389 1825 587 1872 germanice
610 1822 773 1857 vertenda
796 1833 870 1855 esse
891 1822 945 1854 ich
969 1822 1097 1856 hc’c'tte
1119 1823 1282 1867 gedacht.
1327 1824 1428 1858 Patet
1449 1822 1539 1856 enim
1561 1822 1752 1856 Germanos

390 1885 586 1930 opinionem
610 1894 652 1917 cx
675 1891 855 1925 suppressa
876 1881 1115 1915 enunciatione
1137 1882 1367 1917 condicionali
1396 1893 1594 1926 suspensam
1615 1882 1751 1923 efferre,

389 1957 494 1990 quam
525 1945 563 1978 h.
594 1943 621 1976 1.
653 1942 703 1976 sic
731 1942 813 1975 licet
845 1941 1044 1985 concipere:
1076 1942 1107 1975 si
1136 1943 1210 1986 quis
1242 1943 1324 1977 talis
1354 1944 1406 1977 rei
1433 1954 1487 1976 me
1510 1941 1750 1976 admonuisset.

387 2006 457 2040 Sed
480 2007 599 2038 contra
622 2006 673 2036 est
695 2001 787 2046 apud
809 2001 967 2042 Latinos,
994 2000 1054 2044 qui
1077 1992 1239 2044 opinandi
1256 1993 1430 2036 *rationem
1453 2013 1514 2045 per
1534 2012 1572 2036 se
1593 2003 1750 2044 spectan-

387 2068 438 2099 tes
461 2062 649 2098 indicativo
671 2065 826 2096 utuntur.
866 2062 910 2095 cf.
941 2071 1045 2104 supra
1066 2072 1096 2095 c.
1120 2061 1189 2103 XI,
1214 2061 1247 2095 7.
1297 2063 1394 2104 Quod
1414 2063 1552 2095 verbum
1575 2062 1611 2095 in
1631 2065 1749 2105 pectus

387 2124 581 2169 Iugurthae
604 2122 730 2166 altius,
758 2132 860 2166 quam
883 2122 1062 2166 quisquam
1085 2126 1222 2155 ratus
1244 2127 1362 2163 erat,
1393 2121 1577 2155 descendit.
1611 2119 1682 2156 Cic.
1706 2119 1749 2152 de

388 2184 459 2219 Off.
484 2184 513 2224 Ι,
537 2183 594 2217 23.
620 2181 677 2224 81,
724 2182 849 2227 Ingem'
870 2182 991 2226 magm'
1015 2186 1064 2216 est
1086 2193 1153 2215 non
1175 2182 1398 2233 committere,
1423 2187 1463 2216 ut
1486 2181 1670 2225 aliquando
1693 2179 1748 2214 di-

388 2245 528 2279 cendum
551 2244 615 2276 sit:
638 2254 722 2276 non
742 2247 979 2287 putav-am,-
1004 2241 1064 2275 ubi
1088 2241 1230 2274 Beierus
1253 2241 1396 2275 contulit
1418 2241 1538 2277 Senec.
1561 2241 1603 2274 de
1623 2241 1680 2275 Ira
1701 2239 1746 2280 11,

317 2317 320 2321 ·
389 2304 445 2338 31.
470 2308 503 2338 et
526 2304 638 2337 Valer.
660 2305 755 2342 Max.
779 2303 852 2345 Vll,
874 2303 909 2344 2,
933 2303 967 2336 2.
1003 2302 1132 2335 Eadem
1156 2301 1275 2335 caussti
1297 2300 1418 2335 nititur
1439 2299 1644 2335 indicativus
1665 2310 1748 2334 ver-

386 2365 510 2398 borum
531 2375 642 2408 posse,
666 2363 799 2405 debere,
822 2365 856 2396 et
879 2362 1058 2401 similium,
1081 2361 1123 2394 de
1146 2361 1269 2403 quibus
1294 2360 1442 2395 diximus
1463 2361 1508 2394 ad
1529 2372 1559 2394 c.
1583 2360 1686 2401 XCV,
1710 2359 1745 2394 3.

386 2425 430 2458 cf.
458 2425 669 2458 Ramshorn.
700 2424 860 2457 Gramm.
889 2422 965 2456 Lat.
997 2423 1029 2463 ς.
1055 2420 1135 2455 166.
1163 2421 1198 2462 2,
1221 2433 1251 2456 c.
1273 2423 1345 2456 not.
1367 2432 1401 2464 p.
1423 2419 1504 2454 410.
1526 2419 1579 2453 ed.
1595 2420 1631 2454 ⁴1.
1653 2418 1744 2462 Aug.

387 2483 590 2518 Grotefendi
620 2483 779 2516 Gramm.
812 2483 888 2516 Lat.
920 2481 1029 2515 schol.
1064 2482 1098 2522 ἓ.
1126 2479 1206 2516 184.
1229 2492 1264 2524 p.
1287 2479 1367 2514 150.
1390 2499 1436 2507 --
1465 2479 1505 2513 In
1526 2477 1643 2512 multis
1665 2477 1743 2514 edd.

387 2544 471 2578 olim
496 2532 575 2587 post
596 2543 683 2576 novis
698 2542 888 2577 addebatur
918 2541 1206 2585 opulentissimus,
1239 2540 1331 2584 quod
1362 2549 1567 2583 quamquam
1589 2537 1626 2572 in
1647 2537 1744 2571 nullo

386 2604 462 2637 cod.
496 2602 626 2647 legitur
656 2605 690 2636 et
722 2600 922 2635 recentioris
955 2603 1006 2634 est
1036 2599 1310 2643 interpolatoris,
1347 2602 1462 2637 tamen
1488 2600 1664 2641 receptum
1697 2596 1742 2630 ab

385 2662 491 2706 Bipp.
515 2663 695 2702 Mudlero,
719 2661 854 2706 hangio
876 2664 912 2694 et
934 2659 1078 2694 Weisio.
1124 2658 1267 2694 Scilicet
1290 2669 1358 2692 non
1380 2661 1543 2693 curarunt
1564 2657 1631 2698 illi,
1651 2656 1741 2700 quod

387 2722 524 2758 Curtius
546 2725 638 2758 recte
659 2720 780 2764 sensit,
804 2720 883 2765 quie
916 2719 1112 2764 „vecordia
1133 2720 1244 2763 foret,
1264 2718 1392 2764 inquit,
1415 2718 1456 2760 ,ei
1477 2712 1649 2753 vocabulo
1666 2725 1741 2752 om—
