1826 3276
416 147 502 187 53⁰
777 138 822 181 C.
853 134 1178 199 SALLUsTl
1207 134 1420 178 CRISPI

417 256 547 300 tumis
583 266 719 312 agere
754 234 1032 301 ‹lecreve1·at;
1065 229 1210 307 neone
1244 256 1391 293 tamen
1421 250 1602 295 victoria
1626 265 1775 295 socors

421 356 495 395 aut
524 347 712 392 insolens
747 345 912 397 factus;
956 343 1037 389 sed
1076 344 1241 404 pariter
1285 353 1418 402 atque
1459 344 1506 388 in
1539 353 1777 404 conspectu

385 444 612 492 2hostium
639 441 855 499 quadrato
885 439 1062 499 agmine
1089 438 1306 483 incedere.
1365 438 1489 484 Sulla
1518 454 1620 483 cum
1654 441 1779 498 equi-

422 544 514 582 tatu
545 536 666 596 apud
690 536 935 588 dextumos‚
969 535 1014 579 in
1045 535 1215 578 sinistra
1246 534 1301 579 A.
1329 533 1521 578 Manlius
1544 549 1645 578 cum
1677 535 1780 578 fun-

423 633 633 678 ditoribus
684 637 728 677 et
771 629 1025 691 sagittariis,
1067 635 1298 689 praeterea
1342 629 1532 680 cohortis
1567 629 1782 690 Ligurum

423 797 500 820 men
531 789 670 829 propter
701 782 954 817 humanitatem
986 786 1020 816 et
1056 782 1257 815 modestiam
1280 781 1371 815 malo
1394 782 1544 824 saluam,
1568 792 1670 826 quam
1691 793 1784 825 pro-

422 850 524 890 pter
554 855 675 878 asum
704 853 860 882 meum,
884 841 907 875 i.
931 851 962 874 e.
987 852 1058 883 eo,
1090 846 1139 876 at
1171 841 1266 875 illias
1287 851 1385 874 usum
1408 841 1583 875 habere
1610 841 1784 884 possim.

423 903 540 939 lustin.
565 904 626 945 XI,
648 902 683 943 7,
705 902 739 936 4.
791 901 890 935 Urbis
910 901 1098 944 potiundae
1120 912 1188 934 non
1209 905 1397 944 propter
1423 899 1643 944 praedam
1665 899 1785 943 cupido

425 975 501 998 eum
525 963 624 1007 cepit.
650 979 693 986 -
717 962 831 995 Verba
854 960 1000 995 victoria
1021 971 1131 994 socors
1160 959 1298 994 eortius
1319 959 1455 1005 inverso
1477 960 1597 994 ordine
1618 958 1785 1000 exhibuit,

423 1023 461 1057 id
484 1023 615 1056 factum
647 1020 762 1054 (licens
786 1031 826 1054 eae
847 1031 939 1054 more
967 1018 1100 1063 Crisp1'5
1123 1029 1336 1062 quamquam
1357 1017 1425 1052 iste
1446 1021 1522 1053 mae
1543 1030 1610 1053 non
1633 1018 1786 1064 plurium

422 1083 595 1117 librorum
624 1079 852 1120 auctoritate,
888 1090 997 1123 quam
1026 1079 1104 1113 cod.
1135 1079 1281 1123 Berger.
1311 1082 1347 1112 et
1374 1078 1491 1114 Guelf.
1514 1079 1550 1114 3.
1583 1079 1789 1123 comproba-

424 1147 492 1178 tur.
517 1161 559 1170 -
583 1142 678 1175 Idem
701 1151 743 1173 ex
764 1138 883 1182 paucis
904 1138 1003 1172 libris
1025 1150 1087 1182 pro
1108 1140 1242 1183 pariter
1271 1142 1410 1182 atque
1431 1137 1477 1171 s'n
1500 1139 1635 1174 soloece
1655 1138 1789 1182 scripsit

423 1214 501 1246 par.
526 1213 576 1236 ιη·
607 1202 671 1244 in,
703 1200 795 1243 quod
819 1199 1007 1233 Gerlachio
1030 1199 1066 1233 in
1088 1200 1142 1233 ed.
1161 1199 1245 1234 mai.
1269 1197 1410 1241 placuit.
1432 1198 1473 1232 V.
1495 1196 1540 1232 ad
1563 1207 1594 1232 c.
1617 1195 1788 1237 mxxv,

424 1262 482 1297 12.
508 1279 551 1288 —
578 1262 640 1303 Qu
656 1260 823 1293 adrato
855 1258 995 1301 agmine
1017 1258 1041 1292 i.
1064 1270 1095 1293 e.
1121 1258 1272 1293 exercitu
1295 1258 1346 1292 ita
1376 1258 1561 1298 instructo,
1583 1259 1623 1290 ut
1644 1254 1788 1298 impedi-

423 1320 547 1355 mentis
577 1321 614 1354 in
648 1318 800 1352 medium
829 1317 964 1351 conatis
994 1317 1047 1360 (v,
1069 1317 1167 1351 Serv.
1200 1317 1246 1351 ad
1267 1317 1365 1361 Virg.
1387 1319 1472 1352 Aen.
1495 1315 1574 1357 xn,
1599 1315 1700 1360 121.)
1722 1325 1789 1347 non

424 1382 538 1416 solum
573 1379 724 1424 primum
757 1382 792 1412 et
826 1380 1040 1421 postremum
1074 1387 1218 1421 agmen,
1251 1377 1311 1411 sed
1345 1376 1449 1411 etiam
1485 1380 1670 1418 utrumque
1700 1375 1790 1408 latus

424 1440 539 1475 subito
568 1439 721 1473 hostium
752 1437 896 1481 impetui
918 1447 986 1470 non
1019 1439 1163 1480 pateret.
1212 1436 1304 1470 Tale
1330 1447 1458 1481 agmen
1477 1434 1664 1470 Sallustius
1685 1444 1791 1477 supra

426 1512 456 1534 c.
480 1499 599 1540 XLVI,
621 1498 656 1532 6.
693 1499 875 1531 munitum.
892 1486 1013 1534 dixit.
1033 1498 1261 1538 accurateque
1291 1495 1493 1539 descripsit,
1521 1500 1561 1530 ut
1589 1499 1720 1540 pateret
1742 1495 1791 1529 ita

427 1559 533 1593 fuisse
554 1551 812 1602 comparatum,
835 1558 873 1590 ut
903 1565 1101 1599 quacunque
1125 1554 1324 1589 accederent
1346 1555 1477 1598 hostes,
1497 1557 1790 1600 propulsarentur.

425 1619 527 1653 Istius
546 1621 662 1652 autem
686 1615 813 1650 ordinis
841 1625 910 1649 non
938 1614 1115 1657 inpugna
1138 1624 1240 1647 usum
1262 1614 1392 1656 fuisse,
1422 1614 1481 1648 sed
1503 1614 1636 1650 itineri·
1657 1613 1792 1649 tutandi

426 1688 549 1713 caussa
568 1688 642 1711 esse
661 1675 868 1717 institutum,
891 1684 1000 1718 quum
1022 1672 1088 1716 ipsi
1105 1672 1309 1717 scriptorum
1330 1675 1400 1708 loci
1421 1675 1612 1718 ostendunt,
1632 1677 1706 1709 tum
1730 1684 1790 1717 pa-

427 1742 476 1773 tet
497 1747 540 1770 ex
565 1739 732 1780 potestate
755 1746 883 1780 agmen
913 1732 1102 1773 vocabu113
1134 1733 1179 1766 cf.
1201 1734 1355 1779 Herzog.
1382 1734 1426 1769 ad
1449 1735 1544 1769 Caes.
1568 1735 1610 1769 B.
1635 1734 1678 1768 G.
1703 1733 1790 1766 vlu,
1812 1776 1813 1779 Ἴ

426 1797 460 1840 8,
485 1800 574 1831 extr.
604 1796 724 1830 Davis.
757 1796 806 1841 ³⁸¹„
833 1795 934 1828 Auct.
956 1793 1000 1827 B.
1033 1793 1219 1828 Alexandr.
1236 1806 1284 1843 c.
1306 1794 1373 1837 43,
1395 1794 1428 1828 3.
1459 1793 1578 1828 Senee.
1607 1794 1674 1837 Ep.
1702 1793 1790 1826 mx.

428 1857 539 1891 Movit
559 1867 614 1890 me
636 1856 754 1900 imago
779 1855 822 1889 ab
845 1855 904 1888 illo
925 1853 1062 1898 posita,
1085 1853 1155 1887 ire
1186 1855 1418 1898 quadrato
1452 1853 1641 1899 agmine
1673 1863 1790 1897 exter-

427 1917 583 1958 es'tum‚
615 1916 675 1950 ubi
705 1916 810 1950 hostis
845 1915 888 1948 ab
912 1913 1003 1948 omni
1033 1918 1134 1958 parte
1157 1919 1330 1958 suspectus
1353 1919 1422 1956 est,
1450 1923 1595 1958 pugnae
1614 1915 1789 1956 paratum.

428 1988 461 2010 v.
486 1974 636 2011 Nitschii
661 1975 799 2018 Antiqq.
829 1975 932 2008 Rom.
966 1973 1071 2008 Tem.
1093 1973 1138 2007 11.
1169 1985 1204 2017 p.
1231 1972 1332 2008 1491.
1362 1973 1415 2007 ed.
1446 1972 1508 2006 111.
1537 1970 1701 2005 Creuzeri
1722 1970 1789 2004 An-

429 2037 513 2080 tiqq.
537 2036 641 2069 Rom.
665 2037 698 2077 §.
719 2034 800 2069 255.
825 2046 861 2079 p.
886 2033 968 2068 391.
989 2033 1043 2069 ed.
1064 2033 1107 2067 11.

519 2097 552 2138 §-
576 2094 612 2128 2.
657 2096 752 2138 apud
783 2093 985 2137 dextumos]
1022 2093 1155 2128 Forma
1187 2080 1390 2128 insolentior
1410 2091 1584 2126 deaetumoe
1612 2089 1648 2124 in
1670 2098 1791 2124 caussa

429 2155 520 2196 fuit,
554 2165 616 2187 cur
648 2154 784 2188 scribae
813 2154 850 2187 in
871 2153 1043 2187 nonnullis
1069 2153 1167 2187 codd.
1199 2153 1319 2187 darent
1342 2153 1496 2192 dextros,
1517 2150 1554 2184 in
1579 2149 1658 2185 aliis
1680 2154 1790 2184 extre-

429 2225 521 2255 mos,
551 2214 709 2248 Wassius
739 2217 854 2247 autem
886 2212 1068 2247 coniiceret
1104 2213 1262 2253 extimos,
1296 2215 1334 2246 ut
1356 2212 1391 2246 in
1412 2212 1498 2245 Tur.
1521 2211 1555 2248 1.
1584 2210 1792 2254 conspicitur

430 2274 521 2308 inter
542 2284 672 2309 versus.
710 2273 779 2308 Sed
803 2273 982 2317 vulgatam
1007 2275 1141 2316 praeter
1163 2271 1318 2317 codicum
1341 2270 1569 2315 plurimorum
1590 2281 1790 2304 consensum

430 2338 544 2369 tuetur
574 2333 744 2368 Prisciani
773 2332 1028 2375 testimonium,
1059 2331 1120 2375 qui
1152 2331 1216 2373 111,
1237 2331 1271 2374 3,
1295 2331 1351 2365 19.
1385 2332 1438 2364 ed.
1459 2331 1522 2365 Kr.
1549 2330 1592 2363 de
1613 2329 1791 2370 vocabulis

432 2395 600 2428 dextimus
622 2398 657 2427 et
679 2393 862 2427 sinistimus
898 2402 1006 2435 agens
1028 2395 1183 2425 nostrum
1215 2392 1330 2425 locum
1353 2391 1481 2425 laudat.
1505 2390 1552 2425 cf.
1574 2388 1723 2424 Nonium
1744 2389 1788 2429 ΙΙ,

432 2453 510 2489 198.
534 2459 569 2488 et
589 2454 730 2487 Festum
753 2464 785 2496 p.
809 2452 865 2486 56.
890 2462 970 2484 cum
993 2450 1220 2485 Lindemanni
1245 2454 1398 2486 annotat.
1422 2461 1454 2494 p.
1477 2448 1557 2484 406.
1581 2467 1627 2475 —
1656 2448 1708 2482 De
1729 2459 1786 2482 ra-

432 2515 524 2548 tione
545 2525 620 2547 cum
643 2513 833 2557 particulae
854 2511 927 2546 iam
950 2510 1097 2545 diximus
1120 2511 1163 2544 ad
1196 2522 1227 2545 c.
1254 2511 1374 2552 xmx,
1396 2511 1429 2545 1.
1477 2510 1571 2543 Cave
1592 2507 1685 2542 euim
1707 2519 1789 2542 con-

432 2575 555 2619 iungas
576 2574 683 2607 verba
713 2584 788 2606 oum
822 2572 978 2615 equitatu
1009 2571 1177 2611 curabat,
1210 2570 1308 2612 quasi
1329 2568 1494 2613 equitatui
1516 2568 1685 2612 quaedam
1700 2570 1788 2600 'con-

431 2634 538 2667 sortio
567 2631 710 2666 curandi
743 2642 821 2664 cum
854 2630 953 2664 Sulla
982 2629 1085 2664 fuerit
1100 2654 1111 2670 ,
1143 2640 1229 2663 neve
1259 2628 1442 2663 vernacula
1463 2630 1577 2662 vertas
1603 2628 1700 2662 Sulla
1723 2627 1783 2659 be-

426 2693 637 2737 sehligte
681 2692 759 2725 mit
804 2692 883 2724 der
923 2689 1140 2725 liciter-ei
1172 2691 1242 2730 auf
1267 2688 1329 2722 der
1351 2688 1488 2723 rechten
1509 2687 1612 2722 Seite.
1660 2686 1787 2720 Sensus
