1826 3276
401 196 485 238 18⁰
767 182 814 233 θ’.
844 189 1406 235 SALLUSTI-GRISPI

367 310 393 349 7
402 310 545 350 totum
591 304 684 349 eius
732 318 924 364 regnum
970 303 1114 347 animo
1158 305 1248 348 iam
1295 306 1523 350 invaserat.
1617 306 1771 365 ltaque

400 415 513 454 non,
556 404 607 442 ut
645 404 797 455 antea,
844 413 945 443 cum
977 397 1259 458 praedatoria
1294 414 1451 456 manu,
1495 401 1574 445 sed
1604 417 1770 462 magno

404 494 597 538 exercitu
631 499 890 554 comparato
922 493 1088 538 bellum
1132 508 1292 554 gerere
1337 495 1487 554 coepit
1530 502 1574 540 et
1615 502 1771 556 aperte

367 589 531 641 gtotius
586 588 822 633 Numidiae
867 588 1103 648 imperium
1157 594 1325 649 petere.
1416 588 1626 635 Ceterum
1682 606 1770 649 qua

398 758 450 793 Eo
470 757 608 793 facilius
627 761 743 793 autem
763 757 832 793 ista
849 757 1046 794 coniectura
1067 769 1185 794 carere
1209 770 1412 803 possumus,
1443 770 1550 805 quum
1574 770 1681 804 neque
1709 770 1771 804 per

396 829 434 852 se
450 828 528 852 eam
544 817 618 852 vim
634 817 764 852 habeat
775 843 785 860 ‚
810 821 849 852 ut
866 829 1087 864 praegressae
1105 819 1336 855 enunciationi
1346 846 1357 864 ,
1383 831 1449 855 non
1465 815 1583 854 forma
1594 819 1652 852 sed
1671 829 1771 853 sensu

398 878 631 920 concessivae,
655 877 905 912 consectarium
925 878 1129 914 sententiam
1148 879 1350 924 negativam
1374 879 1533 920 adiiciat,
1562 876 1655 924 'quw
1680 878 1771 914 ratio

396 937 515 972 addita
532 942 647 972 tamen
665 937 838 981 particula
853 948 919 971 non
934 942 1107 980 mutatur,
1131 940 1189 973 sed
1206 939 1445 974 tantummodo
1461 938 1590 973 clarior
1606 937 1771 974 redditur.

398 997 445 1031 ef.
475 997 656 1032 Bremium
683 997 727 1030 ad
763 995 849 1039 Nep.
881 997 1011 1041 Agesil.
1029 1009 1059 1031 c.
1080 999 1096 1032 I
1109 1023 1119 1041 ,
1144 999 1176 1034 4.
1191 998 1358 1033 Kuehner
1375 1000 1419 1033 ad
1437 998 1509 1033 Cic.
1525 999 1652 1033 Tusco.
1676 999 1712 1040 1,
1735 997 1770 1032 2.

398 1056 431 1091 4.
456 1068 490 1091 v.
514 1057 607 1091 infra
633 1068 663 1090 e.
689 1056 799 1098 nvn,
820 1056 855 1091 3.
879 1057 1040 1091 Ceterum
1066 1058 1168 1092 nihili
1196 1062 1265 1100 est,
1298 1059 1394 1102 quod
1423 1057 1631 1094 Gerlaohius
1654 1058 1772 1103 nagia

398 1126 465 1150 non
481 1127 561 1150 cum
576 1115 817 1158 minuebatur,
839 1117 898 1150 sed
917 1128 996 1151 cum
1024 1129 1063 1152 eo
1085 1118 1249 1163 coniungi
1275 1119 1373 1162 vult;
1396 1117 1498 1162 quasi
1527 1129 1596 1152 non
1624 1121 1771 1161 utraque

400 1187 463 1209 vox
488 1176 533 1210 ad
550 1176 698 1210 verbum
716 1175 910 1220 pertineat?
936 1178 1066 1211 Eadem
1083 1182 1134 1212 est
1149 1179 1242 1212 ratio
1262 1179 1419 1213 locorum
1446 1177 1492 1213 ab
1515 1178 1592 1222 ipso
1612 1178 1771 1213 laudato—

396 1247 476 1270 rum
490 1260 500 1279 ,
529 1236 616 1280 Nep.
642 1237 743 1270 Eum.
771 1236 840 1278 IV,
863 1236 897 1270 2.
929 1236 1048 1280 Pelop.
1075 1237 1092 1270 1
1107 1261 1118 1280 ,
1142 1237 1177 1272 3.
1211 1238 1315 1272 Paua.
1344 1239 1415 1280 111,
1438 1237 1472 1272 5.
1495 1249 1585 1282 quae
1608 1237 1712 1272 simul
1725 1237 1771 1272 ad

395 1306 498 1329 usum
514 1306 622 1340 neque
640 1295 831 1339 particulae
851 1296 1125 1331 confirmandum
1145 1297 1267 1333 valent.
1287 1317 1329 1323 —
1346 1298 1400 1332 Ad
1421 1308 1559 1332 sensum
1582 1297 1770 1333 verborum

396 1365 545 1400 regnum
573 1355 690 1388 animo
714 1355 785 1389 iam
808 1356 986 1392 invaserat
1008 1356 1166 1391 Wassiu·
1186 1357 1273 1392 bene
1289 1357 1506 1402 comparavit
1523 1357 1596 1391 Cic.
1616 1357 1652 1391 in
1669 1357 1768 1391 Verr-

395 1416 425 1456 1,
445 1415 504 1457 51,
526 1414 606 1450 135.
631 1415 713 1457 Iste,
737 1415 796 1460 qui
814 1416 887 1450 iam
907 1427 985 1461 epe
1013 1421 1054 1452 et
1077 1418 1297 1462 opinione
1322 1418 1492 1462 praedam
1511 1418 1608 1452 illam
1629 1417 1770 1451 devo-

394 1485 522 1509 rasse
534 1480 561 1510 t.
589 1475 639 1509 Id.
659 1476 747 1519 Epp.
765 1474 809 1509 ad
827 1474 929 1510 Attio.
953 1477 993 1520 Ι,
1017 1477 1083 1519 16,
1108 1489 1143 1522 p.
1168 1477 1257 1511 med.
1281 1478 1340 1511 ille
1358 1482 1473 1512 antem
1487 1478 1583 1523 regis
1597 1477 1769 1512 heredita-

394 1539 464 1569 tem
496 1546 514 1568 s
520 1546 576 1580 pe
618 1535 947 1572 devoraverat.
987 1536 1112 1572 Cetera
1140 1537 1298 1581 exempla
1326 1547 1348 1570 a
1375 1535 1492 1570 Cottio
1514 1542 1551 1573 et
1580 1536 1770 1572 Gerluohio

394 1595 501 1630 allata
524 1594 627 1638 plane
651 1593 769 1629 aliena
796 1598 887 1631 sunt.
909 1615 955 1622 —
973 1597 1044 1631 Pro
1063 1597 1168 1632 totius
1187 1596 1375 1631 Numidiae
1400 1594 1579 1640 imperium
1593 1594 1768 1646 inStruv.

394 1659 430 1688 et
453 1654 569 1691 Guelf.
601 1654 635 1690 4.
666 1658 717 1688 est
745 1660 807 1689 tot.
836 1655 917 1699 imp.
945 1657 1050 1691 Nam.
1066 1681 1077 1699 ‚
1101 1657 1191 1701 quod
1219 1667 1287 1690 uon
1314 1655 1516 1696 reiicerem,
1538 1654 1569 1689 si
1591 1654 1707 1698 plures
1725 1663 1769 1688 ae

394 1714 555 1748 meliores
571 1714 655 1749 libri
673 1715 935 1758 confirmarent,
959 1727 991 1750 ν.
1014 1717 1058 1751 ad
1077 1717 1153 1751 Cat.
1171 1716 1214 1751 u
1229 1740 1239 1758 ‚
1271 1715 1330 1750 33.
1350 1735 1396 1742 ——
1414 1715 1498 1750 Post
1521 1715 1614 1749 urbis
1635 1713 1769 1748 scribae

394 1772 431 1807 in
450 1773 571 1809 Leidd.
595 1775 638 1808 D.
662 1775 703 1808 Ε.
731 1774 886 1810 inserunt
911 1781 1036 1821 atque,
1058 1777 1194 1811 scilieet
1220 1775 1408 1820 asyndeton
1436 1785 1504 1808 non
1525 1775 1695 1816 ferentes,
1726 1774 1768 1808 de

393 1843 463 1876 quo
492 1833 643 1868 diximus
667 1836 711 1869 ad
738 1836 814 1871 Cat.
844 1837 932 1878 XX,
956 1836 990 1870 2.
1020 1839 1054 1870 et
1087 1836 1132 1871 ad
1159 1835 1288 1877 XLIII,
1307 1835 1341 1869 2.
1364 1832 1540 1878 Exemplis
1551 1832 1603 1867 ibi
1619 1832 1768 1869 laudatis

392 1892 467 1927 iam
484 1893 643 1928 addimus
658 1895 736 1930 Cat.
761 1896 814 1938 X,
835 1896 869 1930 2.
893 1897 947 1930 his
962 1897 1090 1939 otiam,
1121 1895 1265 1930 divitiae
1292 1894 1388 1928 oneri
1410 1893 1635 1937 miseriaeque
1653 1895 1765 1936 suere.

392 1952 471 1997 lug.
505 1953 603 1995 XIV,
636 1954 693 1989 ll.
726 1967 780 1990 me
804 1961 983 2001 ‘extorrem
1012 1955 1190 1999 patria,
1222 1955 1346 1988 domo
1377 1954 1499 1998 effecit.
1531 1952 1710 1993 LXXXV,
1729 1950 1764 1986 Ἰ.

392 2013 445 2048 ita
457 2013 537 2056 sui,
565 2018 604 2047 nt
625 2025 740 2050 omnes
757 2017 956 2057 labores,
978 2015 1195 2059 pericula
1217 2018 1376 2048 consueta
1399 2013 1556 2047 habeam.
1571 2012 1658 2047 Tac.
1678 2012 1765 2048 Anu.

393 2073 464 2114 xl,
486 2072 554 2114 24,
575 2073 610 2107 2.
646 2080 685 2109 ut
716 2081 900 2118 terrae,
933 2079 1100 2120 gentes
1127 2074 1164 2107 in
1195 2085 1317 2108 nomen
1348 2078 1502 2108 vostrum
1528 2073 1765 2107 coalescerent.

391 2133 491 2174 XIV,
513 2131 557 2166 31
571 2156 582 2175 ‚
600 2132 641 2180 Υ4.
667 2133 826 2167 veterani
841 2133 1006 2178 (incolas)
1019 2134 1195 2179 pellebant
1217 2134 1384 2174 domibus,
1401 2132 1631 2168 exturbabant
1653 2132 1764 2179 agris,

392 2204 443 2226 ea
451 2193 523 2238 pti
530 2203 550 2227 υ
563 2204 626 2235 οε,
649 2203 806 2228 servos
828 2194 1044 2238 appellando.
1090 2194 1243 2228 praedas
1266 2193 1410 2237 pluralis
1433 2204 1456 2227 a
1477 2189 1595 2227 nostro
1615 2203 1680 2226 usu
1701 2191 1765 2226 ab·

393 2252 532 2296 horret,
565 2264 634 2286 non
664 2252 750 2286 item
781 2263 803 2287 a
826 2253 962 2289 Latino.
987 2255 1035 2289 οῗ.
1058 2255 1135 2300 Ing.
1159 2254 1313 2297 XXXII,
1338 2253 1374 2288 4.
1399 2253 1496 2296 xm,
1518 2251 1554 2288 ⁷.
1578 2251 1705 2292 xmv,
1726 2249 1762 2286 5.

393 2312 622 2354 LXXXVIII,
653 2311 686 2346 Β.
718 2312 793 2346 Liv.
826 2313 957 2354 XXIV,
987 2314 1055 2359 2⁰,
1090 2314 1124 2348 4.
1157 2315 1243 2359 Nep.
1274 2314 1404 2348 Chabr.
1433 2324 1465 2347 e.
1496 2311 1548 2354 II,
1574 2311 1612 2346 3.
1633 2311 1763 2346 Caussa

393 2372 541 2416 pluralis
564 2371 700 2406 numeri
722 2371 854 2416 patebit
877 2384 919 2407 ex
941 2373 1044 2408 dictis
1065 2374 1109 2408 ad
1133 2375 1209 2409 Cat.
1235 2375 1311 2415 XV,
1333 2373 1367 2408 4.
1390 2364 1506 2418 pst‘n.
1529 2391 1575 2398 --
1597 2371 1763 2406 Hostibus

392 2435 567 2474 terrorem,
591 2443 692 2476 quem
715 2433 870 2468 ordinem
894 2445 1012 2470 omnes
1035 2434 1117 2468 libri
1147 2437 1335 2479 praestant,
1365 2432 1514 2475 Cottius,
1535 2431 1640 2466 fidem
1661 2431 1764 2466 {nnius

392 2491 498 2526 Acad-
520 2496 672 2536 secutus,
695 2493 855 2536 invertit,
887 2494 1019 2530 scilieet
1049 2498 1089 2529 ut
1123 2495 1358 2529 membrorum
1388 2491 1561 2526 cluimus
1591 2491 1761 2534 existeret,

393 2550 437 2584 de
459 2562 528 2594 quo
551 2552 737 2587 verborum
761 2554 880 2588 ordine
900 2565 934 2588 v.
959 2558 1078 2590 notata
1101 2555 1146 2589 ad
1163 2555 1238 2589 Cat.
1263 2554 1363 2596 LXI,
1394 2551 1428 2587 9.
1459 2551 1544 2587 Sine
1572 2552 1760 2586 multorum

393 2613 428 2644 et
450 2610 622 2645 bonorum
644 2613 744 2647 codd.
769 2613 940 2657 praesidio
958 2625 980 2648 a
1003 2615 1148 2660 vulgata
1171 2625 1238 2648 non
1259 2613 1495 2648 recedendum.

482 2670 578 2704 XXI.
624 2673 655 2714 §.
679 2672 712 2709 1.
738 2677 773 2707 et
806 2674 841 2708 2.
889 2674 1077 2720 intellegit]
1102 2674 1265 2718 Plerique
1283 2673 1383 2707 bodd.
1416 2673 1547 2707 habent
1574 2671 1760 2715 melligt’tf

392 2729 452 2764 ned
475 2728 721 2767 Sallustianam
744 2733 894 2770 formam
911 2738 1092 2770 servarunt
1115 2735 1195 2769 Bas.
1231 2734 1265 2768 1.
1288 2733 1391 2768 Fabr.
1417 2730 1450 2766 1.
1473 2731 1552 2767 sen.
1575 2731 1608 2765 1.
1635 2730 1756 2764 Guelf.
