<?xml version="1.0" encoding="UTF-8"?>
<!DOCTYPE html PUBLIC "-//W3C//DTD XHTML 1.0 Transitional//EN"
    "http://www.w3.org/TR/xhtml1/DTD/xhtml1-transitional.dtd">
<html xmlns="http://www.w3.org/1999/xhtml" xml:lang="en" lang="en">
 <head>
  <title>
</title>
<meta http-equiv="Content-Type" content="text/html;charset=utf-8" />
  <meta name='ocr-system' content='tesseract 3.04.00' />
  <meta name='ocr-capabilities' content='ocr_page ocr_carea ocr_par ocr_line ocrx_word'/>
</head>
<body>
  <div class='ocr_page' id='page_1' title='image "./operaquaesupers02salluoft_0108.png"; bbox 0 0 1826 3276; ppageno 0'>
   <div class='ocr_carea' id='block_1_1' title="bbox 374 122 1373 168">
    <p class='ocr_par' dir='ltr' id='par_1_1' title="bbox 374 122 1373 168">
     <span class='ocr_line' id='line_1_1' title="bbox 374 122 1373 168; baseline 0 0"><span class='ocrx_word' id='word_1_1' title='bbox 374 129 432 168; x_wconf 78' lang='lat'><strong>86</strong></span> <span class='ocrx_word' id='word_1_2' title='bbox 740 123 784 167; x_wconf 83' lang='lat' dir='ltr'><strong>C.</strong></span> <span class='ocrx_word' id='word_1_3' title='bbox 813 122 1130 166; x_wconf 84' lang='lat' dir='ltr'>SALLUSTI</span> <span class='ocrx_word' id='word_1_4' title='bbox 1157 123 1373 168; x_wconf 87' lang='lat' dir='ltr'>CRISPI</span> 
     </span>
    </p>
   </div>
   <div class='ocr_carea' id='block_1_2' title="bbox 318 235 1744 867">
    <p class='ocr_par' dir='ltr' id='par_1_2' title="bbox 318 235 1741 673">
     <span class='ocr_line' id='line_1_2' title="bbox 318 235 1735 300; baseline 0.001 -17"><span class='ocrx_word' id='word_1_5' title='bbox 318 244 367 283; x_wconf 86' lang='lat'><strong>18</strong></span> <span class='ocrx_word' id='word_1_6' title='bbox 378 239 609 283; x_wconf 86' lang='lat' dir='ltr'><strong>Postremo</strong></span> <span class='ocrx_word' id='word_1_7' title='bbox 631 235 861 280; x_wconf 79' lang='lat' dir='ltr'>Masinissa</span> <span class='ocrx_word' id='word_1_8' title='bbox 889 251 967 280; x_wconf 88' lang='lat' dir='ltr'><strong>nos</strong></span> <span class='ocrx_word' id='word_1_9' title='bbox 987 237 1048 280; x_wconf 87' lang='lat' dir='ltr'><strong>ita</strong></span> <span class='ocrx_word' id='word_1_10' title='bbox 1072 237 1267 294; x_wconf 78' lang='lat' dir='ltr'>instituit,</span> <span class='ocrx_word' id='word_1_11' title='bbox 1299 240 1452 283; x_wconf 85' lang='lat' dir='ltr'><strong>Patres</strong></span> <span class='ocrx_word' id='word_1_12' title='bbox 1484 240 1735 300; x_wconf 80' lang='lat' dir='ltr'><strong>conscripti,</strong></span> 
     </span>
     <span class='ocr_line' id='line_1_3' title="bbox 380 331 1738 391; baseline 0.002 -15"><span class='ocrx_word' id='word_1_13' title='bbox 380 348 437 379; x_wconf 89' lang='lat' dir='ltr'><strong>ne</strong></span> <span class='ocrx_word' id='word_1_14' title='bbox 472 347 606 390; x_wconf 89' lang='lat' dir='ltr'><strong>quem</strong></span> <span class='ocrx_word' id='word_1_15' title='bbox 637 331 882 375; x_wconf 84' lang='lat' dir='ltr'><strong>coleremus</strong></span> <span class='ocrx_word' id='word_1_16' title='bbox 917 331 998 374; x_wconf 88' lang='lat' dir='ltr'><strong>nisi</strong></span> <span class='ocrx_word' id='word_1_17' title='bbox 1031 332 1249 391; x_wconf 88' lang='lat' dir='ltr'><strong>populum</strong></span> <span class='ocrx_word' id='word_1_18' title='bbox 1274 333 1538 388; x_wconf 85' lang='lat' dir='ltr'><strong>Romanum,</strong></span> <span class='ocrx_word' id='word_1_19' title='bbox 1573 349 1629 378; x_wconf 89' lang='lat' dir='ltr'><strong>ne</strong></span> <span class='ocrx_word' id='word_1_20' title='bbox 1662 349 1738 379; x_wconf 84' lang='lat' dir='ltr'><strong>so-</strong></span> 
     </span>
     <span class='ocr_line' id='line_1_4' title="bbox 382 425 1741 490; baseline 0.002 -21"><span class='ocrx_word' id='word_1_21' title='bbox 382 427 585 482; x_wconf 87' lang='lat' dir='ltr'><strong>cietates,</strong></span> <span class='ocrx_word' id='word_1_22' title='bbox 610 440 666 468; x_wconf 89' lang='lat' dir='ltr'><strong>ne</strong></span> <span class='ocrx_word' id='word_1_23' title='bbox 683 425 869 469; x_wconf 84' lang='lat' dir='ltr'><strong>foedera</strong></span> <span class='ocrx_word' id='word_1_24' title='bbox 892 439 1007 469; x_wconf 86' lang='lat' dir='ltr'><strong>nova</strong></span> <span class='ocrx_word' id='word_1_25' title='bbox 1026 426 1350 485; x_wconf 77' lang='lat' dir='ltr'><strong>acciperemus3</strong></span> <span class='ocrx_word' id='word_1_26' title='bbox 1383 427 1559 473; x_wconf 85' lang='lat' dir='ltr'><strong>abunde</strong></span> <span class='ocrx_word' id='word_1_27' title='bbox 1576 443 1741 490; x_wconf 81' lang='lat' dir='ltr'><strong>magna</strong></span> 
     </span>
     <span class='ocr_line' id='line_1_5' title="bbox 381 519 1739 580; baseline 0.004 -18"><span class='ocrx_word' id='word_1_28' title='bbox 381 519 599 580; x_wconf 86' lang='lat' dir='ltr'><strong>praesidia</strong></span> <span class='ocrx_word' id='word_1_29' title='bbox 632 519 759 563; x_wconf 86' lang='lat' dir='ltr'><strong>nobis</strong></span> <span class='ocrx_word' id='word_1_30' title='bbox 801 520 846 564; x_wconf 90' lang='lat' dir='ltr'><strong>in</strong></span> <span class='ocrx_word' id='word_1_31' title='bbox 883 526 1031 565; x_wconf 79' lang='lat' dir='ltr'><strong>vostra</strong></span> <span class='ocrx_word' id='word_1_32' title='bbox 1069 521 1258 565; x_wconf 86' lang='lat' dir='ltr'><strong>amicitia</strong></span> <span class='ocrx_word' id='word_1_33' title='bbox 1291 521 1413 576; x_wconf 81' lang='lat' dir='ltr'><strong>fore3</strong></span> <span class='ocrx_word' id='word_1_34' title='bbox 1448 523 1486 567; x_wconf 88' lang='lat' dir='ltr'><strong>si</strong></span> <span class='ocrx_word' id='word_1_35' title='bbox 1516 521 1621 567; x_wconf 90' lang='lat' dir='ltr'><strong>huic</strong></span> <span class='ocrx_word' id='word_1_36' title='bbox 1654 524 1739 567; x_wconf 87' lang='lat' dir='ltr'><strong>im-</strong></span> 
     </span>
     <span class='ocr_line' id='line_1_6' title="bbox 381 614 1740 673; baseline 0.003 -14"><span class='ocrx_word' id='word_1_37' title='bbox 381 614 507 673; x_wconf 86' lang='lat' dir='ltr'><strong>perio</strong></span> <span class='ocrx_word' id='word_1_38' title='bbox 541 614 716 659; x_wconf 88' lang='lat' dir='ltr'><strong>fortuna</strong></span> <span class='ocrx_word' id='word_1_39' title='bbox 748 620 1011 672; x_wconf 84' lang='lat' dir='ltr'><strong>mutaretur,</strong></span> <span class='ocrx_word' id='word_1_40' title='bbox 1045 631 1131 659; x_wconf 86' lang='lat' dir='ltr'><strong>una</strong></span> <span class='ocrx_word' id='word_1_41' title='bbox 1164 616 1290 660; x_wconf 90' lang='lat' dir='ltr'><strong>nobis</strong></span> <span class='ocrx_word' id='word_1_42' title='bbox 1320 617 1613 662; x_wconf 83' lang='lat' dir='ltr'><strong>occidendum</strong></span> <span class='ocrx_word' id='word_1_43' title='bbox 1633 633 1740 662; x_wconf 84' lang='lat' dir='ltr'><strong>esse.</strong></span> 
     </span>
    </p>

    <p class='ocr_par' dir='ltr' id='par_1_3' title="bbox 320 708 1744 867">
     <span class='ocr_line' id='line_1_7' title="bbox 320 708 1744 778; baseline 0.001 -23"><span class='ocrx_word' id='word_1_44' title='bbox 320 716 369 755; x_wconf 86' lang='lat'><strong>19</strong></span> <span class='ocrx_word' id='word_1_45' title='bbox 382 708 552 753; x_wconf 85' lang='lat' dir='ltr'><strong>Virtute</strong></span> <span class='ocrx_word' id='word_1_46' title='bbox 593 724 646 752; x_wconf 88' lang='lat' dir='ltr'><strong>ac</strong></span> <span class='ocrx_word' id='word_1_47' title='bbox 692 709 759 754; x_wconf 84' lang='lat' dir='ltr'><strong>dis</strong></span> <span class='ocrx_word' id='word_1_48' title='bbox 802 710 1048 754; x_wconf 86' lang='lat' dir='ltr'><strong>volentibus</strong></span> <span class='ocrx_word' id='word_1_49' title='bbox 1089 712 1238 770; x_wconf 82' lang='lat' dir='ltr'><strong>magni</strong></span> <span class='ocrx_word' id='word_1_50' title='bbox 1283 712 1383 756; x_wconf 87' lang='lat' dir='ltr'><strong>estis</strong></span> <span class='ocrx_word' id='word_1_51' title='bbox 1429 719 1483 778; x_wconf 47' lang='lat' dir='ltr'><strong>etK</strong></span> <span class='ocrx_word' id='word_1_52' title='bbox 1522 713 1744 773; x_wconf 82' lang='lat' dir='ltr'><strong>opulenti,</strong></span> 
     </span>
     <span class='ocr_line' id='line_1_8' title="bbox 382 789 1743 867; baseline 0.003 -20"><span class='ocrx_word' id='word_1_53' title='bbox 382 805 532 847; x_wconf 82' lang='lat' dir='ltr'><strong>omnia</strong></span> <span class='ocrx_word' id='word_1_54' title='bbox 566 789 777 867; x_wconf 43' lang='lat' dir='ltr'><strong>secunda}</strong></span> <span class='ocrx_word' id='word_1_55' title='bbox 795 811 840 849; x_wconf 85' lang='lat' dir='ltr'><strong>et</strong></span> <span class='ocrx_word' id='word_1_56' title='bbox 882 805 1135 850; x_wconf 84' lang='lat' dir='ltr'><strong>obedientia</strong></span> <span class='ocrx_word' id='word_1_57' title='bbox 1177 813 1298 860; x_wconf 84' lang='lat' dir='ltr'><strong>sunt3</strong></span> <span class='ocrx_word' id='word_1_58' title='bbox 1340 823 1429 866; x_wconf 92' lang='lat' dir='ltr'><strong>quo</strong></span> <span class='ocrx_word' id='word_1_59' title='bbox 1465 807 1632 852; x_wconf 80' lang='lat' dir='ltr'><strong>facilius</strong></span> <span class='ocrx_word' id='word_1_60' title='bbox 1668 822 1743 852; x_wconf 91' lang='lat' dir='ltr'><strong>so-</strong></span> 
     </span>
    </p>
   </div>
   <div class='ocr_carea' id='block_1_3' title="bbox 316 899 1744 957">
    <p class='ocr_par' dir='ltr' id='par_1_4' title="bbox 316 899 1744 957">
     <span class='ocr_line' id='line_1_9' title="bbox 316 899 1744 957; baseline 0.001 -14"><span class='ocrx_word' id='word_1_61' title='bbox 316 904 372 943; x_wconf 81' lang='lat'><strong>20</strong></span> <span class='ocrx_word' id='word_1_62' title='bbox 383 899 550 943; x_wconf 86' lang='lat' dir='ltr'><strong>ciorum</strong></span> <span class='ocrx_word' id='word_1_63' title='bbox 591 900 765 944; x_wconf 87' lang='lat' dir='ltr'><strong>iniurias</strong></span> <span class='ocrx_word' id='word_1_64' title='bbox 810 916 964 945; x_wconf 86' lang='lat' dir='ltr'><strong>curare</strong></span> <span class='ocrx_word' id='word_1_65' title='bbox 1007 901 1121 947; x_wconf 85' lang='lat' dir='ltr'><strong>licet.</strong></span> <span class='ocrx_word' id='word_1_66' title='bbox 1192 901 1388 945; x_wconf 87' lang='lat' dir='ltr'><strong>Tantum</strong></span> <span class='ocrx_word' id='word_1_67' title='bbox 1422 902 1533 946; x_wconf 88' lang='lat' dir='ltr'><strong>illud</strong></span> <span class='ocrx_word' id='word_1_68' title='bbox 1573 916 1744 957; x_wconf 88' lang='lat' dir='ltr'><strong>vereor,</strong></span> 
     </span>
    </p>
   </div>
   <div class='ocr_carea' id='block_1_4' title="bbox 367 1050 1761 1939">
    <p class='ocr_par' dir='ltr' id='par_1_5' title="bbox 367 1050 1761 1939">
     <span class='ocr_line' id='line_1_10' title="bbox 381 1050 1748 1103; baseline 0 -11"><span class='ocrx_word' id='word_1_69' title='bbox 381 1057 532 1092; x_wconf 83' lang='lat' dir='ltr'><strong>Particc.</strong></span> <span class='ocrx_word' id='word_1_70' title='bbox 553 1057 643 1092; x_wconf 64' lang='lat' dir='ltr'><strong>batt.</strong></span> <span class='ocrx_word' id='word_1_71' title='bbox 663 1070 697 1103; x_wconf 85' lang='lat' dir='ltr'><strong>p.</strong></span> <span class='ocrx_word' id='word_1_72' title='bbox 715 1058 796 1094; x_wconf 81' lang='lat'><strong>329.</strong></span> <span class='ocrx_word' id='word_1_73' title='bbox 816 1078 862 1085; x_wconf 92' lang='grc'><strong>--</strong></span> <span class='ocrx_word' id='word_1_74' title='bbox 883 1059 952 1093; x_wconf 87' lang='lat' dir='ltr'><strong>Pro</strong></span> <span class='ocrx_word' id='word_1_75' title='bbox 970 1050 1086 1103; x_wconf 71' lang='lat' dir='ltr'><strong>etque,</strong></span> <span class='ocrx_word' id='word_1_76' title='bbox 1110 1061 1189 1093; x_wconf 78' lang='lat' dir='ltr'><strong>ante</strong></span> <span class='ocrx_word' id='word_1_77' title='bbox 1211 1059 1367 1099; x_wconf 78' lang='lat' dir='ltr'><strong>omnium,</strong></span> <span class='ocrx_word' id='word_1_78' title='bbox 1393 1059 1484 1102; x_wconf 78' lang='lat' dir='ltr'><strong>quod</strong></span> <span class='ocrx_word' id='word_1_79' title='bbox 1507 1068 1625 1095; x_wconf 84' lang='lat' dir='ltr'><strong>omnes</strong></span> <span class='ocrx_word' id='word_1_80' title='bbox 1639 1069 1748 1102; x_wconf 80' lang='lat' dir='ltr'><strong>paene</strong></span> 
     </span>
     <span class='ocr_line' id='line_1_11' title="bbox 382 1117 1748 1164; baseline 0.003 -15"><span class='ocrx_word' id='word_1_81' title='bbox 382 1117 482 1150; x_wconf 88' lang='lat' dir='ltr'><strong>codd.</strong></span> <span class='ocrx_word' id='word_1_82' title='bbox 509 1121 643 1161; x_wconf 90' lang='lat' dir='ltr'><strong>tenent,</strong></span> <span class='ocrx_word' id='word_1_83' title='bbox 673 1119 812 1153; x_wconf 86' lang='lat' dir='ltr'><strong>Cortius</strong></span> <span class='ocrx_word' id='word_1_84' title='bbox 843 1119 947 1153; x_wconf 81' lang='lat' dir='ltr'><strong>tacite</strong></span> <span class='ocrx_word' id='word_1_85' title='bbox 970 1120 1106 1162; x_wconf 75' lang='lat' dir='ltr'><strong>scripsit</strong></span> <span class='ocrx_word' id='word_1_86' title='bbox 1128 1124 1173 1153; x_wconf 83' lang='lat' dir='ltr'><strong>et.</strong></span> <span class='ocrx_word' id='word_1_87' title='bbox 1201 1137 1246 1144; x_wconf 92' lang='lat'><strong>--</strong></span> <span class='ocrx_word' id='word_1_88' title='bbox 1283 1119 1356 1160; x_wconf 80' lang='lat' dir='ltr'><strong>Qua</strong></span> <span class='ocrx_word' id='word_1_89' title='bbox 1380 1120 1555 1161; x_wconf 76' lang='lat' dir='ltr'><strong>accidam,</strong></span> <span class='ocrx_word' id='word_1_90' title='bbox 1582 1123 1645 1153; x_wconf 81' lang='lat' dir='ltr'><strong>aut</strong></span> <span class='ocrx_word' id='word_1_91' title='bbox 1667 1131 1748 1164; x_wconf 80' lang='lat' dir='ltr'><strong>quos</strong></span> 
     </span>
     <span class='ocr_line' id='line_1_12' title="bbox 381 1177 1749 1223; baseline 0.004 -13"><span class='ocrx_word' id='word_1_92' title='bbox 381 1177 575 1221; x_wconf 80' lang='lat' dir='ltr'><strong>appellem?</strong></span> <span class='ocrx_word' id='word_1_93' title='bbox 609 1179 711 1212; x_wconf 83' lang='lat' dir='ltr'><strong>Hune</strong></span> <span class='ocrx_word' id='word_1_94' title='bbox 744 1179 859 1214; x_wconf 87' lang='lat' dir='ltr'><strong>locum</strong></span> <span class='ocrx_word' id='word_1_95' title='bbox 889 1179 1116 1213; x_wconf 85' lang='lat' dir='ltr'><strong>Ruhnkenius</strong></span> <span class='ocrx_word' id='word_1_96' title='bbox 1147 1179 1191 1213; x_wconf 83' lang='lat' dir='ltr'><strong>ad</strong></span> <span class='ocrx_word' id='word_1_97' title='bbox 1221 1179 1305 1214; x_wconf 84' lang='lat' dir='ltr'><strong>Rut.</strong></span> <span class='ocrx_word' id='word_1_98' title='bbox 1337 1178 1490 1222; x_wconf 81' lang='lat' dir='ltr'><strong>Lup.11,</strong></span> <span class='ocrx_word' id='word_1_99' title='bbox 1515 1178 1551 1214; x_wconf 84' lang='grc'><strong>6.</strong></span> <span class='ocrx_word' id='word_1_100' title='bbox 1573 1190 1608 1223; x_wconf 83' lang='lat' dir='ltr'><strong>p.</strong></span> <span class='ocrx_word' id='word_1_101' title='bbox 1630 1179 1676 1214; x_wconf 82' lang='lat'><strong>96</strong></span> <span class='ocrx_word' id='word_1_102' title='bbox 1697 1191 1749 1223; x_wconf 85' lang='lat' dir='ltr'><strong>sq.</strong></span> 
     </span>
     <span class='ocr_line' id='line_1_13' title="bbox 381 1237 1750 1284; baseline 0.002 -14"><span class='ocrx_word' id='word_1_103' title='bbox 381 1237 531 1271; x_wconf 80' lang='lat' dir='ltr'><strong>novandi</strong></span> <span class='ocrx_word' id='word_1_104' title='bbox 554 1238 665 1272; x_wconf 82' lang='lat' dir='ltr'><strong>studio</strong></span> <span class='ocrx_word' id='word_1_105' title='bbox 699 1238 879 1284; x_wconf 82' lang='lat' dir='ltr'><strong>indulgens</strong></span> <span class='ocrx_word' id='word_1_106' title='bbox 902 1251 970 1273; x_wconf 90' lang='lat' dir='ltr'><strong>non</strong></span> <span class='ocrx_word' id='word_1_107' title='bbox 993 1250 1061 1272; x_wconf 89' lang='lat' dir='ltr'><strong>uno</strong></span> <span class='ocrx_word' id='word_1_108' title='bbox 1084 1238 1222 1273; x_wconf 88' lang='lat' dir='ltr'><strong>nomine</strong></span> <span class='ocrx_word' id='word_1_109' title='bbox 1245 1237 1410 1280; x_wconf 78' lang='lat' dir='ltr'><strong>tentavit3</strong></span> <span class='ocrx_word' id='word_1_110' title='bbox 1439 1238 1497 1272; x_wconf 80' lang='lat' dir='ltr'><strong>sed</strong></span> <span class='ocrx_word' id='word_1_111' title='bbox 1511 1237 1555 1272; x_wconf 64' lang='lat' dir='ltr'><strong>vin</strong></span> <span class='ocrx_word' id='word_1_112' title='bbox 1578 1239 1750 1283; x_wconf 83' lang='lat' dir='ltr'><strong>plerisque</strong></span> 
     </span>
     <span class='ocr_line' id='line_1_14' title="bbox 381 1297 1749 1342; baseline 0.003 -12"><span class='ocrx_word' id='word_1_113' title='bbox 381 1297 547 1332; x_wconf 78' lang='lat' dir='ltr'><strong>audacius</strong></span> <span class='ocrx_word' id='word_1_114' title='bbox 570 1309 675 1342; x_wconf 79' lang='lat' dir='ltr'><strong>quam</strong></span> <span class='ocrx_word' id='word_1_115' title='bbox 690 1299 804 1332; x_wconf 84' lang='lat' dir='ltr'><strong>verius</strong></span> <span class='ocrx_word' id='word_1_116' title='bbox 827 1302 878 1333; x_wconf 84' lang='lat' dir='ltr'><strong>est</strong></span> <span class='ocrx_word' id='word_1_117' title='bbox 899 1299 972 1332; x_wconf 90' lang='lat' dir='ltr'><strong>eius</strong></span> <span class='ocrx_word' id='word_1_118' title='bbox 995 1298 1175 1332; x_wconf 83' lang='lat' dir='ltr'><strong>iudicium.</strong></span> <span class='ocrx_word' id='word_1_119' title='bbox 1222 1297 1311 1332; x_wconf 77' lang='lat' dir='ltr'><strong>Nam</strong></span> <span class='ocrx_word' id='word_1_120' title='bbox 1335 1309 1442 1341; x_wconf 88' lang='lat' dir='ltr'><strong>quum</strong></span> <span class='ocrx_word' id='word_1_121' title='bbox 1461 1300 1588 1333; x_wconf 76' lang='lat' dir='ltr'><strong>Donat.</strong></span> <span class='ocrx_word' id='word_1_122' title='bbox 1609 1300 1652 1332; x_wconf 79' lang='lat' dir='ltr'><strong>ed</strong></span> <span class='ocrx_word' id='word_1_123' title='bbox 1667 1299 1749 1334; x_wconf 77' lang='lat' dir='ltr'><strong>Ter.</strong></span> 
     </span>
     <span class='ocr_line' id='line_1_15' title="bbox 381 1356 1749 1404; baseline 0.002 -14"><span class='ocrx_word' id='word_1_124' title='bbox 381 1357 513 1402; x_wconf 77' lang='lat' dir='ltr'><strong>Hecyr.</strong></span> <span class='ocrx_word' id='word_1_125' title='bbox 544 1359 603 1400; x_wconf 88' lang='lat'>111,</span> <span class='ocrx_word' id='word_1_126' title='bbox 626 1358 661 1399; x_wconf 81' lang='lat'><strong>3,</strong></span> <span class='ocrx_word' id='word_1_127' title='bbox 686 1357 742 1392; x_wconf 82' lang='lat'><strong>18.</strong></span> <span class='ocrx_word' id='word_1_128' title='bbox 767 1358 895 1392; x_wconf 75' lang='lat' dir='ltr'><strong>referat</strong></span> <span class='ocrx_word' id='word_1_129' title='bbox 927 1358 1130 1392; x_wconf 79' lang='lat' dir='ltr'><strong>Sallustium</strong></span> <span class='ocrx_word' id='word_1_130' title='bbox 1156 1356 1286 1391; x_wconf 80' lang='lat' dir='ltr'><strong>alicubi</strong></span> <span class='ocrx_word' id='word_1_131' title='bbox 1309 1357 1451 1392; x_wconf 81' lang='lat' dir='ltr'><strong>dixisse:</strong></span> <span class='ocrx_word' id='word_1_132' title='bbox 1489 1370 1558 1403; x_wconf 79' lang='lat' dir='ltr'><strong>qua</strong></span> <span class='ocrx_word' id='word_1_133' title='bbox 1580 1359 1749 1404; x_wconf 70' lang='lat' dir='ltr'><strong>accidant,</strong></span> 
     </span>
     <span class='ocr_line' id='line_1_16' title="bbox 382 1417 1751 1462; baseline 0.002 -12"><span class='ocrx_word' id='word_1_134' title='bbox 382 1423 445 1451; x_wconf 81' lang='lat' dir='ltr'><strong>aut</strong></span> <span class='ocrx_word' id='word_1_135' title='bbox 476 1417 570 1462; x_wconf 79' lang='lat' dir='ltr'><strong>quo?</strong></span> <span class='ocrx_word' id='word_1_136' title='bbox 601 1417 830 1452; x_wconf 78' lang='lat' dir='ltr'><strong>Ruhnkenius</strong></span> <span class='ocrx_word' id='word_1_137' title='bbox 873 1421 1026 1453; x_wconf 76' lang='lat' dir='ltr'><strong>statuens</strong></span> <span class='ocrx_word' id='word_1_138' title='bbox 1062 1421 1217 1452; x_wconf 85' lang='lat' dir='ltr'><strong>nostrum</strong></span> <span class='ocrx_word' id='word_1_139' title='bbox 1255 1418 1370 1451; x_wconf 85' lang='lat' dir='ltr'><strong>locum</strong></span> <span class='ocrx_word' id='word_1_140' title='bbox 1401 1429 1423 1452; x_wconf 79' lang='lat' dir='ltr'><strong>a</strong></span> <span class='ocrx_word' id='word_1_141' title='bbox 1452 1419 1588 1453; x_wconf 73' lang='lat' dir='ltr'><strong>Donato</strong></span> <span class='ocrx_word' id='word_1_142' title='bbox 1626 1418 1751 1462; x_wconf 80' lang='lat' dir='ltr'><strong>respici</strong></span> 
     </span>
     <span class='ocr_line' id='line_1_17' title="bbox 381 1476 1752 1523; baseline 0.001 -13"><span class='ocrx_word' id='word_1_143' title='bbox 381 1476 534 1520; x_wconf 83' lang='lat' dir='ltr'><strong>primum</strong></span> <span class='ocrx_word' id='word_1_144' title='bbox 557 1478 774 1512; x_wconf 88' lang='lat' dir='ltr'><strong>scribendum</strong></span> <span class='ocrx_word' id='word_1_145' title='bbox 807 1483 920 1512; x_wconf 87' lang='lat' dir='ltr'><strong>censet</strong></span> <span class='ocrx_word' id='word_1_146' title='bbox 942 1491 1006 1523; x_wconf 82' lang='lat' dir='ltr'><strong>quo</strong></span> <span class='ocrx_word' id='word_1_147' title='bbox 1034 1479 1201 1512; x_wconf 83' lang='lat' dir='ltr'><strong>accidam.</strong></span> <span class='ocrx_word' id='word_1_148' title='bbox 1249 1477 1341 1511; x_wconf 88' lang='lat' dir='ltr'><strong>Tum</strong></span> <span class='ocrx_word' id='word_1_149' title='bbox 1371 1477 1500 1511; x_wconf 80' lang='lat' dir='ltr'><strong>collato</strong></span> <span class='ocrx_word' id='word_1_150' title='bbox 1524 1477 1627 1516; x_wconf 81' lang='lat' dir='ltr'><strong>Ennii</strong></span> <span class='ocrx_word' id='word_1_151' title='bbox 1648 1489 1752 1513; x_wconf 81' lang='lat' dir='ltr'><strong>versu</strong></span> 
     </span>
     <span class='ocr_line' id='line_1_18' title="bbox 381 1536 1751 1582; baseline 0.003 -13"><span class='ocrx_word' id='word_1_152' title='bbox 381 1537 473 1580; x_wconf 77' lang='lat' dir='ltr'><strong>apud</strong></span> <span class='ocrx_word' id='word_1_153' title='bbox 495 1537 570 1573; x_wconf 89' lang='lat' dir='ltr'><strong>Cic.</strong></span> <span class='ocrx_word' id='word_1_154' title='bbox 593 1538 750 1574; x_wconf 75' lang='lat' dir='ltr'><strong>Tusculi.</strong></span> <span class='ocrx_word' id='word_1_155' title='bbox 777 1539 835 1580; x_wconf 87' lang='lat'>111,</span> <span class='ocrx_word' id='word_1_156' title='bbox 862 1539 919 1581; x_wconf 84' lang='lat'><strong>19,</strong></span> <span class='ocrx_word' id='word_1_157' title='bbox 944 1538 1000 1572; x_wconf 72' lang='lat'><strong>44.</strong></span> <span class='ocrx_word' id='word_1_158' title='bbox 1028 1550 1107 1572; x_wconf 86' lang='lat' dir='ltr'><strong>arce</strong></span> <span class='ocrx_word' id='word_1_159' title='bbox 1132 1542 1166 1572; x_wconf 82' lang='lat' dir='ltr'><strong>et</strong></span> <span class='ocrx_word' id='word_1_160' title='bbox 1188 1538 1271 1570; x_wconf 81' lang='lat' dir='ltr'><strong>urbe</strong></span> <span class='ocrx_word' id='word_1_161' title='bbox 1294 1536 1377 1569; x_wconf 81' lang='lat' dir='ltr'><strong>orba</strong></span> <span class='ocrx_word' id='word_1_162' title='bbox 1399 1547 1496 1577; x_wconf 78' lang='lat' dir='ltr'><strong>sum3</strong></span> <span class='ocrx_word' id='word_1_163' title='bbox 1527 1547 1608 1582; x_wconf 76' lang='lat' dir='ltr'><strong>quo</strong></span> <span class='ocrx_word' id='word_1_164' title='bbox 1638 1539 1751 1573; x_wconf 78' lang='lat' dir='ltr'><strong>acci·-</strong></span> 
     </span>
     <span class='ocr_line' id='line_1_19' title="bbox 383 1592 1761 1642; baseline 0.001 -13"><span class='ocrx_word' id='word_1_165' title='bbox 383 1595 505 1632; x_wconf 75' lang='lat' dir='ltr'><strong>dam?</strong></span> <span class='ocrx_word' id='word_1_166' title='bbox 539 1609 624 1641; x_wconf 81' lang='lat' dir='ltr'><strong>quo</strong></span> <span class='ocrx_word' id='word_1_167' title='bbox 656 1597 915 1641; x_wconf 81' lang='lat' dir='ltr'><strong>applicem?</strong></span> <span class='ocrx_word' id='word_1_168' title='bbox 946 1609 1036 1642; x_wconf 78' lang='lat' dir='ltr'><strong>quae</strong></span> <span class='ocrx_word' id='word_1_169' title='bbox 1058 1599 1167 1631; x_wconf 82' lang='lat' dir='ltr'><strong>verba</strong></span> <span class='ocrx_word' id='word_1_170' title='bbox 1191 1607 1318 1640; x_wconf 85' lang='lat' dir='ltr'><strong>quum,</strong></span> <span class='ocrx_word' id='word_1_171' title='bbox 1340 1595 1454 1629; x_wconf 84' lang='lat' dir='ltr'><strong>nescio</strong></span> <span class='ocrx_word' id='word_1_172' title='bbox 1477 1607 1546 1639; x_wconf 82' lang='lat' dir='ltr'><strong>quo</strong></span> <span class='ocrx_word' id='word_1_173' title='bbox 1568 1595 1655 1639; x_wconf 83' lang='lat' dir='ltr'><strong>iure,</strong></span> <span class='ocrx_word' id='word_1_174' title='bbox 1671 1592 1761 1631; x_wconf 51' lang='lat' dir='ltr'><strong>sal-⁷</strong></span> 
     </span>
     <span class='ocr_line' id='line_1_20' title="bbox 380 1654 1751 1702; baseline 0.003 -14"><span class='ocrx_word' id='word_1_175' title='bbox 380 1656 523 1690; x_wconf 82' lang='lat' dir='ltr'><strong>lustium</strong></span> <span class='ocrx_word' id='word_1_176' title='bbox 555 1654 757 1693; x_wconf 71' lang='lat' dir='ltr'><strong>imitatione</strong></span> <span class='ocrx_word' id='word_1_177' title='bbox 778 1658 984 1702; x_wconf 82' lang='lat' dir='ltr'><strong>expressisse</strong></span> <span class='ocrx_word' id='word_1_178' title='bbox 1013 1657 1124 1698; x_wconf 86' lang='lat' dir='ltr'><strong>dicat,</strong></span> <span class='ocrx_word' id='word_1_179' title='bbox 1162 1667 1245 1700; x_wconf 78' lang='lat' dir='ltr'><strong>quos</strong></span> <span class='ocrx_word' id='word_1_180' title='bbox 1278 1657 1448 1699; x_wconf 83' lang='lat' dir='ltr'><strong>appellem</strong></span> <span class='ocrx_word' id='word_1_181' title='bbox 1478 1659 1591 1691; x_wconf 73' lang='lat' dir='ltr'><strong>mutat</strong></span> <span class='ocrx_word' id='word_1_182' title='bbox 1620 1657 1656 1691; x_wconf 87' lang='lat' dir='ltr'><strong>in</strong></span> <span class='ocrx_word' id='word_1_183' title='bbox 1687 1669 1751 1702; x_wconf 78' lang='lat' dir='ltr'><strong>quo</strong></span> 
     </span>
     <span class='ocr_line' id='line_1_21' title="bbox 381 1703 1752 1760; baseline 0.002 -12"><span class='ocrx_word' id='word_1_184' title='bbox 381 1703 567 1759; x_wconf 50' lang='lat' dir='ltr'><strong>appellam&#39;,</strong></span> <span class='ocrx_word' id='word_1_185' title='bbox 591 1716 723 1751; x_wconf 83' lang='lat' dir='ltr'><strong>scilicet</strong></span> <span class='ocrx_word' id='word_1_186' title='bbox 745 1721 785 1752; x_wconf 89' lang='lat' dir='ltr'><strong>ut</strong></span> <span class='ocrx_word' id='word_1_187' title='bbox 806 1719 875 1752; x_wconf 85' lang='lat' dir='ltr'><strong>hoc</strong></span> <span class='ocrx_word' id='word_1_188' title='bbox 898 1716 1103 1760; x_wconf 84' lang='lat' dir='ltr'><strong>respondeat</strong></span> <span class='ocrx_word' id='word_1_189' title='bbox 1124 1715 1278 1749; x_wconf 82' lang='lat' dir='ltr'><strong>Enniano</strong></span> <span class='ocrx_word' id='word_1_190' title='bbox 1301 1716 1486 1758; x_wconf 80' lang='lat' dir='ltr'><strong>vocabulo,</strong></span> <span class='ocrx_word' id='word_1_191' title='bbox 1511 1726 1531 1748; x_wconf 89' lang='lat' dir='ltr'><strong>e</strong></span> <span class='ocrx_word' id='word_1_192' title='bbox 1554 1727 1593 1749; x_wconf 89' lang='lat' dir='ltr'><strong>re</strong></span> <span class='ocrx_word' id='word_1_193' title='bbox 1613 1717 1752 1751; x_wconf 78' lang='lat' dir='ltr'><strong>nautica</strong></span> 
     </span>
     <span class='ocr_line' id='line_1_22' title="bbox 367 1774 1751 1821; baseline 0.001 -10"><span class='ocrx_word' id='word_1_194' title='bbox 367 1774 499 1811; x_wconf 57' lang='lat' dir='ltr'><strong>ducto.</strong></span> <span class='ocrx_word' id='word_1_195' title='bbox 547 1775 703 1820; x_wconf 88' lang='lat' dir='ltr'><strong>Denique</strong></span> <span class='ocrx_word' id='word_1_196' title='bbox 734 1781 773 1811; x_wconf 91' lang='lat' dir='ltr'><strong>ut</strong></span> <span class='ocrx_word' id='word_1_197' title='bbox 799 1776 1015 1821; x_wconf 80' lang='lat' dir='ltr'><strong>sequentium</strong></span> <span class='ocrx_word' id='word_1_198' title='bbox 1049 1776 1236 1809; x_wconf 83' lang='lat' dir='ltr'><strong>verborum</strong></span> <span class='ocrx_word' id='word_1_199' title='bbox 1271 1778 1443 1810; x_wconf 76' lang='lat' dir='ltr'><strong>structura</strong></span> <span class='ocrx_word' id='word_1_200' title='bbox 1474 1780 1660 1820; x_wconf 80' lang='lat' dir='ltr'><strong>congruat,</strong></span> <span class='ocrx_word' id='word_1_201' title='bbox 1694 1778 1751 1812; x_wconf 78' lang='lat' dir='ltr'><strong>ad</strong></span> 
     </span>
     <span class='ocr_line' id='line_1_23' title="bbox 383 1834 1752 1882; baseline 0.002 -14"><span class='ocrx_word' id='word_1_202' title='bbox 383 1834 582 1869; x_wconf 76' lang='lat' dir='ltr'><strong>nationesne</strong></span> <span class='ocrx_word' id='word_1_203' title='bbox 616 1836 720 1872; x_wconf 85' lang='lat' dir='ltr'><strong>scribi</strong></span> <span class='ocrx_word' id='word_1_204' title='bbox 751 1838 857 1874; x_wconf 89' lang='lat' dir='ltr'><strong>iubet.</strong></span> <span class='ocrx_word' id='word_1_205' title='bbox 904 1838 1004 1882; x_wconf 81' lang='lat' dir='ltr'><strong>Quae</strong></span> <span class='ocrx_word' id='word_1_206' title='bbox 1035 1839 1208 1880; x_wconf 77' lang='lat' dir='ltr'><strong>postrema</strong></span> <span class='ocrx_word' id='word_1_207' title='bbox 1247 1838 1286 1869; x_wconf 89' lang='lat' dir='ltr'><strong>ut</strong></span> <span class='ocrx_word' id='word_1_208' title='bbox 1323 1835 1416 1869; x_wconf 85' lang='lat' dir='ltr'><strong>omni</strong></span> <span class='ocrx_word' id='word_1_209' title='bbox 1446 1834 1752 1872; x_wconf 83' lang='lat' dir='ltr'><strong>verisimilitudinis</strong></span> 
     </span>
     <span class='ocr_line' id='line_1_24' title="bbox 384 1893 1752 1939; baseline 0.002 -11"><span class='ocrx_word' id='word_1_210' title='bbox 384 1893 498 1937; x_wconf 73' lang='lat' dir='ltr'><strong>specie</strong></span> <span class='ocrx_word' id='word_1_211' title='bbox 521 1894 685 1930; x_wconf 75' lang='lat' dir='ltr'><strong>destituta</strong></span> <span class='ocrx_word' id='word_1_212' title='bbox 718 1902 816 1939; x_wconf 83' lang='lat' dir='ltr'><strong>sunt,</strong></span> <span class='ocrx_word' id='word_1_213' title='bbox 852 1898 902 1932; x_wconf 83' lang='lat' dir='ltr'><strong>ita</strong></span> <span class='ocrx_word' id='word_1_214' title='bbox 932 1896 968 1930; x_wconf 78' lang='lat' dir='ltr'><strong>in</strong></span> <span class='ocrx_word' id='word_1_215' title='bbox 991 1897 1098 1929; x_wconf 83' lang='lat' dir='ltr'><strong>verbo</strong></span> <span class='ocrx_word' id='word_1_216' title='bbox 1122 1895 1276 1929; x_wconf 80' lang='lat' dir='ltr'><strong>accidam</strong></span> <span class='ocrx_word' id='word_1_217' title='bbox 1307 1898 1399 1928; x_wconf 87' lang='lat' dir='ltr'><strong>recte</strong></span> <span class='ocrx_word' id='word_1_218' title='bbox 1429 1895 1556 1929; x_wconf 81' lang='lat' dir='ltr'><strong>vidisse</strong></span> <span class='ocrx_word' id='word_1_219' title='bbox 1584 1897 1752 1932; x_wconf 80' lang='lat' dir='ltr'><strong>Ruhnke-</strong></span> 
     </span>
    </p>
   </div>
   <div class='ocr_carea' id='block_1_5' title="bbox 383 1952 1806 2000">
    <p class='ocr_par' dir='ltr' id='par_1_6' title="bbox 383 1952 1806 2000">
     <span class='ocr_line' id='line_1_25' title="bbox 383 1952 1806 2000; baseline 0.004 -14"><span class='ocrx_word' id='word_1_220' title='bbox 383 1952 481 1989; x_wconf 89' lang='lat' dir='ltr'><strong>nium</strong></span> <span class='ocrx_word' id='word_1_221' title='bbox 504 1954 710 1997; x_wconf 79' lang='lat' dir='ltr'><strong>putaverim.</strong></span> <span class='ocrx_word' id='word_1_222' title='bbox 757 1955 846 1990; x_wconf 80' lang='lat' dir='ltr'><strong>Nam</strong></span> <span class='ocrx_word' id='word_1_223' title='bbox 870 1967 976 1999; x_wconf 88' lang='lat' dir='ltr'><strong>quum</strong></span> <span class='ocrx_word' id='word_1_224' title='bbox 999 1956 1041 1989; x_wconf 83' lang='lat' dir='ltr'><strong>de</strong></span> <span class='ocrx_word' id='word_1_225' title='bbox 1064 1966 1105 1989; x_wconf 90' lang='lat' dir='ltr'><strong>eo</strong></span> <span class='ocrx_word' id='word_1_226' title='bbox 1127 1955 1177 1988; x_wconf 82' lang='lat' dir='ltr'><strong>ita</strong></span> <span class='ocrx_word' id='word_1_227' title='bbox 1200 1953 1292 1988; x_wconf 84' lang='lat' dir='ltr'><strong>dicat</strong></span> <span class='ocrx_word' id='word_1_228' title='bbox 1319 1955 1494 2000; x_wconf 80' lang='lat' dir='ltr'><strong>Donatus,</strong></span> <span class='ocrx_word' id='word_1_229' title='bbox 1516 1960 1554 1990; x_wconf 85' lang='lat' dir='ltr'><strong>ut</strong></span> <span class='ocrx_word' id='word_1_230' title='bbox 1576 1961 1752 2000; x_wconf 79' lang='lat' dir='ltr'><strong>corrupte·</strong></span> <span class='ocrx_word' id='word_1_231' title='bbox 1803 1987 1806 1991; x_wconf 88' lang='lat'><strong>.</strong></span> 
     </span>
    </p>
   </div>
   <div class='ocr_carea' id='block_1_6' title="bbox 381 2012 1754 2717">
    <p class='ocr_par' dir='ltr' id='par_1_7' title="bbox 381 2012 1754 2717">
     <span class='ocr_line' id='line_1_26' title="bbox 381 2012 1753 2058; baseline 0.003 -11"><span class='ocrx_word' id='word_1_232' title='bbox 381 2013 438 2047; x_wconf 78' lang='lat' dir='ltr'><strong>lae</strong></span> <span class='ocrx_word' id='word_1_233' title='bbox 459 2012 607 2056; x_wconf 83' lang='lat' dir='ltr'><strong>suspicio</strong></span> <span class='ocrx_word' id='word_1_234' title='bbox 630 2024 703 2047; x_wconf 86' lang='lat' dir='ltr'><strong>esse</strong></span> <span class='ocrx_word' id='word_1_235' title='bbox 725 2018 892 2058; x_wconf 76' lang='lat' dir='ltr'><strong>nequeat,</strong></span> <span class='ocrx_word' id='word_1_236' title='bbox 923 2027 1038 2050; x_wconf 85' lang='lat' dir='ltr'><strong>sensus</strong></span> <span class='ocrx_word' id='word_1_237' title='bbox 1065 2018 1180 2049; x_wconf 77' lang='lat' dir='ltr'><strong>autem</strong></span> <span class='ocrx_word' id='word_1_238' title='bbox 1204 2013 1282 2048; x_wconf 79' lang='lat' dir='ltr'><strong>talis</strong></span> <span class='ocrx_word' id='word_1_239' title='bbox 1304 2013 1367 2052; x_wconf 84' lang='lat' dir='ltr'><strong>sit,</strong></span> <span class='ocrx_word' id='word_1_240' title='bbox 1390 2017 1428 2047; x_wconf 87' lang='lat' dir='ltr'><strong>ut</strong></span> <span class='ocrx_word' id='word_1_241' title='bbox 1452 2016 1596 2049; x_wconf 82' lang='lat' dir='ltr'><strong>verbum</strong></span> <span class='ocrx_word' id='word_1_242' title='bbox 1619 2017 1753 2051; x_wconf 85' lang='lat' dir='ltr'><strong>nonnisi</strong></span> 
     </span>
     <span class='ocr_line' id='line_1_27' title="bbox 383 2072 1753 2118; baseline 0.004 -12"><span class='ocrx_word' id='word_1_243' title='bbox 383 2072 419 2106; x_wconf 79' lang='lat' dir='ltr'><strong>ln</strong></span> <span class='ocrx_word' id='word_1_244' title='bbox 442 2072 590 2116; x_wconf 86' lang='lat' dir='ltr'><strong>supplici</strong></span> <span class='ocrx_word' id='word_1_245' title='bbox 613 2077 648 2107; x_wconf 87' lang='lat' dir='ltr'><strong>et</strong></span> <span class='ocrx_word' id='word_1_246' title='bbox 669 2074 859 2108; x_wconf 79' lang='lat' dir='ltr'><strong>miserabili</strong></span> <span class='ocrx_word' id='word_1_247' title='bbox 893 2076 1073 2110; x_wconf 78' lang='lat' dir='ltr'><strong>cuiusdam</strong></span> <span class='ocrx_word' id='word_1_248' title='bbox 1105 2074 1261 2109; x_wconf 81' lang='lat' dir='ltr'><strong>oratione</strong></span> <span class='ocrx_word' id='word_1_249' title='bbox 1287 2073 1358 2117; x_wconf 82' lang='lat' dir='ltr'><strong>legi</strong></span> <span class='ocrx_word' id='word_1_250' title='bbox 1391 2075 1555 2118; x_wconf 77' lang='lat' dir='ltr'><strong>potuerit,</strong></span> <span class='ocrx_word' id='word_1_251' title='bbox 1587 2076 1668 2110; x_wconf 83' lang='lat' dir='ltr'><strong>talis</strong></span> <span class='ocrx_word' id='word_1_252' title='bbox 1689 2087 1753 2111; x_wconf 80' lang='lat' dir='ltr'><strong>au-</strong></span> 
     </span>
     <span class='ocr_line' id='line_1_28' title="bbox 383 2132 1753 2179; baseline 0.003 -12"><span class='ocrx_word' id='word_1_253' title='bbox 383 2135 454 2167; x_wconf 78' lang='lat' dir='ltr'><strong>tem</strong></span> <span class='ocrx_word' id='word_1_254' title='bbox 476 2133 588 2167; x_wconf 79' lang='lat' dir='ltr'><strong>oratio</strong></span> <span class='ocrx_word' id='word_1_255' title='bbox 610 2133 646 2168; x_wconf 90' lang='lat' dir='ltr'><strong>in</strong></span> <span class='ocrx_word' id='word_1_256' title='bbox 669 2133 834 2168; x_wconf 80' lang='lat' dir='ltr'><strong>Historiis</strong></span> <span class='ocrx_word' id='word_1_257' title='bbox 866 2135 972 2169; x_wconf 86' lang='lat' dir='ltr'><strong>fuisse</strong></span> <span class='ocrx_word' id='word_1_258' title='bbox 993 2146 1062 2169; x_wconf 86' lang='lat' dir='ltr'><strong>non</strong></span> <span class='ocrx_word' id='word_1_259' title='bbox 1093 2134 1266 2174; x_wconf 83' lang='lat' dir='ltr'><strong>videatur,</strong></span> <span class='ocrx_word' id='word_1_260' title='bbox 1300 2132 1391 2166; x_wconf 83' lang='lat' dir='ltr'><strong>nihil</strong></span> <span class='ocrx_word' id='word_1_261' title='bbox 1413 2134 1545 2178; x_wconf 77' lang='lat' dir='ltr'><strong>obstat,</strong></span> <span class='ocrx_word' id='word_1_262' title='bbox 1570 2135 1753 2179; x_wconf 76' lang='lat' dir='ltr'><strong>quominus</strong></span> 
     </span>
     <span class='ocr_line' id='line_1_29' title="bbox 383 2193 1754 2238; baseline 0 -9"><span class='ocrx_word' id='word_1_263' title='bbox 383 2193 558 2229; x_wconf 79' lang='lat' dir='ltr'><strong>Donatum</strong></span> <span class='ocrx_word' id='word_1_264' title='bbox 580 2193 649 2227; x_wconf 86' lang='lat' dir='ltr'><strong>hoc</strong></span> <span class='ocrx_word' id='word_1_265' title='bbox 680 2194 816 2228; x_wconf 82' lang='lat' dir='ltr'><strong>dicendi</strong></span> <span class='ocrx_word' id='word_1_266' title='bbox 840 2195 1035 2238; x_wconf 83' lang='lat' dir='ltr'><strong>exemplum</strong></span> <span class='ocrx_word' id='word_1_267' title='bbox 1058 2205 1099 2227; x_wconf 85' lang='lat' dir='ltr'><strong>ex</strong></span> <span class='ocrx_word' id='word_1_268' title='bbox 1122 2194 1329 2228; x_wconf 80' lang='lat' dir='ltr'><strong>Adherbalis</strong></span> <span class='ocrx_word' id='word_1_269' title='bbox 1352 2194 1508 2228; x_wconf 83' lang='lat' dir='ltr'><strong>oratione</strong></span> <span class='ocrx_word' id='word_1_270' title='bbox 1528 2194 1754 2238; x_wconf 77' lang='lat' dir='ltr'><strong>desumpsisse</strong></span> 
     </span>
     <span class='ocr_line' id='line_1_30' title="bbox 384 2253 1752 2299; baseline 0.003 -14"><span class='ocrx_word' id='word_1_271' title='bbox 384 2255 556 2298; x_wconf 79' lang='lat' dir='ltr'><strong>putemus.</strong></span> <span class='ocrx_word' id='word_1_272' title='bbox 603 2253 722 2298; x_wconf 84' lang='lat' dir='ltr'><strong>Neque</strong></span> <span class='ocrx_word' id='word_1_273' title='bbox 743 2255 840 2289; x_wconf 86' lang='lat' dir='ltr'><strong>obest</strong></span> <span class='ocrx_word' id='word_1_274' title='bbox 862 2255 896 2288; x_wconf 89' lang='lat' dir='ltr'><strong>ei</strong></span> <span class='ocrx_word' id='word_1_275' title='bbox 918 2253 1104 2288; x_wconf 80' lang='lat' dir='ltr'><strong>sententiae</strong></span> <span class='ocrx_word' id='word_1_276' title='bbox 1137 2254 1228 2296; x_wconf 82' lang='lat' dir='ltr'><strong>quod</strong></span> <span class='ocrx_word' id='word_1_277' title='bbox 1259 2254 1375 2297; x_wconf 87' lang='lat' dir='ltr'><strong>priore</strong></span> <span class='ocrx_word' id='word_1_278' title='bbox 1396 2254 1474 2288; x_wconf 81' lang='lat' dir='ltr'><strong>loco</strong></span> <span class='ocrx_word' id='word_1_279' title='bbox 1498 2265 1566 2299; x_wconf 80' lang='lat' dir='ltr'><strong>qua</strong></span> <span class='ocrx_word' id='word_1_280' title='bbox 1588 2265 1651 2299; x_wconf 83' lang='lat' dir='ltr'><strong>pro</strong></span> <span class='ocrx_word' id='word_1_281' title='bbox 1673 2267 1752 2299; x_wconf 77' lang='lat' dir='ltr'><strong>quo,</strong></span> 
     </span>
     <span class='ocr_line' id='line_1_31' title="bbox 386 2313 1753 2360; baseline 0.001 -12"><span class='ocrx_word' id='word_1_282' title='bbox 386 2313 495 2346; x_wconf 78' lang='lat' dir='ltr'><strong>altero</strong></span> <span class='ocrx_word' id='word_1_283' title='bbox 519 2323 585 2356; x_wconf 79' lang='lat' dir='ltr'><strong>quo</strong></span> <span class='ocrx_word' id='word_1_284' title='bbox 607 2324 669 2356; x_wconf 83' lang='lat' dir='ltr'><strong>pro</strong></span> <span class='ocrx_word' id='word_1_285' title='bbox 692 2326 774 2359; x_wconf 78' lang='lat' dir='ltr'><strong>quos</strong></span> <span class='ocrx_word' id='word_1_286' title='bbox 794 2315 944 2360; x_wconf 87' lang='lat' dir='ltr'><strong>legitur,</strong></span> <span class='ocrx_word' id='word_1_287' title='bbox 967 2324 1073 2356; x_wconf 88' lang='lat' dir='ltr'><strong>quum</strong></span> <span class='ocrx_word' id='word_1_288' title='bbox 1096 2313 1184 2346; x_wconf 84' lang='lat' dir='ltr'><strong>nihil</strong></span> <span class='ocrx_word' id='word_1_289' title='bbox 1208 2313 1417 2356; x_wconf 80' lang='lat' dir='ltr'><strong>frequentius</strong></span> <span class='ocrx_word' id='word_1_290' title='bbox 1437 2313 1482 2349; x_wconf 88' lang='lat' dir='ltr'><strong>sit</strong></span> <span class='ocrx_word' id='word_1_291' title='bbox 1501 2314 1641 2349; x_wconf 79' lang='lat' dir='ltr'><strong>relativi</strong></span> <span class='ocrx_word' id='word_1_292' title='bbox 1662 2314 1753 2360; x_wconf 84' lang='lat' dir='ltr'><strong>siglo</strong></span> 
     </span>
     <span class='ocr_line' id='line_1_32' title="bbox 384 2372 1751 2418; baseline 0.001 -12"><span class='ocrx_word' id='word_1_293' title='bbox 384 2382 566 2418; x_wconf 79' lang='lat' dir='ltr'><strong>perperam</strong></span> <span class='ocrx_word' id='word_1_294' title='bbox 590 2373 782 2416; x_wconf 85' lang='lat' dir='ltr'><strong>intellecto,</strong></span> <span class='ocrx_word' id='word_1_295' title='bbox 814 2373 1014 2418; x_wconf 79' lang='lat' dir='ltr'><strong>praesertim</strong></span> <span class='ocrx_word' id='word_1_296' title='bbox 1036 2372 1098 2407; x_wconf 88' lang='lat' dir='ltr'><strong>ubi</strong></span> <span class='ocrx_word' id='word_1_297' title='bbox 1121 2374 1365 2408; x_wconf 79' lang='lat' dir='ltr'><strong>sententiarum</strong></span> <span class='ocrx_word' id='word_1_298' title='bbox 1389 2385 1494 2409; x_wconf 81' lang='lat' dir='ltr'><strong>nexus</strong></span> <span class='ocrx_word' id='word_1_299' title='bbox 1514 2374 1669 2411; x_wconf 74' lang='lat' dir='ltr'><strong>sublatus</strong></span> <span class='ocrx_word' id='word_1_300' title='bbox 1691 2379 1751 2408; x_wconf 86' lang='lat' dir='ltr'><strong>est.</strong></span> 
     </span>
     <span class='ocr_line' id='line_1_33' title="bbox 385 2432 1752 2478; baseline 0.001 -12"><span class='ocrx_word' id='word_1_301' title='bbox 385 2434 432 2468; x_wconf 80' lang='lat' dir='ltr'><strong>ct&#39;.</strong></span> <span class='ocrx_word' id='word_1_302' title='bbox 465 2433 539 2469; x_wconf 79' lang='lat' dir='ltr'><strong>Cat.</strong></span> <span class='ocrx_word' id='word_1_303' title='bbox 564 2433 700 2476; x_wconf 76' lang='lat' dir='ltr'><strong>xvm,</strong></span> <span class='ocrx_word' id='word_1_304' title='bbox 723 2434 758 2468; x_wconf 92' lang='lat' dir='ltr'><strong>l.</strong></span> <span class='ocrx_word' id='word_1_305' title='bbox 787 2433 960 2475; x_wconf 77' lang='lat' dir='ltr'>XXXIX,</span> <span class='ocrx_word' id='word_1_306' title='bbox 983 2434 1017 2470; x_wconf 82' lang='lat'><strong>2.</strong></span> <span class='ocrx_word' id='word_1_307' title='bbox 1048 2434 1224 2468; x_wconf 80' lang='lat' dir='ltr'><strong>Drakenb.</strong></span> <span class='ocrx_word' id='word_1_308' title='bbox 1255 2435 1298 2468; x_wconf 83' lang='lat' dir='ltr'><strong>ad</strong></span> <span class='ocrx_word' id='word_1_309' title='bbox 1322 2434 1396 2468; x_wconf 81' lang='lat' dir='ltr'><strong>Liv.</strong></span> <span class='ocrx_word' id='word_1_310' title='bbox 1420 2435 1464 2475; x_wconf 83' lang='lat' dir='ltr'><strong>X,</strong></span> <span class='ocrx_word' id='word_1_311' title='bbox 1488 2432 1546 2478; x_wconf 76' lang='lat'><strong>14,</strong></span> <span class='ocrx_word' id='word_1_312' title='bbox 1566 2433 1603 2468; x_wconf 76' lang='lat'><strong>4.</strong></span> <span class='ocrx_word' id='word_1_313' title='bbox 1651 2435 1752 2478; x_wconf 76' lang='lat' dir='ltr'><strong>Quod</strong></span> 
     </span>
     <span class='ocr_line' id='line_1_34' title="bbox 386 2492 1751 2538; baseline 0.001 -12"><span class='ocrx_word' id='word_1_314' title='bbox 386 2493 523 2527; x_wconf 81' lang='lat' dir='ltr'><strong>Cottius</strong></span> <span class='ocrx_word' id='word_1_315' title='bbox 546 2497 663 2528; x_wconf 77' lang='lat' dir='ltr'><strong>autem</strong></span> <span class='ocrx_word' id='word_1_316' title='bbox 687 2494 847 2528; x_wconf 81' lang='lat' dir='ltr'><strong>accedam</strong></span> <span class='ocrx_word' id='word_1_317' title='bbox 868 2504 909 2527; x_wconf 91' lang='lat' dir='ltr'><strong>eo</strong></span> <span class='ocrx_word' id='word_1_318' title='bbox 933 2492 1071 2527; x_wconf 82' lang='lat' dir='ltr'><strong>defendi</strong></span> <span class='ocrx_word' id='word_1_319' title='bbox 1089 2493 1220 2536; x_wconf 84' lang='lat' dir='ltr'><strong>credit,</strong></span> <span class='ocrx_word' id='word_1_320' title='bbox 1245 2493 1335 2538; x_wconf 86' lang='lat' dir='ltr'><strong>quod</strong></span> <span class='ocrx_word' id='word_1_321' title='bbox 1353 2496 1387 2536; x_wconf 82' lang='lat'><strong>§.</strong></span> <span class='ocrx_word' id='word_1_322' title='bbox 1410 2492 1466 2527; x_wconf 83' lang='lat'><strong>15.</strong></span> <span class='ocrx_word' id='word_1_323' title='bbox 1489 2492 1639 2537; x_wconf 69' lang='lat' dir='ltr'><strong>legitur-2</strong></span> <span class='ocrx_word' id='word_1_324' title='bbox 1669 2505 1751 2538; x_wconf 78' lang='lat' dir='ltr'><strong>qua</strong></span> 
     </span>
     <span class='ocr_line' id='line_1_35' title="bbox 383 2553 1753 2598; baseline 0 -12"><span class='ocrx_word' id='word_1_325' title='bbox 383 2555 605 2598; x_wconf 76' lang='lat' dir='ltr'><strong>potissumum</strong></span> <span class='ocrx_word' id='word_1_326' title='bbox 627 2554 748 2598; x_wconf 66' lang='lat' dir='ltr'><strong>infelix</strong></span> <span class='ocrx_word' id='word_1_327' title='bbox 772 2554 1001 2597; x_wconf 81' lang='lat' dir='ltr'><strong>accedam,</strong></span> <span class='ocrx_word' id='word_1_328' title='bbox 1026 2556 1061 2588; x_wconf 86' lang='lat' dir='ltr'><strong>et</strong></span> <span class='ocrx_word' id='word_1_329' title='bbox 1079 2553 1198 2588; x_wconf 84' lang='lat' dir='ltr'><strong>statim</strong></span> <span class='ocrx_word' id='word_1_330' title='bbox 1223 2557 1318 2597; x_wconf 85' lang='lat' dir='ltr'><strong>post:</strong></span> <span class='ocrx_word' id='word_1_331' title='bbox 1341 2564 1387 2587; x_wconf 83' lang='lat' dir='ltr'><strong>an</strong></span> <span class='ocrx_word' id='word_1_332' title='bbox 1411 2563 1632 2598; x_wconf 76' lang='lat' dir='ltr'><strong>quoquam</strong></span> <span class='ocrx_word' id='word_1_333' title='bbox 1654 2553 1753 2586; x_wconf 80' lang='lat' dir='ltr'><strong>adi-</strong></span> 
     </span>
     <span class='ocr_line' id='line_1_36' title="bbox 386 2612 1752 2657; baseline -0.001 -10"><span class='ocrx_word' id='word_1_334' title='bbox 386 2614 552 2655; x_wconf 71' lang='lat' dir='ltr'><strong>relinet,</strong></span> <span class='ocrx_word' id='word_1_335' title='bbox 585 2612 644 2648; x_wconf 86' lang='lat' dir='ltr'><strong>isti</strong></span> <span class='ocrx_word' id='word_1_336' title='bbox 677 2612 745 2646; x_wconf 87' lang='lat' dir='ltr'><strong>loci</strong></span> <span class='ocrx_word' id='word_1_337' title='bbox 778 2613 904 2647; x_wconf 81' lang='lat' dir='ltr'><strong>Donati</strong></span> <span class='ocrx_word' id='word_1_338' title='bbox 934 2613 1048 2657; x_wconf 87' lang='lat' dir='ltr'><strong>potius</strong></span> <span class='ocrx_word' id='word_1_339' title='bbox 1079 2612 1284 2657; x_wconf 77' lang='lat' dir='ltr'><strong>scripturam</strong></span> <span class='ocrx_word' id='word_1_340' title='bbox 1319 2613 1541 2653; x_wconf 75' lang='lat' dir='ltr'><strong>confirmant,</strong></span> <span class='ocrx_word' id='word_1_341' title='bbox 1570 2614 1631 2645; x_wconf 75' lang='lat' dir='ltr'><strong>aut</strong></span> <span class='ocrx_word' id='word_1_342' title='bbox 1661 2616 1752 2646; x_wconf 78' lang='lat' dir='ltr'><strong>certe</strong></span> 
     </span>
     <span class='ocr_line' id='line_1_37' title="bbox 386 2669 1752 2717; baseline -0.002 -10"><span class='ocrx_word' id='word_1_343' title='bbox 386 2683 455 2708; x_wconf 85' lang='lat' dir='ltr'><strong>nou</strong></span> <span class='ocrx_word' id='word_1_344' title='bbox 476 2671 681 2717; x_wconf 72' lang='lat' dir='ltr'><strong>infringunt.</strong></span> <span class='ocrx_word' id='word_1_345' title='bbox 730 2673 783 2707; x_wconf 81' lang='lat' dir='ltr'><strong>no</strong></span> <span class='ocrx_word' id='word_1_346' title='bbox 804 2675 972 2716; x_wconf 75' lang='lat' dir='ltr'><strong>potestate</strong></span> <span class='ocrx_word' id='word_1_347' title='bbox 999 2676 1034 2707; x_wconf 84' lang='lat' dir='ltr'><strong>et</strong></span> <span class='ocrx_word' id='word_1_348' title='bbox 1056 2675 1230 2709; x_wconf 72' lang='lat' dir='ltr'><strong>structura</strong></span> <span class='ocrx_word' id='word_1_349' title='bbox 1250 2671 1406 2707; x_wconf 75' lang='lat' dir='ltr'><strong>accidere</strong></span> <span class='ocrx_word' id='word_1_350' title='bbox 1438 2669 1536 2708; x_wconf 71' lang='lat' dir='ltr'><strong>verbi</strong></span> <span class='ocrx_word' id='word_1_351' title='bbox 1559 2671 1602 2705; x_wconf 85' lang='lat' dir='ltr'><strong>de</strong></span> <span class='ocrx_word' id='word_1_352' title='bbox 1623 2670 1752 2716; x_wconf 71' lang='lat' dir='ltr'><strong>snppli-</strong></span> 
     </span>
    </p>
   </div>
   <div class='ocr_carea' id='block_1_7' title="bbox 1214 2812 1311 2874">
    <p class='ocr_par' dir='ltr' id='par_1_8' title="bbox 1214 2812 1311 2874">
     <span class='ocr_line' id='line_1_38' title="bbox 1214 2812 1311 2874; baseline 0 -12"><span class='ocrx_word' id='word_1_353' title='bbox 1214 2816 1260 2874; x_wconf 41' lang='grc' dir='ltr'><strong>,ρξ’</strong></span> <span class='ocrx_word' id='word_1_354' title='bbox 1305 2812 1311 2819; x_wconf 42' lang='lat'>¹</span> 
     </span>
    </p>
   </div>
  </div>
 </body>
</html>
