1826 3276
462 172 832 218 IUGURTHA.
892 171 1020 215 CAP.
1050 169 1146 213 VII.
1448 172 1507 212 39

109 293 145 337 si
178 292 315 338 talem
349 292 494 337 virum
525 291 639 336 dolis
666 290 980 346 interfecisset,
1025 303 1084 333 ne
1114 301 1204 347 qua
1233 285 1392 331 seditio
1426 291 1504 330 aut

105 389 276 437 bellum
305 390 495 436 oriretur
527 389 679 435 anxius
708 394 814 435 erat.

241 487 340 533 vn.
411 488 495 534 His
530 486 868 533 difficultatibus
909 484 1233 528 circumventus
1268 479 1347 526 ubi
1381 479 1502 525 videt

103 570 259 644 neque
277 600 364 646 per
395 585 486 630 vim
511 599 660 644 neque
683 582 850 628 insidiis
883 581 1082 642 opprimi
1112 594 1250 642 posse
1270 578 1500 624 hominem

104 688 196 728 tam
219 689 460 743 acceptum
489 681 811 743 popularibus,
847 678 973 738 quod
995 683 1092 722 erat
1114 676 1334 738 Iugurtha
1364 689 1500 721 manu

192 831 231 865 iu
255 830 467 876 Iugurtham
490 829 661 874 accensa]
696 827 775 865 Vin.
800 826 834 861 2.
865 826 973 862 acad.
994 825 1065 860 Inc.
1087 823 1122 860 2.
1154 823 1297 858 VratisI.
1322 823 1357 860 3.
1382 824 1499 859 Guelf.

100 890 135 926 6.
159 893 195 926 et
217 891 276 926 11.
310 891 347 925 in
370 891 550 937 Iugurtha
574 902 740 934 aceensa,
774 889 867 933 quod
891 898 1016 922 verum
1040 884 1152 919 videri
1174 885 1303 929 possit,
1325 896 1433 930 quum
1456 897 1498 920 eo

99 951 206 987 modo
228 952 362 987 dictum
384 952 450 995 sit,
483 964 586 996 quem
610 951 730 987 multis
760 949 1015 985 illustravimus
1045 948 1089 982 ad
1113 946 1217 982 Catil.
1242 947 1311 989 IX,
1335 947 1367 981 2.
1392 958 1427 992 p.
1451 947 1500 983 46

98 1024 194 1058 sqq„
217 1013 425 1058 praesertim
449 1025 557 1057 quum
580 1014 618 1049 in
641 1012 751 1048 simili
768 1023 808 1046 re
830 1011 956 1046 eadem
979 1009 1233 1045 constructione
1255 1020 1337 1043 usus
1360 1009 1404 1044 sit
1425 1008 1500 1043 Te-

99 1068 236 1110 rentius
257 1075 350 1109 Eun.
373 1075 434 1116 ln,
457 1074 493 1117 5,
518 1074 575 1110 19.
611 1076 662 1109 In
686 1075 770 1109 hac
795 1078 983 1108 commotus
1003 1083 1092 1107 sum.
1139 1071 1210 1106 Sed
1230 1071 1260 1106 si
1282 1070 1499 1116 reputaveris

99 1135 297 1171 ablativum
321 1135 500 1171 codicibus
523 1137 619 1171 haud
643 1148 797 1183 maguae
820 1135 901 1169 fidei
924 1133 1064 1176 deberi,
1091 1145 1159 1167 non
1183 1132 1250 1167 erit
1272 1145 1335 1168 cur
1358 1132 1395 1167 in
1417 1132 1498 1167 vul-

98 1200 184 1243 gata
206 1197 382 1239 offendas,
420 1209 526 1242 quam
550 1199 735 1234 confirmat
758 1197 926 1238 Tacitus,
964 1195 1087 1230 iisdem
1110 1195 1229 1229 verbis
1250 1206 1353 1236 usus,
1388 1197 1428 1228 ut
1451 1193 1496 1228 ad

99 1258 309 1294 Sallustium
329 1259 521 1303 respexisse
542 1260 655 1295 videri
676 1264 798 1304 queat,
832 1258 969 1294 Annall.
994 1258 1054 1300 ΙΙΙ,
1079 1257 1114 1292 4.
1137 1257 1230 1292 med.
1271 1256 1371 1290 Nihil
1394 1255 1497 1289 Tibe-

98 1320 190 1355 rium
216 1321 336 1366 magis
363 1322 587 1366 penetravit,
627 1333 730 1366 quam
763 1322 928 1357 studia
963 1319 1189 1354 hominum
1221 1328 1419 1365 accensa
1452 1317 1498 1351 in

99 1381 435 1428 Agrippinam.
482 1381 572 1417 Orta
597 1386 717 1416 autem
741 1383 933 1427 scripturae
957 1379 1191 1425 discrepantia
1221 1392 1263 1414 ex
1286 1379 1418 1413 lineola
1437 1389 1498 1413 su—

99 1454 162 1488 per
185 1453 210 1477 a
232 1443 386 1478 litteram
421 1443 546 1478 deleta.
567 1463 612 1468 —
647 1444 780 1477 Dotis
810 1444 1039 1488 interfecisset
1061 1443 1194 1488 optime
1225 1442 1354 1483 habet,
1373 1451 1498 1485 quam-

99 1514 207 1548 quam
233 1504 321 1539 dolis
343 1515 365 1539 a
397 1504 518 1540 Cortio
552 1504 706 1540 eiectum
739 1508 810 1547 est,
842 1517 911 1539 non
942 1506 1059 1540 solum
1084 1505 1168 1550 quia
1195 1505 1240 1538 ab
1265 1503 1383 1539 Guelf.
1405 1502 1440 1539 4.
1463 1504 1498 1536 et

83 1565 245 1601 *vratisL
267 1564 302 1601 2.
329 1566 447 1608 abest,
481 1567 542 1601 sed
574 1566 684 1601 etiam
719 1565 803 1610 quin
836 1567 925 1600 dolis
960 1568 1090 1602 callide
1121 1565 1225 1602 factis
1256 1577 1326 1600 non
1357 1575 1498 1598 necesse

99 1626 211 1661 fucrit
233 1626 438 1662 seditionem
461 1628 573 1671 oriri,
607 1631 642 1663 et
665 1627 750 1671 quia
775 1627 856 1662 talis
878 1639 962 1662 sane
984 1629 1087 1663 dolus
1110 1628 1218 1662 fuerit
1240 1627 1434 1673 Iugurthae
1460 1625 1498 1659 iu

99 1686 312 1736 Rispaniam
339 1687 472 1722 missio.
519 1687 590 1722 Sed
623 1688 782 1734 Langius
814 1693 911 1723 recte
934 1689 1093 1732 monuit,
1126 1689 1224 1723 hunc
1246 1688 1366 1722 dolum
1390 1687 1498 1721 talem

100 1737 230 1790 fuisse,
263 1747 324 1792 qui
346 1748 422 1783 siue
453 1748 602 1782 consciis
635 1750 824 1792 patrandus
847 1751 943 1785 omni
976 1752 1134 1796 periculo
1157 1753 1312 1791 careret3
1335 1748 1497 1783 omnino—

99 1819 168 1853 que
190 1814 331 1851 errant,
363 1809 424 1854 qui
456 1813 581 1854 putant
612 1810 700 1844 dolis
733 1812 927 1855 interficere
961 1812 986 1846 i.
1014 1823 1089 1846 esse
1112 1824 1144 1856 q.
1170 1813 1263 1846 clam
1297 1814 1332 1844 et
1361 1808 1497 1854 ignaris

99 1869 264 1905 omuibus
287 1871 505 1912 interficere,
536 1882 646 1914 quum
669 1871 785 1915 potius
810 1872 857 1907 sit
887 1872 1023 1907 insidiis
1052 1873 1192 1908 structis
1221 1871 1405 1915 caedisque
1428 1870 1496 1905 mi-

98 1930 218 1967 nistris
240 1931 442 1966 subornatis
472 1934 534 1965 aut
566 1933 830 1975 percussoribus
851 1933 1020 1968 immissis
1055 1934 1209 1978 aliquem
1232 1934 1378 1975 tollere,
1402 1932 1496 1976 quod

97 2003 206 2040 quam
232 1990 346 2027 'facile
375 1996 554 2028 notescere
597 1992 704 2037 possit
736 1994 875 2029 etiamsi
904 1995 950 2029 ab
982 1994 1084 2030 initio
1119 1995 1339 2030 occultatum
1368 1991 1494 2035 fuerit,

98 2050 215 2099 quivis
238 2053 426 2099 intelliget.

191 2116 266 2151 Vll.
313 2118 346 2159 §.
372 2116 406 2150 1.
456 2117 720 2160 circumventus]
749 2116 1027 2161 Circumvemire,
1052 2118 1146 2162 quod
1168 2117 1213 2153 ad
1237 2115 1339 2151 Catil.
1364 2115 1494 2158 XXXI,

99 2177 134 2214 9.
157 2189 190 2222 p,
212 2177 293 2213 149.
317 2177 503 2212 docuimus
525 2177 569 2211 de
591 2177 636 2211 iis
661 2178 751 2220 dici,
769 2178 830 2222 qui
847 2179 1004 2223 aliquem
1021 2179 1157 2213 insidiis
1179 2178 1390 2223 opprimunt,
1411 2177 1449 2211 h.
1468 2177 1492 2211 Ι.

101 2242 274 2283 cognata,
305 2239 367 2273 sed
399 2239 581 2283 aliquanto
612 2239 745 2273 leviore
776 2239 814 2273 vi
849 2240 1005 2284 positum
1037 2240 1212 2285 significat
1235 2240 1414 2284 implicare
1434 2239 1492 2272 vel

98 2299 283 2345 impedire.
310 2319 358 2326 —
379 2301 434 2334 De
463 2300 603 2335 variata
638 2300 792 2334 eiusdem
825 2301 1017 2335 sententiae
1048 2306 1224 2336 structura
1255 2301 1277 2345 s
1284 2311 1394 2345 neque
1412 2311 1492 2344 per

99 2360 192 2394 viia
223 2372 335 2406 neque
357 2362 597 2406 insidiis),
630 2373 736 2405 quam
761 2362 915 2397 breviter
938 2362 1119 2408 tetigimus
1143 2364 1187 2398 ad
1211 2375 1242 2397 c.
1263 2364 1304 2405 V,
1329 2362 1378 2405 4„
1404 2363 1493 2397 Gor—

100 2421 172 2457 tius
190 2423 308 2456 multa
331 2426 408 2456 tum
433 2422 477 2456 ad
512 2423 550 2456 h.
572 2423 597 2456 l.
621 2425 697 2457 tum
724 2423 771 2458 ad
794 2424 900 2460 Catil.
932 2436 961 2458 c.
986 2425 1096 2467 xvn,
1119 2423 1153 2458 6.
1188 2427 1224 2458 et
1253 2424 1298 2459 ad
1321 2424 1430 2465 XXV,
1453 2423 1489 2459 2.

100 2482 262 2520 eontulit.
285 2483 333 2519 cf.
357 2483 498 2518 Walch.
521 2484 690 2518 Emendd.
713 2484 816 2519 Livv.
840 2497 876 2529 p.
895 2484 953 2520 78.
977 2486 1194 2533 eundemque
1217 2485 1263 2520 ad
1278 2486 1364 2522 Tac.
1384 2484 1491 2530 Agri-

99 2545 167 2585 col.
199 2556 233 2580 c.
254 2545 297 2580 V.
333 2556 367 2589 p.
392 2545 473 2580 147.
498 2548 534 2580 et
565 2545 611 2579 ad
633 2546 695 2580 lx.
729 2557 765 2590 p.
793 2546 874 2580 1⁷4.
904 2547 966 2580 ubi
1000 2558 1035 2581 v.
1060 2547 1167 2581 etiam
1198 2547 1334 2582 Hertel.
1379 2547 1489 2582 Plura

99 2617 209 2650 quam
244 2605 284 2639 hi
318 2617 438 2640 omnes
471 2607 579 2641 habet
609 2607 878 2642 Drakenborch.
913 2610 956 2642 ad
990 2608 1067 2642 Liv.
1101 2609 1304 2652 xxxvnl,
1338 2608 1405 2651 39,
1430 2609 1486 2644 10.

99 2666 226 2703 Noster
247 2667 327 2713 Ing.
351 2668 542 2711 Lxxxlv,
567 2670 598 2702 1.
651 2670 823 2704 Dictitare
848 2671 941 2714 alia,
966 2670 1156 2715 magnifica
1177 2681 1261 2715 pro
1285 2681 1348 2713 se,
1371 2675 1406 2705 et
1429 2670 1443 2704 i
1451 2670 1484 2704 l-

102 2727 161 2763 lis
190 2728 360 2765 dolentia.
406 2730 570 2764 Ceterum
603 2730 719 2764 verbis
752 2731 901 2776 opprimi
931 2742 999 2765 non
1027 2743 1127 2776 posse
1162 2743 1231 2766 non
1263 2730 1484 2776 significatur

100 2789 292 2833 frustravi
315 2794 377 2827 aut
399 2790 534 2828 insidiis
556 2791 702 2837 petitum
727 2803 802 2828 esse
822 2792 1052 2838 Iugurtham,
1083 2792 1145 2828 sed
1174 2791 1233 2828 his
1252 2791 1388 2828 artibus
1410 2789 1482 2825 Mi-
