1826 3276
431 191 794 237 menn‘rffl.
855 178 986 238 cir.
1017 193 1227 238 xxvm.
1450 193 1532 240 161

137 313 183 357 'n
217 294 376 357 diebus
411 293 643 371 proxumis
679 311 840 357 decem
870 311 999 357 Italia
1040 310 1330 356 decederent.
1404 311 1567 359 Con-⁶3

132 384 206 454 sul
227 408 435 454 Numidis
472 424 528 453 ex
564 409 703 454 senati
739 409 922 454 decreto
958 409 1155 455 nunciati
1190 409 1338 464 iubet3
1363 409 1424 454 ita
1458 411 1530 454 in—

135 506 266 552 fectis
301 506 437 551 rebus
475 505 537 549 illi
574 505 759 551 domum
795 506 1044 554 discedunt.
1118 507 1301 551 Interim
1331 506 1565 568 Calpur-4

135 603 234 648 nius
290 609 454 663 pagato
510 603 706 647 exercitu
763 604 889 663 legat
940 605 1023 648 sibi
1084 603 1288 649 homines
1348 605 1536 664 nobilis,

135 700 363 755 factiosos,
398 714 590 758 quorum
623 701 887 744 auctoritate
921 715 1039 759 quae
1075 701 1334 760 deliquisset
1363 703 1535 747 munita

135 798 236 843 fore
272 797 506 858 sperabam
539 796 583 840 in
615 797 712 855 quis
747 797 830 841 fuit
862 797 1083 854 Scaurus,
1121 798 1244 842 cuius
1282 797 1342 842 de
1377 804 1535 842 natura

135 867 363 941 ethabitu
388 907 525 954 supra
559 894 918 942 memoravimus,
990 895 1107 939 Nam
1144 895 1190 939 in
1225 895 1410 939 consule
1444 898 1565 940 no-5

137 997 229 1055 stro
269 991 438 1046 multae
473 990 714 1050 bonaeque
750 997 865 1036 artes
902 992 1037 1036 animi
1073 997 1117 1036 et
1156 992 1355 1052 corporis
1390 999 1532 1051 erant,

131 1154 200 1198 lv,
223 1152 291 1197 58,
319 1153 355 1189 4.
386 1173 424 1180 —
458 1154 638 1189 Promis
663 1153 842 1190 immerito
867 1154 1092 1202 impugnavit
1119 1154 1277 1198 eortius,
1309 1153 1379 1189 levi
1407 1165 1534 1191 caussa

132 1219 335 1260 permotus,
385 1215 478 1260 quod
511 1215 548 1250 in
584 1216 693 1251 Fabr.
734 1217 768 1252 1.
807 1216 879 1251 ulia
921 1228 1031 1252 manu
1072 1216 1348 1261 superscriptum
1385 1217 1530 1262 legitur.

131 1277 244 1311 Recte
275 1276 366 1311 vidit
400 1277 609 1327 Gerlaejnins
646 1278 716 1312 hoc
751 1279 962 1312 vocabulum
990 1279 1111 1312 valere
1148 1279 1192 1312 ud
1224 1278 1449 1312 severitatem
1474 1273 1551 1312 se-⁸

131 1337 385 1373 nutuseousulti
404 1337 691 1384 significandam.
735 1339 897 1374 Ceterum
926 1341 963 1374 in
989 1339 1146 1374 ablativo
1178 1338 1344 1382 temporis
1370 1338 1530 1373 additum

128 1409 232 1434 sensu
252 1409 322 1432 non
342 1398 460 1434 differt
478 1400 525 1435 ab
546 1400 641 1435 intra
664 1412 694 1434 e.
717 1412 808 1443 aem,
833 1401 963 1435 utiam
980 1398 1181 1432 monuimus
1202 1399 1245 1432 ad
1265 1399 1343 1433 Cat.
1374 1400 1530 1440 XLVIII,

128 1457 164 1494 5.
199 1460 354 1506 αἴρως’,
380 1461 516 1503 XCVI,
547 1460 582 1495 1.
615 1462 880 1497 sollertissumus
907 1463 947 1496 in
973 1461 1135 1504 paucis
1164 1461 1530 1505 tempestatibus

123 1522 245 1565 factus
263 1525 336 1562 est,
359 1521 420 1556 ubi
435 1533 470 1555 v.
493 1522 608 1566 plura.
627 1522 710 1566 Ter.
729 1524 834 1557 Andr.
855 1525 891 1564 1,
917 1521 1029 1564 1‚77.
1054 1522 1140 1555 Fere
1161 1522 1208 1555 iu
1228 1522 1302 1556 die
1317 1522 1368 1556 bu
1383 1534 1400 1556 s
1418 1533 1528 1567 pau-

131 1582 217 1623 cis,
244 1582 384 1627 ,quibus
411 1584 498 1617 haec
520 1590 609 1618 acta
642 1590 744 1626 sunt,
778 1585 918 1628 Chrysis
942 1584 1059 1617 vicina
1087 1583 1175 1617 haec
1203 1584 1360 1618 moritur.
1385 1583 1529 1622 Sueton.

129 1643 256 1678 Claud.
274 1654 306 1677 c.
327 1642 396 1687 12,
416 1644 476 1678 fin.
500 1644 548 1678 in
570 1645 700 1679 brevi
719 1645 847 1688 spati
860 1657 879 1678 ο
898 1650 1036 1678 tuntum
1059 1645 1187 1677 amoris
1204 1645 1355 1689 collegit.
1382 1644 1429 1678 id.
1448 1645 1528 1679 Ner.

129 1715 160 1741 e.
176 1703 246 1746 30,
269 1703 317 1738 in.
336 1705 477 1749 vespas.
499 1717 529 1738 c.
547 1704 664 1748 4,.in.
685 1706 775 1739 Plin.
807 1706 855 1738 H.
879 1705 922 1739 N.
953 1706 1027 1746 lx,
1049 1705 1107 1739 51.
1136 1696 1272 1739 eeterae
1296 1695 1456 1748 feminae
1484 1706 1529 1740 in

130 1765 290 1800 triduo
307 1766 502 1800 excludunt.
529 1765 602 1800 Cic.
621 1766 712 1809 Epp.
735 1765 780 1799 ad
804 1766 941 1799 Famm.
963 1766 1038 1809 XV,
1064 1766 1127 1808 16,
1153 1765 1187 1800 5.
1212 1767 1258 1800 in
1291 1766 1372 1799 Ιιοο
1402 1777 1528 1801 anno.

128 1827 254 1862 Paullo
273 1827 530 1862 accuratiorem
549 1831 583 1861 et
607 1827 790 1860 certiorem
809 1826 887 1860 fieri
917 1827 955 1860 in
979 1827 1098 1862 addito
1122 1827 1290 1871 temporis
1314 1837 1529 1870 mensuram,

84 1917 95 1921 -
128 1887 187 1923 eui
211 1888 322 1922 etiam
348 1889 446 1923 solus
472 1889 648 1924 ablativus
675 1886 839 1929 inservit,
862 1898 966 1921 nemo
980 1899 1048 1922 nou
1068 1887 1214 1922 videbit.
1234 1906 1278 1914 —·
1303 1888 1528 1932 Decederent,

127 1961 193 1995 pro
211 1961 282 1993 quo
299 1949 335 1983 in
355 1949 474 1994 paucis
492 1951 590 1984 codd.
609 1953 661 1984 est
681 1948 918 1989 discederent,
941 1948 1195 1992 explicavimus
1216 1949 1260 1983 ad
1282 1961 1312 1982 c.
1330 1949 1418 1993 XX,
1446 1949 1479 1983 l.

221 2012 256 2054 S.
280 2009 316 2044 4.
362 2011 476 2057 legat]
510 2011 699 2045 Habebunt
725 2009 830 2042 duces
864 2009 940 2042 sive
978 2009 1206 2054 imperatores
1241 2009 1422 2044 adiunctos
1459 2008 1527 2043 sibi

127 2069 224 2105 vim
252 2069 403 2106 militiae
436 2082 585 2117 gnaros,
617 2082 766 2116 quorum
796 2082 921 2104 munus
941 2072 1138 2113 consulere,
1176 2070 1443 2111 administrare,
1466 2081 1528 2104 cu-

127 2142 210 2166 rare
230 2135 287 2174 et,
312 2143 381 2167 uno
399 2134 530 2174 verbo,
556 2133 726 2168 vicariam
743 2143 886 2176 operam
903 2132 1108 2176 imperatori
1129 2133 1224 2168 dare.
1279 2132 1309 2167 li
1330 2132 1444 2176 legati
1472 2130 1527 2164 di-

129 2193 309 2228 oab-nm.
355 2194 584 2247 Quamque-tn
605 2199 724 2229 autem
744 2193 812 2238 ipsi
839 2193 944 2227 duces
966 2195 1158 2239 eligerent,
1193 2198 1310 2228 tamen
1339 2193 1528 2227 consilium

42 2262 57 2267 ⁷
128 2265 382 2298 comsusqne
398 2255 586 2290 intervenit
602 2259 751 2298 patrum.
768 2267 803 2291 v.
822 2255 917 2300 Lips.
934 2256 978 2290 de
995 2255 1106 2291 Milic.
1126 2256 1177 2296 11,
1196 2255 1251 2289 11.
1282 2255 1450 2288 Rufum.
1482 2254 1530 2288 οἳ.

127 2314 235 2350 otiam
260 2315 410 2350 Nitschii
437 2315 575 2367 Autiqq.
604 2316 748 2352 Romm.
778 2318 856 2351 vol.
888 2318 932 2351 Π.
963 2329 997 2361 p.
1019 2317 1125 2352 14⁴3.
1155 2317 1207 2351 ed.
1227 2316 1287 2350 111.
1307 2316 1461 2360 Herzog.
1483 2314 1531 2351 ml

129 2375 228 2414 (hes.
246 2376 289 2418 B.
311 2376 357 2411 G.
377 2377 413 2419 1,
437 2375 507 2418 52,
531 2376 565 2411 1.
583 2382 620 2411 et
641 2377 814 2423 imprimis
838 2378 1003 2412 Creuzeri
1024 2378 1163 2422 Antiqq.
1193 2378 1300 2411 Rom.
1327 2377 1359 2418 ἓ.
1386 2375 1464 2411 181.
1488 2375 1529 2411 2.

128 2447 163 2481 p.
193 2435 264 2471 272
288 2448 339 2481 sq.
371 2437 512 2483 Legare
545 2441 597 2472 est
627 2438 739 2484 igitur
760 2442 897 2486 legatos
920 2440 987 2473 sibi
1013 2439 1192 2474 asciscere.
1209 2439 1256 2472 cl'.
1277 2438 1350 2473 cio.
1368 2438 1458 2481 Epp.
1481 2437 1526 2472 ad

127 2496 268 2533 anm.
303 2498 371 2540 vl,
395 2497 438 2542 6,
463 2498 521 2533 20.
550 2500 680 2535 Caesar
715 2502 871 2536 Cassium
901 2502 967 2535 sibi
993 2500 1197 2545 legavit.
1231 2499 1320 2542 Epp.
1349 2498 1395 2532 ad
1420 2497 1526 2532 Attio.

50 2592 56 2603 ,
130 2559 207 2600 XV,
230 2559 287 2593 11.
314 2559 498 2594 Dolabella
522 2555 578 2594 me
601 2561 667 2594 sibi
691 2562 882 2608 legavit.
907 2573 940 2605 p.
961 2561 989 2595 lo
1013 2562 1109 2597 Man.
1134 2572 1164 2595 c.
1189 2558 1245 2602 19,
1270 2559 1329 2594 57.
1353 2571 1421 2605 quo
1440 2560 1528 2593 mihi

128 2619 312 2665 indignius
334 2621 475 2655 videtur
497 2621 730 2657 obtrectatum
756 2633 829 2656 esse
855 2622 1023 2666 Gabinio,
1049 2633 1094 2656 ne
1117 2622 1360 2666 legaretur
1385 2622 1428 2655 A.
1453 2621 1527 2655 Ga-

129 2679 242 2715 binius
269 2681 432 2726 Pompeio
459 2684 632 2727 expetenti
656 2696 699 2718 ae
720 2683 923 2728 postulanti.
949 2683 1039 2718 vell.
1060 2684 1114 2725 Π,
1139 2682 1198 2718 32.
1231 2683 1415 2728 Pompeius
1435 2683 1526 2716 mul-

127 2741 175 2776 tis
199 2746 235 2776 st
254 2743 454 2788 praeclaris
476 2744 576 2781 viris,
595 2746 642 2779 in
675 2746 720 2780 id
751 2745 918 2779 bellum
951 2744 1200 2789 assumptis
1233 2744 1330 2779 brevi
1353 2749 1528 2778 terrarum

127 2802 245 2837 orbem
261 2803 443 2847 liber-evit,
467 2804 491 2840 i.
509 2816 541 2840 e.
558 2818 646 2850 quos
663 2807 731 2842 sibi
747 2807 940 2853 legaverat.
988 2805 1100 2840 Nihili
1116 2810 1168 2840 est
1186 2804 1298 2850 igitur
1315 2805 1407 2849 quod
1426 2802 1530 2840 multi

199 2874 255 2920 11.
1131 2934 1133 2937 .
1182 2877 1243 2921 11
