1826 3276
494 198 864 263 IUGU‘RTHA.
923 199 1057 244 GAP.
1101 200 1149 245 G.
1428 207 1515 248 529

129 303 235 379 que,
269 330 395 362 arma
431 322 477 362 ct
511 318 642 379 signa
675 318 879 363 militaria
907 318 1126 379 pleraque
1155 323 1303 380 capta,
1337 315 1516 380 plures-

129 432 219 476 que
255 431 312 461 eo
350 415 527 476 proelio
564 431 699 474 quam
725 416 932 460 omnibus
966 416 1269 477 superioribus
1303 417 1518 463 interem-

107 515 220 575 'pti3
255 528 360 558 nam
381 506 549 556 ‘somno
586 518 631 556 et
665 518 788 557 metu
818 513 1000 558 insolito
1034 514 1254 574 impedita
1296 515 1424 576 fuga.

265 610 320 658 C.
356 608 475 654 Dein
509 607 697 663 Marius,
732 609 797 653 uti
831 617 1060 671 coeperat,
1094 612 1140 656 in
1180 611 1371 656 hiberna
1402 627 1515 673 pro-

125 708 351 766 ficiscitur,
387 720 504 764 quae
538 711 730 766 propter
765 714 1064 754 commeatum
1091 709 1137 753 in
1167 709 1346 770 oppidis
1381 708 1517 755 mari-

54 889 56 894 ,
122 856 276 892 tumultu
305 858 342 890 et
368 859 501 890 terrore
531 853 698 900 coniungi
721 865 824 898 posse
847 866 890 889 eo
911 858 1030 900 patet,
1061 856 1153 900 quod
1176 857 1438 893 his‘vocabulis
1459 869 1517 894 re-

122 928 200 952 rum
222 920 335 951 status
358 920 393 950 et
416 915 575 953 condicio
599 915 822 961 designatur,
855 916 919 951 illa
941 928 1028 952 voce
1050 918 1161 952 animi
1184 919 1324 964 affectio
1348 918 1517 964 exprimi-

122 981 203 1020 tur,
230 978 388 1013 tumultu
410 980 445 1012 et
468 981 602 1012 terrore
625 964 762 1010 effecta.
1485 1023 1489 1026 q

213 1037 252 1072 G.
275 1027 308 1080 §ss
333 1037 368 1071 1.
415 1038 453 1072 in
475 1038 623 1072 hiberna
653 1036 900 1082 proficiscitur,
923 1038 1036 1085 quae]
1072 1039 1126 1073 lta
1147 1039 1318 1085 scriptum
1343 1045 1456 1078 exstat
1478 1041 1516 1077 in

120 1098 266 1135 Mur-tin.
290 1097 428 1134 BPubl.
451 1099 545 1144 Reg.
570 1098 680 1134 Laud.
705 1099 739 1132 1.
773 1099 885 1133 Palat.
909 1097 944 1134 9.
969 1099 1026 1133 10.
1050 1099 1108 1135 11.
1134 1100 1190 1135 12.
1214 1102 1312 1138 Leid.
1337 1102 1378 1137 A.
1403 1104 1443 1138 G.
1468 1104 1515 1138 D.

120 1160 163 1196 F.
189 1160 235 1195 G.
257 1160 307 1195 Η.
329 1160 356 1196 l.
380 1160 426 1194 Κ.
450 1160 490 1195 L.
513 1159 557 1194 N.
587 1160 663 1194 Erl.
697 1159 782 1193 Bas.
810 1157 845 1193 4.
879 1158 985 1194 Misn.
1023 1163 1058 1194 et
1090 1161 1210 1199 Ber-ol.
1237 1163 1272 1197 1.
1319 1163 1361 1197 In
1391 1163 1517 1210 ceteris

119 1220 286 1267 plurimis
308 1231 378 1255 non
401 1220 516 1257 sotum
537 1219 787 1266 proficiscitur,
822 1219 880 1254 sed
905 1220 1014 1254 etiam
1037 1233 1128 1266 quae
1160 1223 1276 1267 deest,
1300 1235 1390 1268 quae
1414 1213 1516 1260 voces

121 1282 196 1318 iam
226 1285 366 1317 mature
395 1281 542 1316 fortuito
576 1281 728 1315 omissae
761 1279 852 1314 alias
881 1291 1004 1316 rursus
1038 1282 1290 1327 discrepantias
1323 1284 1516 1330 scripturae

119 1354 286 1390 genuere.
332 1343 391 1378 lta
414 1341 452 1376 in
477 1342 590 1384 Palat.
613 1341 648 1376 6.
678 1341 909 1385 proficiscitur
941 1345 993 1376 est
1023 1342 1114 1377 inter
1138 1355 1260 1379 versus
1274 1370 1284 1388 ,
1319 1345 1356 1379 in
1380 1346 1457 1381 Par.
1478 1345 1516 1381 ⁷.

47 1433 52 1436 .
119 1409 200 1441 ante
223 1404 262 1439 in
283 1403 451 1442 hiberna5
474 1401 511 1436 iu
534 1402 618 1438 Bas.
642 1405 760 1436 autem
785 1401 820 1435 1.
845 1401 1070 1446 Pembroch„
1092 1406 1266 1440 nonnuliis
1292 1406 1425 1451 Cottii,
1444 1407 1516 1442 Pa..

118 1465 190 1501 riso
207 1476 239 1500 e.
262 1468 298 1500 et
317 1476 351 1499 x.
374 1473 406 1496 z.
438 1465 548 1497 manu
579 1472 647 1496 sec.
680 1462 719 1496 in
741 1462 887 1496 hiberna
912 1462 977 1503 it‚·
999 1462 1036 1497 iu
1059 1463 1175 1500 Mark.
1200 1467 1244 1501 Γ.
1268 1468 1308 1502 it
1331 1468 1368 1501 in
1391 1468 1514 1502 hiber-

119 1537 170 1560 na
178 1537 191 1567 3
213 1525 251 1560 in
274 1524 355 1561 aliis
378 1525 472 1559 rtet
493 1523 532 1556 in
556 1522 700 1558 hiberna
731 1523 790 1557 vel
814 1523 851 1557 ἰη
874 1523 1019 1557 hiberna
1043 1524 1153 1567 iter,
1179 1535 1269 1570 quae
1292 1526 1411 1562 omnia
1434 1527 1514 1562 inde

120 1589 200 1621 orta
219 1589 318 1629 suut,
351 1585 446 1630 quod
472 1584 627 1627 scribae,
658 1585 796 1618 nullum
830 1585 976 1619 verbum
999 1585 1120 1620 adesse
1141 1586 1296 1622 videntes
1319 1591 1354 1622 et
1375 1587 1448 1623 sine
1470 1599 1514 1623 eo

118 1649 253 1681 rectam
275 1648 488 1681 structuram
512 1645 601 1680 inire
623 1647 834 1688 nequeuntes
847 1671 858 1687 ‚
889 1645 1064 1679 defectum
1088 1647 1254 1682 orationis
1278 1649 1417 1692 explere
1440 1652 1515 1684 stu-

120 1707 280 1743 duerunt.
326 1706 465 1741 Curtius
486 1705 598 1751 igitur
621 1709 656 1740 et
679 1705 890 1740 Gerlachius
913 1705 951 1739 in
971 1705 1028 1740 his
1043 1704 1284 1751 discr'epantiis
1306 1709 1390 1744 satis
1413 1721 1514 1745 caus-

121 1778 182 1804 sae
204 1778 281 1802 esse
305 1770 494 1812 putarunt,
519 1770 561 1801 ut
580 1767 809 1811 proficiscitur
832 1770 1000 1810 tanquam
1024 1766 1182 1811 spurium
1206 1769 1416 1812 abiicerent3
1452 1770 1512 1805 sed

119 1839 191 1874 quo
225 1828 303 1863 iure
335 1828 428 1863 istud
464 1828 613 1862 verbum
645 1826 850 1870 omiserint,
890 1839 980 1873 qnae
1002 1827 1225 1871 retinuerint,
1256 1841 1325 1864 non
1343 1830 1512 1866 dixerunt.

119 1890 308 1928 Praeterea
340 1893 445 1924 cauto
477 1888 614 1923 homiui
647 1888 707 1923 vix
739 1889 949 1933 persuaserit
984 1889 1122 1924 Cottius
1156 1890 1325 1935 exemplis
1358 1891 1403 1925 ab
1435 1891 1512 1936 ipso
1545 1920 1550 1924 .

119 1951 264 1993 anatis,
294 1951 400 1986 eundi
428 1950 641 1984 vocabulum
674 1951 768 1983 recte
790 1949 906 1983 omitti
936 1950 982 1984 ab
1012 1950 1205 1994 historicis,
1239 1952 1348 1995 proba
1371 1951 1512 1995 quidem

119 2011 277 2046 oratioue
300 2011 394 2053 usis;
418 2021 499 2044 nam
520 2021 610 2054 quae
631 2011 688 2045 vel
711 2021 780 2045 non
798 2010 978 2044 emendate
995 2011 1124 2056 scripta
1140 2012 1220 2047 sunt
1239 2012 1334 2056 (niv.
1353 2012 1512 2056 XXVIII,

118 2071 179 2114 21,
203 2072 277 2117 1.),
302 2072 361 2107 vel
383 2071 554 2106 familiari
584 2072 743 2106 nituntur
765 2071 1013 2113 consuetutjine
1035 2073 1172 2107 dicendi
1203 2072 1311 2118 (Plin.
1335 2073 1427 2116 ΕΗ).
1452 2073 1511 2118 Vl,

119 2133 218 2178 20.),
251 2133 311 2167 vel
340 2145 383 2167 ex
417 2133 556 2177 poetica
588 2133 741 2167 dictione
763 2136 843 2167 sunt
875 2133 1060 2176 repetenda
1085 2133 1201 2179 (Vir-g.
1225 2134 1311 2168 Aen.
1335 2134 1396 2175 lx,
1422 2132 1512 2178 51.)‚

53 2211 57 2220 x
119 2194 179 2228 vel
207 2204 230 2229 a
259 2193 451 2228 serioribus
488 2198 658 2238 usurpata
687 2194 811 2238 (Flor.
839 2194 908 2237 111,
932 2193 976 2236 6,
1002 2194 1057 2230 12.
1091 2193 1157 2237 10,
1182 2194 1280 2238 18.),
1307 2204 1434 2237 parum
1465 2194 1512 2228 ob

120 2265 196 2289 rem
220 2257 308 2289 sunt.
357 2253 427 2288 Sed
451 2255 545 2298 quod
567 2254 818 2299 gravissimum
842 2258 915 2298 est,
937 2255 1166 2299 proficiscitur
1187 2266 1295 2299 paene
1318 2254 1514 2290 necessario

120 2314 334 2359 requiritur,
365 2325 435 2359 quo
467 2315 638 2350 lectorum
673 2316 810 2350 animus
844 2315 916 2350 iam
948 2315 1010 2349 hic
1035 2316 1079 2349 ad
1103 2316 1239 2350 itineris
1263 2315 1512 2360 cogitationem

120 2372 342 2418 advertatur,
377 2376 470 2421 qnod
493 2374 634 2422 quanto*
647 2378 838 2422 prudentia
861 2389 885 2411 a
910 2377 1026 2411 Mario
1043 2379 1182 2420 factum
1204 2376 1269 2417 sit,
1293 2375 1511 2420 sequentibus

121 2437 211 2472 data
251 2448 358 2483 opera
396 2431 589 2481 exponitur.
645 2437 759 2474 Nimis
799 2438 961 2482 imperite
993 2441 1112 2472 nutem
1139 2437 1243 2481 Bipp.
1283 2437 1511 2481 proficiscitur

122 2496 272 2540 omisso,
305 2498 342 2532 in
377 2498 523 2532 hiberna
545 2509 589 2533 ex
611 2499 770 2534 incedere
791 2500 941 2544 pendere
971 2499 1103 2534 volunt.
1128 2518 1171 2524 --
1197 2498 1390 2542 Propter
1422 2509 1513 2532 com·

75 2587 79 2590 ,
125 2563 278 2593 meatum
302 2558 327 2594 i.
357 2570 388 2593 e.
412 2570 478 2602 eo,
513 2565 562 2594 ut
586 2565 797 2596 commeatus
830 2561 964 2605 copiam
988 2559 1198 2594 haberet.
1249 2559 1394 2603 Propter
1417 2558 1512 2592 enim
1559 2555 1565 2557 ⁴

122 2618 254 2662 pariter
277 2623 317 2663 ut
340 2621 381 2654 ob
407 2620 603 2665 particula,
635 2622 679 2656 de
711 2633 787 2665 qua
814 2633 849 2656 v.
879 2622 924 2655 ad
954 2633 984 2654 c.
1009 2621 1210 2662 LXXXIX,
1234 2619 1281 2661 2.,
1305 2631 1371 2653 non
1396 2620 1511 2652 solum

123 2689 284 2714 caussam
318 2680 497 2727 designat,
545 2693 614 2726 qua
644 2682 776 2726 aliquid
808 2683 970 2720 effectum
1003 2686 1074 2722 est,
1109 2682 1169 2715 sed
1204 2681 1309 2715 etiam
1334 2682 1444 2724 finem
1477 2682 1512 2714 et

123 2740 312 2783 consilium,
335 2743 428 2786 quod
444 2725 528 2786 *quis
552 2743 716 2787 consequi
738 2729 864 2779 stu'det.
891 2745 936 2778 cf.
961 2742 1034 2776 Cic.
1060 2742 1147 2786 Ep'p.
1171 2742 1214 2776 ad
1238 2742 1342 2777 Attio.
1379 2742 1453 2782 vll,
1477 2739 1513 2783 5,

92 2814 96 2818 ·
121 2799 171 2836 in.
208 2802 387 2846 Tironem,
412 2804 477 2839 etsi
500 2803 677 2840 mirabiles
709 2806 881 2842 utilitates
904 2805 989 2840 mihi
1012 2803 1174 2850 praebet,
1199 2816 1302 2848 quum
1326 2804 1432 2846 valet,
1456 2807 1514 2839 ta-

190 2874 247 2920 11.
1170 2875 1238 2920 34
