1826 3276
353 191 410 230 oo
714 184 1110 229 G.SALLUST1
1138 185 1356 253 elusm

359 308 506 345 certus
541 300 648 358 quid
696 314 854 359 agam,
894 303 1046 342 tuasne
1087 299 1258 344 iniurias
1301 315 1570 360 persequar,
1615 303 1712 362 ipse

306 409 309 412 ·
355 396 489 440 auxili
524 409 688 453 egens,
726 409 781 436 an
814 406 956 452 regno
990 394 1244 450 consulam,
1279 396 1398 439 cuius
1429 397 1543 441 vitae
1569 397 1712 441 neeis-

288 489 342 532 24
354 505 441 548 que
460 494 654 548 potestas
675 502 730 531 ex
755 487 914 546 opibus
942 488 1091 532 alienis
1117 487 1321 548 pendet„
1370 488 1550 534 Utinam
1574 492 1712 535 emori

351 583 533 628 fortunis
566 584 674 627 meis
708 583 915 627 honestus
950 583 1087 627 exitus
1125 590 1258 640 esset,
1293 598 1378 628 neu
1411 583 1560 630 vivere
1593 600 1700 631 con-

351 770 411 795 ma
432 759 560 794 amissa
580 769 650 793 nou
680 761 752 793 tam
773 769 920 804 regnum
943 758 1111 800 amisisti,
1134 769 1238 802 quam
1262 760 1360 804 fuga,
1383 759 1525 802 exsilio,
1547 759 1712 804 ege-tate.

348 819 522 855 aerumnis
546 820 711 852 liberatus
743 830 788 854 es.
811 819 853 853 V.
876 829 982 862 supra
1013 821 1044 861 §.
1072 818 1106 852 4.
1139 819 1173 853 9.
1196 822 1230 853 et
1257 819 1300 853 ad
1324 831 1353 853 c.
1377 819 1436 860 111,
1461 819 1494 852 1.
1516 836 1562 843 --
1583 819 1654 852 Pro
1679 822 1712 853 et

349 880 456 915 omnis
479 878 589 912 Vatic.
608 878 648 915 A.
669 879 776 912 habet
798 878 873 912 sed
895 878 1014 919 omnis,
1040 878 1129 921 {uod
1153 890 1219 912 non
1235 890 1314 912 cum
1338 878 1526 913 Gerlachio
1548 876 1711 919 ornatius,

347 941 407 981 sed
429 938 571 984 gravius
594 941 627 978 et
649 936 884 971 vehementius
904 937 1032 972 dictum
1055 937 1267 982 putaverim3
1289 938 1347 972 sed
1363 937 1546 981 quominus
1565 936 1711 980 probem

347 1001 562 1045 anaphoram
584 999 697 1033 obstat
728 997 939 1031 relicuorum
959 998 1130 1031 librorum
1161 997 1314 1032 omnium
1336 998 1535 1032 auctoritas.
1556 1015 1604 1022 —-
1627 995 1711 1041 Per-

346 1073 470 1106 sequar
492 1058 664 1104 quomodo
689 1057 826 1091 dicatur
848 1058 1019 1092 monitum
1043 1059 1087 1093 ad
1112 1059 1189 1094 Cat.
1210 1059 1273 1099 lx,
1289 1056 1322 1092 5.
1345 1070 1381 1102 p.
1404 1057 1462 1092 5⁰.
1485 1057 1532 1092 ef.
1555 1056 1712 1090 Draken-

346 1122 467 1156 borch.
502 1119 547 1154 ad
577 1118 654 1152 Liv.
686 1118 768 1156 XL,
794 1118 851 1158 11,
873 1117 928 1151 10.
961 1118 1114 1162 Herzog.
1147 1118 1191 1151 ad
1222 1118 1319 1152 Caes.
1343 1118 1387 1152 B.
1412 1118 1457 1153 G.
1487 1117 1569 1158 vll,
1591 1114 1711 1149 38.—

346 1183 450 1216 Gut'us
481 1179 600 1225 paullo
628 1177 830 1211 insolentius
859 1188 929 1211 non
957 1179 1002 1211 ad
1031 1177 1280 1212 substantivum
1319 1177 1516 1221 proximum
1548 1164 1710 1216 refertur,

345 1243 404 1278 sed
426 1240 470 1276 ad
493 1239 626 1284 primae
658 1247 824 1281 personae
846 1248 1056 1280 pronomen,
1090 1238 1126 1271 in
1149 1237 1255 1271 verbo
1280 1238 1409 1279 latens,
1427 1247 1518 1280 quae
1538 1238 1713 1270 structum

345 1311 386 1336 eo
410 1300 622 1343 aliquantum
644 1298 802 1331 excusari
822 1297 970 1338 videtur,
993 1297 1082 1340 quod
1105 1298 1178 1341 ipse
1199 1296 1394 1340 praecessit.
1416 1297 1462 1331 cf.
1485 1294 1604 1330 Tacit.
1622 1294 1709 1328 Anu.

345 1362 421 1402 XV,
443 1359 501 1400 36,
525 1359 556 1393 3.
580 1358 705 1392 vidisse
729 1357 853 1390 civium
874 1361 1017 1390 moestos
1040 1358 1174 1400 vultus,
1199 1357 1288 1402 quod
1309 1361 1446 1391 tantum
1469 1355 1627 1390 aditum
1649 1365 1710 1388 es-

345 1426 413 1456 set
444 1421 530 1462 iter,
563 1418 692 1452 cuiue
722 1427 764 1449 nc
795 1416 942 1450 modicos
965 1417 1101 1460 quidem
1125 1427 1283 1461 egressus
1303 1418 1503 1451 tolerarent.
1549 1415 1711 1448 Ceterum

343 1480 479 1515 eortius
509 1477 667 1522 imperite
689 1477 785 1510 vitae
813 1477 970 1521 necisque
999 1481 1073 1520 pot
1087 1482 1286 1511 estatem
1309 1488 1373 1521 pro
1395 1474 1711 1518 circumscriptione

341 1540 514 1575 nudarum
537 1547 664 1571 vocum
685 1537 760 1570 vita
783 1547 914 1580 nea-que
935 1536 1059 1578 hahet,
1082 1535 1371 1579 quemadmodum
1389 1535 1444 1569 ius
1466 1535 1567 1580 regni
1588 1535 1640 1578 (v,
1664 1535 1710 1568 ad

342 1613 373 1636 c.
395 1601 456 1640 ΙΙΙ,
480 1594 532 1643 Ι.)
556 1597 693 1631 dicatur
714 1607 777 1639 pro
806 1595 880 1639 ipso
902 1607 1023 1640 regno.
1070 1597 1170 1639 Quae
1195 1593 1387 1638 explicandi
1415 1594 1508 1630 ratio
1529 1597 1568 1628 ut
1589 1587 1652 1638 pei
1673 1604 1711 1628 ee

341 1660 456 1702 inepta
478 1662 539 1699 est,
562 1657 612 1691 ita
634 1657 672 1690 h.
697 1657 719 1689 Ι.
743 1655 859 1689 verbis
881 1657 998 1700 opibus
1013 1656 1136 1689 alienis
1157 1655 1383 1697 improbatur.
1431 1655 1571 1688 Aliena
1592 1657 1710 1687 autem

341 1730 422 1764 opes
444 1717 635 1752 Muellerus
656 1715 802 1760 pessime
834 1715 878 1749 de
900 1716 1140 1749 Romanorum
1172 1714 1317 1748 arbitrio
1340 1713 1453 1757 capit,
1476 1724 1544 1748 non
1563 1713 1710 1748 sentiens

341 1789 447 1822 supra
477 1777 620 1811 modum
651 1771 814 1810 servilem
837 1775 913 1808 fieri
935 1774 1141 1808 Adherbalis
1164 1774 1341 1815 animum,
1372 1774 1431 1818 qui
1455 1784 1511 1815 se,
1533 1784 1652 1818 regem
1675 1777 1710 1807 et

339 1836 545 1873 Masinissae
568 1841 741 1879 nepotem,
764 1839 926 1878 tanquam
950 1834 1158 1867 vilissimum
1181 1833 1391 1876 mancipium
1413 1843 1435 1867 a
1457 1833 1626 1867 Romanis
1645 1843 1709 1877 pro

341 1898 455 1934 lubitu
477 1897 534 1930 vel
554 1895 691 1939 necari,
714 1894 773 1928 vel
795 1894 869 1928 vita
893 1894 1012 1928 donari
1034 1903 1134 1938 posse
1154 1893 1256 1928 dicat.
1302 1892 1373 1926 Sed
1395 1893 1503 1927 verba
1525 1893 1631 1927 etiam
1646 1894 1709 1927 ob-

342 1961 455 2000 stant,
486 1956 654 2000 siquidem
684 1955 882 1996 Adherbal,
913 1954 943 1988 si
966 1955 1145 1987 Romanos
1175 1953 1416 1995 intellexisset,
1445 1963 1515 1987 non
1537 1953 1707 1987 invidioso

343 2017 513 2053 vocabulo
534 2015 659 2049 alienis
672 2041 683 2057 ‚
713 2016 772 2049 sed
795 2014 928 2059 potius,
953 2018 991 2047 ut
1012 2013 1049 2047 in
1073 2016 1146 2047 tota
1166 2013 1343 2055 oratione,
1366 2013 1488 2047 vestris
1511 2023 1592 2046 usus
1609 2016 1707 2047 esset.

341 2079 461 2122 Quare
484 2087 562 2120 opes
593 2077 730 2110 alienae
761 2075 954 2120 Iugurthae
976 2076 1072 2114 sunt,
1109 2083 1131 2107 a
1150 2084 1221 2117 quo
1244 2077 1365 2107 exutus
1392 2071 1542 2116 imperio
1572 2072 1708 2106 Adher-

342 2139 402 2173 bal
424 2148 505 2172 sone
528 2139 674 2170 mortem
707 2135 829 2170 timere
851 2134 1017 2175 debebat,
1049 2143 1159 2176 neque
1188 2133 1338 2177 amplius
1360 2132 1470 2167 libere
1491 2131 1630 2167 vivendi
1649 2142 1708 2166 111·-

342 2197 488 2233 bitrium
509 2196 673 2230 habebnt.
1504 2183 1515 2188 ’

434 2260 466 2300 5.
491 2255 550 2290 24.
598 2255 718 2300 emori]
743 2251 940 2288 Gernhardi
962 2251 1162 2287 sententiam
1185 2252 1230 2286 ad
1253 2251 1326 2286 Cic.
1349 2251 1423 2288 eat.
1446 2250 1533 2286 Mai.
1556 2243 1588 2289 o.
1610 2251 1705 2293 xlx,

342 2319 400 2353 ⁴21.
423 2329 456 2362 p.
480 2315 561 2351 135.
587 2315 692 2349 emori
722 2315 768 2349 ab
798 2314 886 2347 mori
907 2313 1060 2357 pleniore
1094 2315 1228 2347 tantum
1260 2323 1364 2353 sono,
1396 2312 1458 2347 sed
1479 2322 1547 2346 non
1567 2311 1707 2346 notione

343 2379 485 2414 differre
507 2381 600 2412 recte
632 2375 806 2419 improbat
835 2375 966 2409 Ludov.
999 2373 1227 2409 Doederlinus
1256 2371 1292 2406 in
1323 2371 1454 2416 Synon.
1477 2372 1554 2406 Lat.
1577 2371 1623 2406 Τ.
1644 2371 1705 2406 111.

343 2450 379 2484 p.
402 2437 472 2473 183
492 2449 543 2481 sq.
575 2439 711 2471 secutus
740 2435 996 2477 Forcellinum,
1029 2434 1091 2479 qui
1121 2433 1227 2468 emori
1263 2443 1337 2467 csse
1367 2431 1452 2466 dicit
1481 2431 1616 2466 omnino
1648 2431 1705 2465 vel

343 2510 480 2545 prorsus
508 2498 616 2537 πιστὴ·
652 2507 755 2540 quam
779 2495 1044 2539 explicationem
1072 2505 1192 2528 veram
1215 2504 1288 2527 esse
1309 2503 1376 2526 non
1404 2491 1507 2526 modo
1533 2491 1706 2534 praefixae

345 2559 491 2593 voculae
513 2557 587 2597 vis,
619 2568 722 2600 quam
753 2555 1003 2590 illustravimus
1035 2555 1080 2588 ad
1107 2555 1184 2589 Cat.
1211 2553 1368 2594 XLVssI,
1398 2552 1434 2586 1.
1466 2550 1590 2592 xmx,
1613 2549 1648 2584 4.
1672 2554 1705 2584 et

347 2620 404 2661 u,
431 2618 500 2659 2⁰„
531 2617 590 2651 sed
613 2616 719 2650 etiam
748 2616 905 2659 exempla
933 2615 1009 2659 ipsa
1030 2615 1115 2649 satis
1136 2614 1372 2658 comprobant.
1392 2611 1437 2646 eff.
1461 2611 1535 2645 eat.
1559 2611 1646 2652 XX,
1669 2610 1703 2645 9.

347 2690 459 2714 nonne
490 2677 633 2712 emori
653 2684 717 2721 per
739 2678 900 2712 virtutem
921 2679 1100 2720 praestat,
1123 2684 1226 2719 quam
1248 2673 1393 2707 vitan
1422 2671 1642 2705 miseram
1658 2686 1703 2696 -·

348 2748 410 2783 per
433 2737 581 2772 dedecus
603 2737 831 2777 amittere,
856 2736 890 2769 in
912 2746 993 2779 quo,
1015 2733 1221 2770 Doederlino
1242 2731 1366 2774 iudice,
1387 2731 1456 2766 hoc
1477 2730 1584 2766 ine-ts
1599 2740 1703 2773 qnam
