1826 3276
405 132 488 171 416
769 126 814 168 c.
842 126 1164 171 SALLUSTI
1195 103 1411 172 emspi

368 243 615 301 6cognovi.
687 239 894 283 Ceterum
924 239 1039 283 solet
1063 241 1107 283 in
1132 241 1212 285 illis
1239 243 1349 288 locis
1379 250 1615 303 tempestas
1641 243 1763 290 haud

409 351 534 380 secus
570 339 702 391 atque
736 332 780 375 in
815 335 924 376 mari
958 335 1169 389 retinere3
1204 351 1308 380 nam
1345 338 1419 381 ubi
1452 353 1534 397 per
1561 339 1660 382 loca
1685 354 1763 382 ae-

407 429 551 494 qualia
595 433 640 470 et
682 426 798 471 nuda
843 428 1119 488 gignentium
1176 437 1326 475 ventus
1371 437 1546 476 coortus
1586 448 1762 478 arenam

406 598 472 621 non
497 589 548 619 est
576 583 837 629 intelligendum
861 597 904 619 ex
926 597 1023 621 more
1045 589 1296 631 Romanorum,
1320 588 1504 622 secundum
1527 599 1629 632 quem
1650 575 1687 623 iu
1709 599 1763 623 re-

404 649 469 681 bus
492 644 708 689 negotiisque
740 644 978 679 contrahendis
1007 646 1153 690 pignore
1185 658 1221 680 se
1243 647 1501 693 obstr-ingehem
1523 649 1566 683 ad
1589 653 1762 692 praestan—

405 707 485 739 dam
510 705 561 738 rei
594 707 772 747 susceptae
802 705 858 738 vel
888 705 1078 748 promissae
1099 707 1294 749 veritatem,
1330 707 1371 740 de
1393 719 1461 751 quo
1483 719 1548 742 usu
1571 708 1765 742 doctissime

405 765 478 810 egit
508 764 621 798 Carol.
651 764 795 797 Beierns
827 764 868 798 ad
903 764 975 798 Cic.
1007 766 1050 799 de
1080 766 1151 800 Off.
1174 767 1243 808 Iu,
1266 767 1334 808 19,
1356 767 1414 800 77.
1447 766 1566 810 p.326
1585 777 1671 810 sqq„
1705 767 1764 800 sed

403 822 607 869 simpliciter
629 823 800 868 significat
821 825 1060 868 paciscuntur,
1094 826 1166 859 sivo
1186 831 1287 869 pacto
1310 827 1528 859 constituunt.
1552 844 1597 851 -—
1621 826 1763 860 Philae-

405 886 459 918 nis
488 883 726 918 tantummodo
757 886 806 916 est
836 882 872 916 in
903 884 1002 918 codd.
1025 885 1146 925 nivii,
1185 886 1264 920 Bas.
1287 885 1321 919 4.
1354 888 1387 919 et
1410 885 1519 918 Paris.
1543 884 1578 918 b.
1601 896 1631 919 c.
1655 896 1689 919 x.
1713 895 1762 925 ις

406 943 580 977 Philaenii
602 941 733 986 legitur
755 941 790 975 in
813 942 951 978 Pembr.
975 947 1009 978 et
1031 945 1075 978 B.
1098 944 1218 986 Publ.;
1250 944 1354 978 ceteri
1377 955 1494 977 omnes
1516 947 1677 988 corrupte
1697 944 1762 978 ha-

405 1004 487 1038 bent
522 1003 714 1036 Philaenes.
759 1002 811 1034 De
836 1001 954 1035 dativo
986 999 1034 1036 v.‘
1050 1002 1094 1037 ad
1124 1015 1155 1037 c.
1178 1004 1230 1045 V,
1250 1003 1285 1038 4.
1319 1014 1351 1047 p.
1378 1002 1435 1037 33.
1458 1021 1501 1028 —-
1527 1004 1708 1038 Maturare
1731 1014 1760 1037 e.

402 1062 572 1097 infinitivo
597 1062 750 1095 iunctum
772 1061 951 1106 tetigimus
973 1063 1017 1096 ad
1040 1075 1070 1099 c.
1095 1064 1254 1103 XXXVI,
1274 1063 1308 1095 l.
1332 1061 1428 1095 Adde
1449 1063 1618 1096 Plancum
1638 1062 1674 1097 in
1691 1063 1761 1096 Cic.

404 1124 490 1166 Epp.
514 1123 558 1157 ad
582 1122 718 1155 Famm.
740 1122 797 1165 X,
822 1121 887 1163 21,
911 1121 944 1155 5.
976 1124 1127 1166 petierat
1150 1128 1189 1157 ut
1217 1127 1492 1156 maturarem
1523 1115 1692 1156 venire.
1715 1141 1759 1148 —-

404 1184 475 1217 Iter
504 1192 701 1227 pergere
734 1179 758 1213 i.
792 1191 822 1214 e.
853 1181 920 1214 iter
939 1183 1114 1226 persequi,
1148 1182 1204 1215 vel
1228 1181 1349 1215 itinere
1370 1178 1575 1224 procedere,
1607 1181 1763 1216 Sallustii

402 1243 558 1286 exemplo
581 1241 716 1284 saepius
739 1241 825 1274 dixit
843 1241 998 1282 Tacitus,
1019 1242 1115 1275 velut
1136 1242 1221 1275 Ann-
1245 1241 1301 1281 111,
1326 1240 1383 1282 66,
1406 1240 1441 1274 3.
1486 1242 1525 1274 Si
1546 1246 1675 1277 rectum
1697 1242 1763 1276 iter

400 1305 573 1346 pergeret.
598 1299 664 1340 lv,
687 1299 744 1340 20,
768 1299 802 1332 4.
827 1300 900 1339 XV,
924 1299 981 1339 27,
1006 1300 1038 1333 1.
1085 1301 1184 1342 Quod
1209 1301 1252 1334 ad
1275 1303 1466 1335 structurae
1487 1301 1657 1335 rationem
1680 1301 1761 1335 otti-

402 1366 480 1403 net,
511 1359 750 1394 Boetticherus
781 1358 816 1391 in
851 1359 932 1392 Lex.
964 1358 1080 1392 Tacit.
1109 1370 1143 1393 v.
1177 1364 1327 1395 accusat.
1356 1359 1392 1393 4.
1427 1370 1461 1402 p.
1491 1358 1570 1401 19„
1595 1360 1652 1394 cui
1674 1361 1762 1395 haec

401 1421 559 1464 exempla
587 1419 774 1461 debentur,
806 1429 953 1462 pergere
984 1422 1097 1452 censet
1129 1429 1170 1452 ex
1201 1418 1369 1464 analogia
1397 1419 1583 1453 verborum
1613 1421 1758 1466 erigere,

401 1482 574 1525 dirigere,
609 1478 780 1522 corrigere
808 1464 892 1511 veri¹
905 1478 1076 1512 transitivi
1097 1479 1204 1512 instar
1224 1478 1459 1512 accusativum
1481 1478 1607 1512 obiecti
1627 1490 1760 1524 regere.

399 1540 506 1574 Nobis
527 1548 611 1572 vero
631 1541 705 1570 tum
727 1537 763 1570 in
785 1537 872 1579 hoc,
895 1541 968 1571 tum
991 1538 1130 1572 omnino
1151 1537 1187 1571 iu
1210 1537 1367 1570 omnibus
1388 1537 1504 1572 verbis
1524 1538 1759 1583 intransitivum

399 1598 524 1642 quibus
550 1596 766 1631 accusativus
798 1597 976 1631 adiunctus
999 1600 1070 1636 est,
1099 1600 1134 1629 et
1155 1595 1233 1639 ipsa
1255 1597 1440 1631 verborum
1462 1602 1609 1643 nutura,
1641 1603 1677 1634 et
1699 1609 1758 1634 uc-

399 1656 548 1692 cusativi
582 1655 722 1699 propria
747 1659 896 1698 potestas
931 1660 1087 1690 constare
1116 1654 1262 1690 videtur.
1307 1656 1396 1690 Nam
1418 1667 1524 1699 quum
1546 1646 1759 1692 accusativus

370 1719 374 1725 ¹
399 1718 436 1751 in
467 1716 665 1750 universum
686 1714 723 1748 id
755 1714 929 1759 designet,
961 1714 1061 1749 cuius
1093 1719 1246 1758 respectu
1268 1716 1400 1759 aliquid
1422 1716 1467 1750 eit
1491 1716 1544 1750 vel
1565 1717 1647 1760 fiat,
1671 1716 1756 1758 eive,

399 1778 491 1821 quod
515 1776 606 1810 idem
629 1777 700 1815 est,
733 1786 839 1817 quum
862 1775 898 1809 id
921 1775 1112 1816 contineat,
1142 1777 1189 1810 ad
1212 1777 1300 1820 quod
1332 1777 1389 1810 vel
1409 1779 1516 1811 status
1537 1775 1680 1819 aliquis,
1703 1777 1760 1810 vel

399 1838 493 1873 actio
515 1839 648 1881 spectat
671 1834 742 1878 (cf.
768 1835 812 1869 ad
836 1846 867 1868 c.
892 1836 934 1877 V,
958 1835 992 1869 4.
1015 1846 1050 1879 p.
1070 1834 1182 1878 34.),
1201 1847 1348 1882 pergere
1374 1838 1442 1871 iter
1462 1835 1553 1870 nihil
1575 1835 1671 1870 aliud
1693 1838 1756 1878 eet,

398 1907 505 1941 quam
533 1905 680 1939 pergere
713 1894 786 1928 sive
814 1895 1021 1938 proceda-Q*
1046 1901 1213 1939 quantum
1235 1897 1273 1929 id
1302 1897 1436 1940 quidem
1456 1896 1504 1930 ad
1526 1895 1592 1930 iter
1612 1901 1756 1940 spectat,

398 1957 424 1992 i.
462 1968 492 1991 e.
524 1958 683 1999 respectu
715 1953 866 1996 itineris,
898 1954 1000 1998 idque
1029 1965 1128 1988 sensu
1157 1954 1249 1988 idem
1283 1958 1333 1988 est
1361 1959 1464 1998 atque
1489 1955 1556 1988 iter
1573 1956 1755 2000 persequi,

397 2026 608 2060 quamquam
629 2013 803 2058 cogitandi
825 2014 957 2048 ratione
978 2013 1160 2057 discrepat.
1205 2013 1258 2047 Ad
1280 2014 1425 2048 eundem
1447 2014 1587 2048 modum
1610 2015 1754 2059 exigen-

398 2077 445 2110 da
477 2080 572 2117 sunt,
601 2085 690 2118 quae
722 2074 766 2107 ad
798 2074 897 2108 Catil.
925 2074 1011 2112 XX,
1044 2074 1099 2107 11.
1131 2084 1198 2106 non
1226 2073 1308 2106 satis
1330 2073 1504 2118 perspicue
1536 2074 1579 2108 de
1600 2074 1668 2109 hoc
1691 2086 1754 2109 unu

398 2136 558 2171 diximus.
579 2153 625 2160 —
647 2133 778 2167 Parum
802 2133 1050 2177 explicavimus
1072 2133 1116 2168 ad
1139 2143 1168 2165 c.
1192 2133 1320 2175 XXXI,
1344 2133 1377 2167 9.
1401 2144 1436 2177 p.
1458 2133 1538 2168 179.

483 2189 523 2237 S.
545 2194 581 2230 6.
627 2193 722 2227 nuda
756 2193 998 2238 gignentium]
1045 2193 1267 2237 Gignentium
1305 2203 1422 2226 omnes
1454 2192 1653 2237 interpretes
1684 2203 1752 2228 uno

397 2266 458 2291 ore
480 2256 630 2288 clamant
657 2253 787 2286 dictum
817 2264 891 2288 esse
919 2264 982 2296 pro
1003 2254 1217 2298 genitorum,
1254 2262 1323 2295 qua
1345 2252 1512 2287 sententia
1532 2253 1620 2287 nihil
1642 2256 1754 2298 potest

396 2314 589 2359 perversius
606 2324 690 2347 esee.
737 2313 845 2356 Quaai
867 2323 950 2347 vero
978 2323 1128 2356 unquam
1150 2311 1302 2346 activum
1325 2322 1386 2355 pro
1407 2311 1564 2356 passivo,
1594 2322 1753 2358 praesens

395 2387 460 2420 pro
483 2375 632 2418 perfecto
653 2372 733 2417 poni
756 2372 877 2416 possit!
908 2373 1063 2417 Ineptum
1086 2384 1160 2406 rem
1185 2371 1388 2415 ineptiorem
1408 2372 1569 2413 reddunt,
1593 2371 1654 2415 qni
1674 2383 1752 2407 eam

396 2436 442 2469 ad
474 2435 644 2468 rationem
687 2431 840 2476 aliquam
874 2431 1013 2476 exigere
1041 2433 1183 2473 volunt,
1216 2432 1312 2466 velut
1351 2431 1578 2472 Gerlachiue,
1608 2431 1688 2475 qui,
1721 2431 1751 2466 si

396 2495 545 2540 gignere
567 2504 646 2526 cum
668 2503 796 2536 graeco
818 2491 985 2535 γίγνομαι
1015 2494 1251 2535 compararet,
1283 2489 1398 2525 omnia
1419 2491 1576 2534 expedita
1603 2491 1748 2535 putavit,

396 2558 458 2588 aut
491 2551 664 2596 nangius,
695 2552 755 2595 qui
778 2551 925 2585 mirifica
946 2550 1136 2585 subtilitate
1165 2550 1410 2594 „quodcunque
1429 2551 1584 2594 genitum
1606 2555 1675 2594 eat,
1696 2550 1750 2585 in-

398 2612 497 2657 quit,
530 2611 566 2646 id
589 2622 724 2655 quoque
745 2611 917 2656 gignit‚“
939 2611 1028 2654 quod
1051 2610 1183 2645 scilicet
1205 2609 1256 2643 ita
1277 2614 1512 2651 comparatum
1535 2613 1604 2651 eet,
1627 2613 1666 2644 ut
1686 2620 1748 2654 pn-

397 2673 483 2707 riter
511 2672 624 2705 vivum
647 2671 760 2704 dicere
780 2670 891 2714 possis
913 2674 1101 2710 mortuum,
1133 2668 1214 2713 quia
1235 2667 1425 2712 quicunque
1448 2667 1533 2703 vivit
1555 2673 1650 2704 certo
1671 2679 1747 2703 mo·
