<?xml version="1.0" encoding="UTF-8"?>
<!DOCTYPE html PUBLIC "-//W3C//DTD XHTML 1.0 Transitional//EN"
    "http://www.w3.org/TR/xhtml1/DTD/xhtml1-transitional.dtd">
<html xmlns="http://www.w3.org/1999/xhtml" xml:lang="en" lang="en">
 <head>
  <title>
</title>
<meta http-equiv="Content-Type" content="text/html;charset=utf-8" />
  <meta name='ocr-system' content='tesseract 3.04.00' />
  <meta name='ocr-capabilities' content='ocr_page ocr_carea ocr_par ocr_line ocrx_word'/>
</head>
<body>
  <div class='ocr_page' id='page_1' title='image "./operaquaesupers02salluoft/operaquaesupers02salluoft_0234.png"; bbox 0 0 1826 3276; ppageno 0'>
   <div class='ocr_carea' id='block_1_1' title="bbox 388 189 1382 238">
    <p class='ocr_par' dir='ltr' id='par_1_1' title="bbox 388 189 1382 238">
     <span class='ocr_line' id='line_1_1' title="bbox 388 189 1382 238; baseline -0.005 0"><span class='ocrx_word' id='word_1_1' title='bbox 388 197 472 238; x_wconf 78' lang='lat'>212</span> <span class='ocrx_word' id='word_1_2' title='bbox 745 190 789 233; x_wconf 93' lang='lat' dir='ltr'>C.</span> <span class='ocrx_word' id='word_1_3' title='bbox 818 189 1133 233; x_wconf 87' lang='lat' dir='ltr'><strong>SALLUSTI</strong></span> <span class='ocrx_word' id='word_1_4' title='bbox 1162 190 1382 237; x_wconf 85' lang='lat' dir='ltr'>CRISPI</span> 
     </span>
    </p>
   </div>
   <div class='ocr_carea' id='block_1_2' title="bbox 354 304 1760 1216">
    <p class='ocr_par' dir='ltr' id='par_1_2' title="bbox 354 304 1760 1216">
     <span class='ocr_line' id='line_1_2' title="bbox 390 304 1750 364; baseline -0.001 -13"><span class='ocrx_word' id='word_1_5' title='bbox 390 308 555 362; x_wconf 82' lang='lat' dir='ltr'>forent,</span> <span class='ocrx_word' id='word_1_6' title='bbox 600 310 787 349; x_wconf 87' lang='lat' dir='ltr'>maturat</span> <span class='ocrx_word' id='word_1_7' title='bbox 830 305 875 347; x_wconf 89' lang='lat' dir='ltr'>in</span> <span class='ocrx_word' id='word_1_8' title='bbox 909 304 1107 347; x_wconf 83' lang='lat' dir='ltr'>Africam</span> <span class='ocrx_word' id='word_1_9' title='bbox 1143 311 1343 362; x_wconf 87' lang='lat' dir='ltr'>portare,</span> <span class='ocrx_word' id='word_1_10' title='bbox 1389 321 1440 350; x_wconf 86' lang='lat' dir='ltr'>ac</span> <span class='ocrx_word' id='word_1_11' title='bbox 1476 307 1619 350; x_wconf 83' lang='lat' dir='ltr'>statim</span> <span class='ocrx_word' id='word_1_12' title='bbox 1651 306 1750 364; x_wconf 86' lang='lat' dir='ltr'>ipse</span> 
     </span>
     <span class='ocr_line' id='line_1_3' title="bbox 392 378 1751 462; baseline -0.002 -17"><span class='ocrx_word' id='word_1_13' title='bbox 392 402 642 462; x_wconf 84' lang='lat' dir='ltr'>profectus,</span> <span class='ocrx_word' id='word_1_14' title='bbox 678 400 740 443; x_wconf 89' lang='lat' dir='ltr'>uti</span> <span class='ocrx_word' id='word_1_15' title='bbox 767 404 868 442; x_wconf 84' lang='lat' dir='ltr'>ante</span> <span class='ocrx_word' id='word_1_16' title='bbox 900 400 1093 455; x_wconf 85' lang='lat' dir='ltr'>comitia,</span> <span class='ocrx_word' id='word_1_17' title='bbox 1125 399 1247 457; x_wconf 86' lang='lat' dir='ltr'>quod</span> <span class='ocrx_word' id='word_1_18' title='bbox 1269 378 1442 458; x_wconf 84' lang='lat' dir='ltr'>tempus</span> <span class='ocrx_word' id='word_1_19' title='bbox 1467 396 1589 444; x_wconf 85' lang='lat' dir='ltr'>haud</span> <span class='ocrx_word' id='word_1_20' title='bbox 1616 401 1751 458; x_wconf 89' lang='lat' dir='ltr'>longe</span> 
     </span>
     <span class='ocr_line' id='line_1_4' title="bbox 394 471 1750 551; baseline -0.001 -12"><span class='ocrx_word' id='word_1_21' title='bbox 394 497 568 550; x_wconf 88' lang='lat' dir='ltr'>aberat,</span> <span class='ocrx_word' id='word_1_22' title='bbox 603 494 731 537; x_wconf 84' lang='lat' dir='ltr'>armis</span> <span class='ocrx_word' id='word_1_23' title='bbox 766 499 840 537; x_wconf 84' lang='lat' dir='ltr'>aut</span> <span class='ocrx_word' id='word_1_24' title='bbox 869 493 1093 538; x_wconf 85' lang='lat' dir='ltr'>deditione</span> <span class='ocrx_word' id='word_1_25' title='bbox 1127 499 1201 537; x_wconf 82' lang='lat' dir='ltr'>aut</span> <span class='ocrx_word' id='word_1_26' title='bbox 1235 494 1388 551; x_wconf 87' lang='lat' dir='ltr'>quovis</span> <span class='ocrx_word' id='word_1_27' title='bbox 1413 471 1556 541; x_wconf 47' lang='lat' dir='ltr'>mollo</span> <span class='ocrx_word' id='word_1_28' title='bbox 1585 494 1750 538; x_wconf 85' lang='lat' dir='ltr'>bellum</span> 
     </span>
     <span class='ocr_line' id='line_1_5' title="bbox 354 587 1753 648; baseline -0.001 -15"><span class='ocrx_word' id='word_1_29' title='bbox 354 591 642 646; x_wconf 80' lang='lat' dir='ltr'>2conficeret.</span> <span class='ocrx_word' id='word_1_30' title='bbox 711 589 772 632; x_wconf 92' lang='lat' dir='ltr'>At</span> <span class='ocrx_word' id='word_1_31' title='bbox 819 594 971 632; x_wconf 85' lang='lat' dir='ltr'>contra</span> <span class='ocrx_word' id='word_1_32' title='bbox 1012 588 1227 648; x_wconf 82' lang='lat' dir='ltr'><strong>Iugurtha</strong></span> <span class='ocrx_word' id='word_1_33' title='bbox 1272 588 1447 632; x_wconf 81' lang='lat' dir='ltr'><strong>trahere</strong></span> <span class='ocrx_word' id='word_1_34' title='bbox 1490 587 1656 645; x_wconf 89' lang='lat' dir='ltr'>omnia,</span> <span class='ocrx_word' id='word_1_35' title='bbox 1710 595 1753 631; x_wconf 92' lang='lat' dir='ltr'>et</span> 
     </span>
     <span class='ocr_line' id='line_1_6' title="bbox 395 671 1754 743; baseline -0.003 -15"><span class='ocrx_word' id='word_1_36' title='bbox 395 686 524 743; x_wconf 74' lang='lat' dir='ltr'>alias,</span> <span class='ocrx_word' id='word_1_37' title='bbox 572 682 734 727; x_wconf 88' lang='lat' dir='ltr'>deinde</span> <span class='ocrx_word' id='word_1_38' title='bbox 780 683 884 726; x_wconf 87' lang='lat' dir='ltr'>alias</span> <span class='ocrx_word' id='word_1_39' title='bbox 926 698 1078 728; x_wconf 87' lang='lat' dir='ltr'>morae</span> <span class='ocrx_word' id='word_1_40' title='bbox 1123 671 1296 727; x_wconf 87' lang='lat' dir='ltr'>caussas</span> <span class='ocrx_word' id='word_1_41' title='bbox 1330 683 1510 741; x_wconf 77' lang='lat' dir='ltr'>facere,</span> <span class='ocrx_word' id='word_1_42' title='bbox 1556 683 1754 742; x_wconf 84' lang='lat' dir='ltr'>polliceri</span> 
     </span>
     <span class='ocr_line' id='line_1_7' title="bbox 396 777 1755 835; baseline -0.002 -12"><span class='ocrx_word' id='word_1_43' title='bbox 396 780 665 824; x_wconf 87' lang='lat' dir='ltr'>deditionem</span> <span class='ocrx_word' id='word_1_44' title='bbox 691 794 744 822; x_wconf 92' lang='lat' dir='ltr'>ac</span> <span class='ocrx_word' id='word_1_45' title='bbox 766 778 926 822; x_wconf 89' lang='lat' dir='ltr'>deinde</span> <span class='ocrx_word' id='word_1_46' title='bbox 955 785 1120 822; x_wconf 83' lang='lat' dir='ltr'>metum</span> <span class='ocrx_word' id='word_1_47' title='bbox 1149 778 1365 834; x_wconf 82' lang='lat' dir='ltr'>simulare,</span> <span class='ocrx_word' id='word_1_48' title='bbox 1394 778 1567 835; x_wconf 85' lang='lat' dir='ltr'>instanti</span> <span class='ocrx_word' id='word_1_49' title='bbox 1594 777 1755 821; x_wconf 83' lang='lat' dir='ltr'>cedere</span> 
     </span>
     <span class='ocr_line' id='line_1_8' title="bbox 396 872 1755 944; baseline -0.003 -26"><span class='ocrx_word' id='word_1_50' title='bbox 396 881 440 918; x_wconf 91' lang='lat' dir='ltr'>et</span> <span class='ocrx_word' id='word_1_51' title='bbox 474 875 624 944; x_wconf 81' lang='lat' dir='ltr'>paullo</span> <span class='ocrx_word' id='word_1_52' title='bbox 658 880 784 933; x_wconf 84' lang='lat' dir='ltr'>post,</span> <span class='ocrx_word' id='word_1_53' title='bbox 817 889 875 917; x_wconf 89' lang='lat' dir='ltr'>ne</span> <span class='ocrx_word' id='word_1_54' title='bbox 912 874 978 916; x_wconf 87' lang='lat' dir='ltr'>sui</span> <span class='ocrx_word' id='word_1_55' title='bbox 1013 872 1288 927; x_wconf 82' lang='lat' dir='ltr'>diffiderent,</span> <span class='ocrx_word' id='word_1_56' title='bbox 1323 874 1505 926; x_wconf 83' lang='lat' dir='ltr'>instare3</span> <span class='ocrx_word' id='word_1_57' title='bbox 1551 873 1611 915; x_wconf 91' lang='lat' dir='ltr'>ita</span> <span class='ocrx_word' id='word_1_58' title='bbox 1649 872 1755 915; x_wconf 91' lang='lat' dir='ltr'>belli</span> 
     </span>
     <span class='ocr_line' id='line_1_9' title="bbox 360 946 1756 1032; baseline -0.004 -19"><span class='ocrx_word' id='word_1_59' title='bbox 360 969 557 1032; x_wconf 82' lang='lat' dir='ltr'>3modo,</span> <span class='ocrx_word' id='word_1_60' title='bbox 604 946 740 1012; x_wconf 64' lang='lat' dir='ltr'>inodo</span> <span class='ocrx_word' id='word_1_61' title='bbox 780 969 904 1028; x_wconf 83' lang='lat' dir='ltr'>pacis</span> <span class='ocrx_word' id='word_1_62' title='bbox 951 983 1076 1011; x_wconf 89' lang='lat' dir='ltr'>mora</span> <span class='ocrx_word' id='word_1_63' title='bbox 1120 968 1344 1011; x_wconf 85' lang='lat' dir='ltr'>consulem</span> <span class='ocrx_word' id='word_1_64' title='bbox 1391 966 1618 1013; x_wconf 89' lang='lat' dir='ltr'>ludificari.</span> <span class='ocrx_word' id='word_1_65' title='bbox 1688 965 1756 1010; x_wconf 93' lang='lat' dir='ltr'>Ac</span> 
     </span>
     <span class='ocr_line' id='line_1_10' title="bbox 398 1061 1757 1122; baseline -0.004 -15"><span class='ocrx_word' id='word_1_66' title='bbox 398 1065 545 1119; x_wconf 83' lang='lat' dir='ltr'>fuere,</span> <span class='ocrx_word' id='word_1_67' title='bbox 588 1065 664 1121; x_wconf 89' lang='lat' dir='ltr'>qui</span> <span class='ocrx_word' id='word_1_68' title='bbox 697 1069 791 1106; x_wconf 89' lang='lat' dir='ltr'>tum</span> <span class='ocrx_word' id='word_1_69' title='bbox 825 1063 1037 1106; x_wconf 89' lang='lat' dir='ltr'>Albinum</span> <span class='ocrx_word' id='word_1_70' title='bbox 1068 1061 1191 1105; x_wconf 87' lang='lat' dir='ltr'>haud</span> <span class='ocrx_word' id='word_1_71' title='bbox 1222 1063 1423 1122; x_wconf 86' lang='lat' dir='ltr'>ignarum</span> <span class='ocrx_word' id='word_1_72' title='bbox 1457 1061 1607 1106; x_wconf 84' lang='lat' dir='ltr'>consili</span> <span class='ocrx_word' id='word_1_73' title='bbox 1638 1061 1757 1120; x_wconf 78' lang='lat' dir='ltr'>regis</span> 
     </span>
     <span class='ocr_line' id='line_1_11' title="bbox 399 1155 1760 1216; baseline -0.003 -14"><span class='ocrx_word' id='word_1_74' title='bbox 399 1159 731 1213; x_wconf 82' lang='lat' dir='ltr'>existumarent,</span> <span class='ocrx_word' id='word_1_75' title='bbox 774 1173 919 1216; x_wconf 89' lang='lat' dir='ltr'>neque</span> <span class='ocrx_word' id='word_1_76' title='bbox 954 1173 1008 1202; x_wconf 83' lang='lat' dir='ltr'>ex</span> <span class='ocrx_word' id='word_1_77' title='bbox 1041 1163 1160 1201; x_wconf 86' lang='lat' dir='ltr'>tanta</span> <span class='ocrx_word' id='word_1_78' title='bbox 1194 1157 1479 1216; x_wconf 75' lang='lat' dir='ltr'>properantia</span> <span class='ocrx_word' id='word_1_79' title='bbox 1510 1161 1600 1200; x_wconf 86' lang='lat' dir='ltr'>tam</span> <span class='ocrx_word' id='word_1_80' title='bbox 1631 1155 1760 1198; x_wconf 86' lang='lat' dir='ltr'>facile</span> 
     </span>
    </p>
   </div>
   <div class='ocr_carea' id='block_1_3' title="bbox 398 1250 1759 1312">
    <p class='ocr_par' dir='ltr' id='par_1_3' title="bbox 398 1250 1759 1312">
     <span class='ocr_line' id='line_1_12' title="bbox 398 1250 1759 1312; baseline -0.004 -14"><span class='ocrx_word' id='word_1_81' title='bbox 398 1259 587 1299; x_wconf 87' lang='lat' dir='ltr'>tractum</span> <span class='ocrx_word' id='word_1_82' title='bbox 621 1253 788 1298; x_wconf 91' lang='lat' dir='ltr'>bellum</span> <span class='ocrx_word' id='word_1_83' title='bbox 815 1252 1018 1298; x_wconf 86' lang='lat' dir='ltr'>socordia</span> <span class='ocrx_word' id='word_1_84' title='bbox 1046 1252 1187 1312; x_wconf 81' lang='lat' dir='ltr'>magis</span> <span class='ocrx_word' id='word_1_85' title='bbox 1217 1266 1351 1310; x_wconf 82' lang='lat' dir='ltr'>quam</span> <span class='ocrx_word' id='word_1_86' title='bbox 1381 1251 1487 1295; x_wconf 89' lang='lat' dir='ltr'>dolo</span> <span class='ocrx_word' id='word_1_87' title='bbox 1518 1250 1759 1295; x_wconf 78' lang='lat' dir='ltr'>crederent.</span> 
     </span>
    </p>
   </div>
   <div class='ocr_carea' id='block_1_4' title="bbox 397 1359 1768 2774">
    <p class='ocr_par' dir='ltr' id='par_1_4' title="bbox 397 1359 1767 2238">
     <span class='ocr_line' id='line_1_13' title="bbox 398 1359 1760 1407; baseline -0.002 -11"><span class='ocrx_word' id='word_1_88' title='bbox 398 1375 432 1406; x_wconf 80' lang='lat' dir='ltr'>p.</span> <span class='ocrx_word' id='word_1_89' title='bbox 455 1362 556 1407; x_wconf 64' lang='lat'>245.)</span> <span class='ocrx_word' id='word_1_90' title='bbox 579 1362 687 1396; x_wconf 77' lang='lat' dir='ltr'>refert</span> <span class='ocrx_word' id='word_1_91' title='bbox 707 1361 960 1406; x_wconf 77' lang='lat' dir='ltr'>principem</span> <span class='ocrx_word' id='word_1_92' title='bbox 983 1362 1174 1405; x_wconf 72' lang='lat' dir='ltr'>ludficari,</span> <span class='ocrx_word' id='word_1_93' title='bbox 1206 1359 1304 1394; x_wconf 78' lang='lat' dir='ltr'>cuius</span> <span class='ocrx_word' id='word_1_94' title='bbox 1334 1359 1412 1394; x_wconf 90' lang='lat' dir='ltr'>loco</span> <span class='ocrx_word' id='word_1_95' title='bbox 1434 1359 1470 1393; x_wconf 87' lang='lat' dir='ltr'>in</span> <span class='ocrx_word' id='word_1_96' title='bbox 1490 1359 1578 1394; x_wconf 84' lang='lat' dir='ltr'>Maii</span> <span class='ocrx_word' id='word_1_97' title='bbox 1601 1359 1760 1399; x_wconf 88' lang='lat' dir='ltr'>editione,</span> 
     </span>
     <span class='ocr_line' id='line_1_14' title="bbox 397 1418 1763 1466; baseline -0.003 -10"><span class='ocrx_word' id='word_1_98' title='bbox 397 1422 690 1466; x_wconf 79' lang='lat' dir='ltr'>quiExempla</span> <span class='ocrx_word' id='word_1_99' title='bbox 722 1420 1037 1454; x_wconf 81' lang='lat' dir='ltr'>elocutionum</span> <span class='ocrx_word' id='word_1_100' title='bbox 1060 1419 1226 1454; x_wconf 86' lang='lat' dir='ltr'>Frontoni</span> <span class='ocrx_word' id='word_1_101' title='bbox 1255 1418 1391 1460; x_wconf 86' lang='lat' dir='ltr'>tribuit,</span> <span class='ocrx_word' id='word_1_102' title='bbox 1424 1418 1552 1462; x_wconf 78' lang='lat' dir='ltr'>legitur</span> <span class='ocrx_word' id='word_1_103' title='bbox 1579 1419 1763 1463; x_wconf 81' lang='lat' dir='ltr'>praeci-</span> 
     </span>
     <span class='ocr_line' id='line_1_15' title="bbox 397 1477 1763 1524; baseline -0.001 -12"><span class='ocrx_word' id='word_1_104' title='bbox 397 1490 492 1523; x_wconf 86' lang='lat' dir='ltr'>pem</span> <span class='ocrx_word' id='word_1_105' title='bbox 524 1479 705 1523; x_wconf 81' lang='lat' dir='ltr'>ludificari.</span> <span class='ocrx_word' id='word_1_106' title='bbox 751 1480 791 1513; x_wconf 81' lang='lat' dir='ltr'>ld</span> <span class='ocrx_word' id='word_1_107' title='bbox 825 1491 1035 1524; x_wconf 81' lang='lat' dir='ltr'>quamquam</span> <span class='ocrx_word' id='word_1_108' title='bbox 1065 1481 1110 1514; x_wconf 85' lang='lat' dir='ltr'>ab</span> <span class='ocrx_word' id='word_1_109' title='bbox 1142 1478 1298 1514; x_wconf 84' lang='lat' dir='ltr'>omnium</span> <span class='ocrx_word' id='word_1_110' title='bbox 1329 1478 1427 1512; x_wconf 80' lang='lat' dir='ltr'>codd.</span> <span class='ocrx_word' id='word_1_111' title='bbox 1459 1477 1629 1522; x_wconf 79' lang='lat' dir='ltr'>scriptura</span> <span class='ocrx_word' id='word_1_112' title='bbox 1659 1478 1763 1521; x_wconf 88' lang='lat' dir='ltr'>longe</span> 
     </span>
     <span class='ocr_line' id='line_1_16' title="bbox 399 1537 1763 1582; baseline -0.001 -10"><span class='ocrx_word' id='word_1_113' title='bbox 399 1538 546 1582; x_wconf 79' lang='lat' dir='ltr'>recedit,</span> <span class='ocrx_word' id='word_1_114' title='bbox 578 1541 713 1580; x_wconf 84' lang='lat' dir='ltr'>tamen,</span> <span class='ocrx_word' id='word_1_115' title='bbox 745 1539 830 1582; x_wconf 86' lang='lat' dir='ltr'>quia</span> <span class='ocrx_word' id='word_1_116' title='bbox 856 1550 936 1573; x_wconf 90' lang='lat' dir='ltr'>cum</span> <span class='ocrx_word' id='word_1_117' title='bbox 965 1539 1212 1574; x_wconf 74' lang='lat' dir='ltr'>sententiarum</span> <span class='ocrx_word' id='word_1_118' title='bbox 1234 1550 1323 1572; x_wconf 84' lang='lat' dir='ltr'>nexu</span> <span class='ocrx_word' id='word_1_119' title='bbox 1350 1539 1439 1572; x_wconf 88' lang='lat' dir='ltr'>bene</span> <span class='ocrx_word' id='word_1_120' title='bbox 1464 1537 1645 1574; x_wconf 82' lang='lat' dir='ltr'>convenire</span> <span class='ocrx_word' id='word_1_121' title='bbox 1666 1537 1763 1571; x_wconf 82' lang='lat' dir='ltr'>vidc-</span> 
     </span>
     <span class='ocr_line' id='line_1_17' title="bbox 399 1596 1764 1644; baseline -0.001 -12"><span class='ocrx_word' id='word_1_122' title='bbox 399 1598 515 1640; x_wconf 79' lang='lat' dir='ltr'>batur,</span> <span class='ocrx_word' id='word_1_123' title='bbox 539 1597 628 1631; x_wconf 88' lang='lat' dir='ltr'>mihi</span> <span class='ocrx_word' id='word_1_124' title='bbox 651 1599 835 1642; x_wconf 79' lang='lat' dir='ltr'>aliquando</span> <span class='ocrx_word' id='word_1_125' title='bbox 859 1598 1002 1643; x_wconf 76' lang='lat' dir='ltr'>placuit,</span> <span class='ocrx_word' id='word_1_126' title='bbox 1024 1602 1063 1632; x_wconf 87' lang='lat' dir='ltr'>ut</span> <span class='ocrx_word' id='word_1_127' title='bbox 1085 1597 1279 1644; x_wconf 79' lang='lat' dir='ltr'>significavi</span> <span class='ocrx_word' id='word_1_128' title='bbox 1302 1597 1338 1631; x_wconf 86' lang='lat' dir='ltr'>in</span> <span class='ocrx_word' id='word_1_129' title='bbox 1358 1596 1474 1631; x_wconf 83' lang='lat' dir='ltr'>Iahnii</span> <span class='ocrx_word' id='word_1_130' title='bbox 1491 1597 1624 1631; x_wconf 78' lang='lat' dir='ltr'>Anuall.</span> <span class='ocrx_word' id='word_1_131' title='bbox 1637 1596 1764 1634; x_wconf 81' lang='lat' dir='ltr'>Philol-</span> 
     </span>
     <span class='ocr_line' id='line_1_18' title="bbox 401 1648 1766 1702; baseline 0 -12"><span class='ocrx_word' id='word_1_132' title='bbox 401 1661 436 1691; x_wconf 72' lang='lat' dir='ltr'>et</span> <span class='ocrx_word' id='word_1_133' title='bbox 462 1648 614 1702; x_wconf 67' lang='lat' dir='ltr'>Faedag.</span> <span class='ocrx_word' id='word_1_134' title='bbox 648 1669 681 1691; x_wconf 76' lang='lat' dir='ltr'>a.</span> <span class='ocrx_word' id='word_1_135' title='bbox 703 1658 805 1692; x_wconf 78' lang='lat'>1829.</span> <span class='ocrx_word' id='word_1_136' title='bbox 835 1659 913 1694; x_wconf 83' lang='lat' dir='ltr'>v01.</span> <span class='ocrx_word' id='word_1_137' title='bbox 933 1658 976 1692; x_wconf 91' lang='lat' dir='ltr'>n.</span> <span class='ocrx_word' id='word_1_138' title='bbox 1010 1657 1111 1690; x_wconf 62' lang='lat' dir='ltr'><strong>Fuso.</strong></span> <span class='ocrx_word' id='word_1_139' title='bbox 1132 1657 1158 1690; x_wconf 90' lang='lat'>1.</span> <span class='ocrx_word' id='word_1_140' title='bbox 1191 1669 1225 1700; x_wconf 83' lang='lat' dir='ltr'>p.</span> <span class='ocrx_word' id='word_1_141' title='bbox 1246 1657 1303 1692; x_wconf 78' lang='lat'>45.</span> <span class='ocrx_word' id='word_1_142' title='bbox 1340 1658 1410 1692; x_wconf 72' lang='lat' dir='ltr'>sed</span> <span class='ocrx_word' id='word_1_143' title='bbox 1444 1668 1552 1700; x_wconf 83' lang='lat' dir='ltr'><strong>quum</strong></span> <span class='ocrx_word' id='word_1_144' title='bbox 1584 1657 1766 1690; x_wconf 73' lang='lat' dir='ltr'>emendata</span> 
     </span>
     <span class='ocr_line' id='line_1_19' title="bbox 402 1715 1766 1760; baseline -0.001 -11"><span class='ocrx_word' id='word_1_145' title='bbox 402 1716 627 1751; x_wconf 80' lang='lat' dir='ltr'>Lindemanni</span> <span class='ocrx_word' id='word_1_146' title='bbox 664 1717 758 1752; x_wconf 81' lang='lat' dir='ltr'>Edit.</span> <span class='ocrx_word' id='word_1_147' title='bbox 799 1717 957 1751; x_wconf 82' lang='lat' dir='ltr'>ostendat</span> <span class='ocrx_word' id='word_1_148' title='bbox 990 1716 1185 1760; x_wconf 81' lang='lat' dir='ltr'>praecipem</span> <span class='ocrx_word' id='word_1_149' title='bbox 1220 1718 1347 1752; x_wconf 78' lang='lat' dir='ltr'>falsam</span> <span class='ocrx_word' id='word_1_150' title='bbox 1381 1717 1561 1751; x_wconf 76' lang='lat' dir='ltr'>lectionem</span> <span class='ocrx_word' id='word_1_151' title='bbox 1597 1727 1692 1756; x_wconf 72' lang='lat' dir='ltr'>esee,</span> <span class='ocrx_word' id='word_1_152' title='bbox 1729 1715 1766 1748; x_wconf 87' lang='lat' dir='ltr'>in</span> 
     </span>
     <span class='ocr_line' id='line_1_20' title="bbox 402 1775 1766 1821; baseline -0.002 -11"><span class='ocrx_word' id='word_1_153' title='bbox 402 1780 562 1820; x_wconf 83' lang='lat' dir='ltr'>promptu</span> <span class='ocrx_word' id='word_1_154' title='bbox 585 1779 637 1810; x_wconf 82' lang='lat' dir='ltr'>est</span> <span class='ocrx_word' id='word_1_155' title='bbox 656 1778 843 1821; x_wconf 80' lang='lat' dir='ltr'>principem</span> <span class='ocrx_word' id='word_1_156' title='bbox 865 1776 1054 1811; x_wconf 65' lang='lat' dir='ltr'>memoriae</span> <span class='ocrx_word' id='word_1_157' title='bbox 1075 1777 1176 1820; x_wconf 78' lang='lat' dir='ltr'>lapsu</span> <span class='ocrx_word' id='word_1_158' title='bbox 1206 1788 1270 1820; x_wconf 80' lang='lat' dir='ltr'>pro</span> <span class='ocrx_word' id='word_1_159' title='bbox 1292 1778 1410 1811; x_wconf 81' lang='lat' dir='ltr'>dacem</span> <span class='ocrx_word' id='word_1_160' title='bbox 1432 1777 1476 1811; x_wconf 89' lang='lat' dir='ltr'>ab</span> <span class='ocrx_word' id='word_1_161' title='bbox 1499 1775 1670 1811; x_wconf 80' lang='lat' dir='ltr'>Arusiano</span> <span class='ocrx_word' id='word_1_162' title='bbox 1692 1785 1766 1809; x_wconf 71' lang='lat' dir='ltr'>ense</span> 
     </span>
     <span class='ocr_line' id='line_1_21' title="bbox 402 1835 1763 1881; baseline -0.001 -13"><span class='ocrx_word' id='word_1_163' title='bbox 402 1835 579 1878; x_wconf 77' lang='lat' dir='ltr'>scriptum.</span> <span class='ocrx_word' id='word_1_164' title='bbox 627 1835 696 1869; x_wconf 83' lang='lat' dir='ltr'>Sed</span> <span class='ocrx_word' id='word_1_165' title='bbox 719 1837 893 1880; x_wconf 64' lang='lat' dir='ltr'>ludificari</span> <span class='ocrx_word' id='word_1_166' title='bbox 915 1837 1064 1870; x_wconf 79' lang='lat' dir='ltr'>formam</span> <span class='ocrx_word' id='word_1_167' title='bbox 1086 1847 1153 1870; x_wconf 87' lang='lat' dir='ltr'>nou</span> <span class='ocrx_word' id='word_1_168' title='bbox 1177 1836 1331 1871; x_wconf 76' lang='lat' dir='ltr'>dubitavi</span> <span class='ocrx_word' id='word_1_169' title='bbox 1354 1847 1417 1881; x_wconf 83' lang='lat' dir='ltr'>pro</span> <span class='ocrx_word' id='word_1_170' title='bbox 1439 1835 1554 1870; x_wconf 84' lang='lat' dir='ltr'>activo</span> <span class='ocrx_word' id='word_1_171' title='bbox 1577 1836 1763 1879; x_wconf 55' lang='lat' dir='ltr'>ludificare,</span> 
     </span>
     <span class='ocr_line' id='line_1_22' title="bbox 403 1895 1766 1939; baseline 0 -11"><span class='ocrx_word' id='word_1_172' title='bbox 403 1895 495 1937; x_wconf 83' lang='lat' dir='ltr'>quod</span> <span class='ocrx_word' id='word_1_173' title='bbox 518 1906 636 1929; x_wconf 77' lang='lat' dir='ltr'>omnes</span> <span class='ocrx_word' id='word_1_174' title='bbox 659 1897 757 1931; x_wconf 82' lang='lat' dir='ltr'>cmld.</span> <span class='ocrx_word' id='word_1_175' title='bbox 781 1901 914 1936; x_wconf 82' lang='lat' dir='ltr'>tenent,</span> <span class='ocrx_word' id='word_1_176' title='bbox 937 1895 1096 1930; x_wconf 75' lang='lat' dir='ltr'>Arusiani</span> <span class='ocrx_word' id='word_1_177' title='bbox 1118 1896 1319 1930; x_wconf 84' lang='lat' dir='ltr'>auctoritate</span> <span class='ocrx_word' id='word_1_178' title='bbox 1340 1906 1523 1939; x_wconf 79' lang='lat' dir='ltr'>reponere,</span> <span class='ocrx_word' id='word_1_179' title='bbox 1552 1905 1656 1938; x_wconf 81' lang='lat' dir='ltr'>quam</span> <span class='ocrx_word' id='word_1_180' title='bbox 1683 1905 1766 1928; x_wconf 88' lang='lat' dir='ltr'>con-</span> 
     </span>
     <span class='ocr_line' id='line_1_23' title="bbox 404 1953 1763 1999; baseline 0.001 -13"><span class='ocrx_word' id='word_1_181' title='bbox 404 1954 521 1987; x_wconf 80' lang='lat' dir='ltr'>firmat</span> <span class='ocrx_word' id='word_1_182' title='bbox 542 1953 662 1988; x_wconf 77' lang='lat' dir='ltr'>Taciti</span> <span class='ocrx_word' id='word_1_183' title='bbox 684 1956 801 1997; x_wconf 80' lang='lat' dir='ltr'>locus,</span> <span class='ocrx_word' id='word_1_184' title='bbox 834 1968 876 1990; x_wconf 81' lang='lat' dir='ltr'>ex</span> <span class='ocrx_word' id='word_1_185' title='bbox 898 1957 967 1989; x_wconf 86' lang='lat' dir='ltr'>hoc</span> <span class='ocrx_word' id='word_1_186' title='bbox 990 1955 1149 1990; x_wconf 82' lang='lat' dir='ltr'>Sallustii</span> <span class='ocrx_word' id='word_1_187' title='bbox 1171 1967 1365 1999; x_wconf 79' lang='lat' dir='ltr'>expressus,</span> <span class='ocrx_word' id='word_1_188' title='bbox 1395 1955 1529 1989; x_wconf 83' lang='lat' dir='ltr'>Annall.</span> <span class='ocrx_word' id='word_1_189' title='bbox 1551 1955 1620 1998; x_wconf 74' lang='lat'>111,</span> <span class='ocrx_word' id='word_1_190' title='bbox 1643 1954 1707 1996; x_wconf 78' lang='lat'>21,</span> <span class='ocrx_word' id='word_1_191' title='bbox 1730 1953 1763 1988; x_wconf 81' lang='grc'>3.</span> 
     </span>
     <span class='ocr_line' id='line_1_24' title="bbox 407 2013 1765 2060; baseline 0 -14"><span class='ocrx_word' id='word_1_192' title='bbox 407 2013 615 2056; x_wconf 75' lang='lat' dir='ltr'>Tacfarinas</span> <span class='ocrx_word' id='word_1_193' title='bbox 629 2016 794 2058; x_wconf 75' lang='lat' dir='ltr'>perculsis</span> <span class='ocrx_word' id='word_1_194' title='bbox 808 2015 966 2050; x_wconf 71' lang='lat' dir='ltr'>Numidis</span> <span class='ocrx_word' id='word_1_195' title='bbox 985 2021 1018 2051; x_wconf 89' lang='lat' dir='ltr'>et</span> <span class='ocrx_word' id='word_1_196' title='bbox 1035 2016 1166 2050; x_wconf 71' lang='lat' dir='ltr'>obsidia</span> <span class='ocrx_word' id='word_1_197' title='bbox 1189 2015 1449 2060; x_wconf 71' lang='lat' dir='ltr'>aspernantibus</span> <span class='ocrx_word' id='word_1_198' title='bbox 1470 2014 1608 2058; x_wconf 77' lang='lat' dir='ltr'>spargit</span> <span class='ocrx_word' id='word_1_199' title='bbox 1629 2014 1765 2054; x_wconf 74' lang='lat' dir='ltr'>bellum,</span> 
     </span>
     <span class='ocr_line' id='line_1_25' title="bbox 405 2074 1767 2118; baseline -0.001 -10"><span class='ocrx_word' id='word_1_200' title='bbox 405 2074 478 2108; x_wconf 78' lang='lat' dir='ltr'>ubi</span> <span class='ocrx_word' id='word_1_201' title='bbox 502 2075 762 2109; x_wconf 77' lang='lat' dir='ltr'>instaretur</span> <span class='ocrx_word' id='word_1_202' title='bbox 786 2075 966 2117; x_wconf 77' lang='lat' dir='ltr'>cedens,</span> <span class='ocrx_word' id='word_1_203' title='bbox 989 2087 1038 2110; x_wconf 84' lang='lat' dir='ltr'>ac</span> <span class='ocrx_word' id='word_1_204' title='bbox 1059 2087 1230 2110; x_wconf 78' lang='lat' dir='ltr'>rursum</span> <span class='ocrx_word' id='word_1_205' title='bbox 1252 2075 1297 2108; x_wconf 78' lang='lat' dir='ltr'>in</span> <span class='ocrx_word' id='word_1_206' title='bbox 1323 2079 1463 2118; x_wconf 78' lang='lat' dir='ltr'>terga</span> <span class='ocrx_word' id='word_1_207' title='bbox 1482 2084 1708 2114; x_wconf 67' lang='lat' dir='ltr'>remeansf</span> <span class='ocrx_word' id='word_1_208' title='bbox 1733 2078 1767 2106; x_wconf 84' lang='lat' dir='ltr'>et</span> 
     </span>
     <span class='ocr_line' id='line_1_26' title="bbox 407 2133 1766 2178; baseline -0.001 -11"><span class='ocrx_word' id='word_1_209' title='bbox 407 2135 488 2168; x_wconf 82' lang='lat' dir='ltr'>dum</span> <span class='ocrx_word' id='word_1_210' title='bbox 511 2146 554 2168; x_wconf 85' lang='lat' dir='ltr'>ea</span> <span class='ocrx_word' id='word_1_211' title='bbox 575 2133 664 2169; x_wconf 82' lang='lat' dir='ltr'>ratio</span> <span class='ocrx_word' id='word_1_212' title='bbox 687 2134 833 2167; x_wconf 75' lang='lat' dir='ltr'>barbaro</span> <span class='ocrx_word' id='word_1_213' title='bbox 849 2134 943 2177; x_wconf 82' lang='lat' dir='ltr'>fuit,</span> <span class='ocrx_word' id='word_1_214' title='bbox 966 2135 1100 2169; x_wconf 78' lang='lat' dir='ltr'>irritum</span> <span class='ocrx_word' id='word_1_215' title='bbox 1116 2137 1311 2178; x_wconf 79' lang='lat' dir='ltr'>fessumque</span> <span class='ocrx_word' id='word_1_216' title='bbox 1326 2133 1519 2167; x_wconf 79' lang='lat' dir='ltr'>Romanum</span> <span class='ocrx_word' id='word_1_217' title='bbox 1540 2134 1675 2178; x_wconf 75' lang='lat' dir='ltr'>impunc</span> <span class='ocrx_word' id='word_1_218' title='bbox 1699 2134 1766 2166; x_wconf 81' lang='lat' dir='ltr'>lu-</span> 
     </span>
     <span class='ocr_line' id='line_1_27' title="bbox 408 2195 706 2238; baseline -0.007 -10"><span class='ocrx_word' id='word_1_219' title='bbox 408 2195 706 2238; x_wconf 76' lang='lat' dir='ltr'>dificabatur.</span> 
     </span>
    </p>

    <p class='ocr_par' dir='ltr' id='par_1_5' title="bbox 408 2251 1768 2774">
     <span class='ocr_line' id='line_1_28' title="bbox 498 2251 1767 2297; baseline 0 -13"><span class='ocrx_word' id='word_1_220' title='bbox 498 2253 531 2297; x_wconf 72' lang='lat'>§-</span> <span class='ocrx_word' id='word_1_221' title='bbox 545 2252 579 2287; x_wconf 77' lang='lat'>3.</span> <span class='ocrx_word' id='word_1_222' title='bbox 602 2256 638 2286; x_wconf 88' lang='lat' dir='ltr'>et</span> <span class='ocrx_word' id='word_1_223' title='bbox 658 2251 692 2285; x_wconf 85' lang='lat'>4.</span> <span class='ocrx_word' id='word_1_224' title='bbox 738 2253 824 2296; x_wconf 81' lang='lat' dir='ltr'>tum]</span> <span class='ocrx_word' id='word_1_225' title='bbox 848 2253 950 2286; x_wconf 83' lang='lat' dir='ltr'>Hanc</span> <span class='ocrx_word' id='word_1_226' title='bbox 973 2252 1178 2297; x_wconf 82' lang='lat' dir='ltr'>particulam</span> <span class='ocrx_word' id='word_1_227' title='bbox 1195 2252 1400 2287; x_wconf 78' lang='lat' dir='ltr'>Gerlachius</span> <span class='ocrx_word' id='word_1_228' title='bbox 1421 2262 1631 2296; x_wconf 79' lang='lat' dir='ltr'>quamquam</span> <span class='ocrx_word' id='word_1_229' title='bbox 1654 2251 1767 2295; x_wconf 72' lang='lat' dir='ltr'>positu</span> 
     </span>
     <span class='ocr_line' id='line_1_29' title="bbox 408 2311 1766 2356; baseline -0.001 -10"><span class='ocrx_word' id='word_1_230' title='bbox 408 2312 546 2347; x_wconf 77' lang='lat' dir='ltr'>insolito</span> <span class='ocrx_word' id='word_1_231' title='bbox 570 2313 614 2346; x_wconf 82' lang='lat' dir='ltr'>ad</span> <span class='ocrx_word' id='word_1_232' title='bbox 632 2315 734 2356; x_wconf 62' lang='lat' dir='ltr'>suere</span> <span class='ocrx_word' id='word_1_233' title='bbox 755 2313 972 2346; x_wconf 82' lang='lat' dir='ltr'>referendam</span> <span class='ocrx_word' id='word_1_234' title='bbox 995 2312 1098 2354; x_wconf 75' lang='lat' dir='ltr'>(licit3</span> <span class='ocrx_word' id='word_1_235' title='bbox 1130 2314 1187 2346; x_wconf 80' lang='lat' dir='ltr'>sed</span> <span class='ocrx_word' id='word_1_236' title='bbox 1219 2313 1248 2347; x_wconf 78' lang='lat' dir='ltr'>si</span> <span class='ocrx_word' id='word_1_237' title='bbox 1279 2313 1361 2347; x_wconf 88' lang='lat' dir='ltr'>licet</span> <span class='ocrx_word' id='word_1_238' title='bbox 1381 2313 1492 2347; x_wconf 82' lang='lat' dir='ltr'>verba</span> <span class='ocrx_word' id='word_1_239' title='bbox 1513 2313 1564 2347; x_wconf 88' lang='lat' dir='ltr'>ita</span> <span class='ocrx_word' id='word_1_240' title='bbox 1586 2311 1766 2351; x_wconf 80' lang='lat' dir='ltr'>collocare,</span> 
     </span>
     <span class='ocr_line' id='line_1_30' title="bbox 408 2371 1767 2417; baseline 0 -10"><span class='ocrx_word' id='word_1_241' title='bbox 408 2373 563 2417; x_wconf 73' lang='lat' dir='ltr'>profecto</span> <span class='ocrx_word' id='word_1_242' title='bbox 583 2372 687 2407; x_wconf 85' lang='lat' dir='ltr'>licent</span> <span class='ocrx_word' id='word_1_243' title='bbox 710 2371 836 2406; x_wconf 87' lang='lat' dir='ltr'>omnia.</span> <span class='ocrx_word' id='word_1_244' title='bbox 881 2372 1005 2407; x_wconf 84' lang='lat' dir='ltr'>Paullo</span> <span class='ocrx_word' id='word_1_245' title='bbox 1035 2372 1158 2407; x_wconf 76' lang='lat' dir='ltr'>melius</span> <span class='ocrx_word' id='word_1_246' title='bbox 1182 2372 1320 2407; x_wconf 67' lang='lat' dir='ltr'>Cottius</span> <span class='ocrx_word' id='word_1_247' title='bbox 1350 2375 1384 2407; x_wconf 83' lang='lat' dir='ltr'>et</span> <span class='ocrx_word' id='word_1_248' title='bbox 1405 2373 1517 2411; x_wconf 69' lang='lat' dir='ltr'>Faber</span> <span class='ocrx_word' id='word_1_249' title='bbox 1538 2376 1612 2416; x_wconf 67' lang='lat' dir='ltr'>tmn</span> <span class='ocrx_word' id='word_1_250' title='bbox 1631 2374 1767 2409; x_wconf 66' lang='lat' dir='ltr'>censent</span> 
     </span>
     <span class='ocr_line' id='line_1_31' title="bbox 410 2430 1768 2478; baseline -0.002 -13"><span class='ocrx_word' id='word_1_251' title='bbox 410 2432 454 2466; x_wconf 80' lang='lat' dir='ltr'>ad</span> <span class='ocrx_word' id='word_1_252' title='bbox 479 2433 720 2478; x_wconf 64' lang='lat' dir='ltr'>existumarent</span> <span class='ocrx_word' id='word_1_253' title='bbox 752 2434 924 2476; x_wconf 79' lang='lat' dir='ltr'>spectare3</span> <span class='ocrx_word' id='word_1_254' title='bbox 956 2432 1015 2466; x_wconf 81' lang='lat' dir='ltr'>sed</span> <span class='ocrx_word' id='word_1_255' title='bbox 1045 2432 1212 2466; x_wconf 79' lang='lat' dir='ltr'>sententia</span> <span class='ocrx_word' id='word_1_256' title='bbox 1240 2443 1351 2475; x_wconf 84' lang='lat' dir='ltr'>aeque</span> <span class='ocrx_word' id='word_1_257' title='bbox 1381 2442 1423 2466; x_wconf 85' lang='lat' dir='ltr'>ae</span> <span class='ocrx_word' id='word_1_258' title='bbox 1450 2431 1642 2474; x_wconf 79' lang='lat' dir='ltr'>particulae</span> <span class='ocrx_word' id='word_1_259' title='bbox 1671 2430 1768 2463; x_wconf 77' lang='lat' dir='ltr'>locus</span> 
     </span>
     <span class='ocr_line' id='line_1_32' title="bbox 410 2489 1767 2536; baseline -0.002 -11"><span class='ocrx_word' id='word_1_260' title='bbox 410 2490 569 2535; x_wconf 80' lang='lat' dir='ltr'>flagitat,</span> <span class='ocrx_word' id='word_1_261' title='bbox 599 2496 638 2526; x_wconf 88' lang='lat' dir='ltr'>ut</span> <span class='ocrx_word' id='word_1_262' title='bbox 658 2497 731 2526; x_wconf 80' lang='lat' dir='ltr'>tum</span> <span class='ocrx_word' id='word_1_263' title='bbox 752 2491 798 2525; x_wconf 83' lang='lat' dir='ltr'>ad</span> <span class='ocrx_word' id='word_1_264' title='bbox 819 2491 983 2535; x_wconf 77' lang='lat' dir='ltr'>ignarum</span> <span class='ocrx_word' id='word_1_265' title='bbox 1006 2493 1187 2534; x_wconf 71' lang='lat' dir='ltr'>referatur,</span> <span class='ocrx_word' id='word_1_266' title='bbox 1217 2503 1323 2536; x_wconf 89' lang='lat' dir='ltr'>quum</span> <span class='ocrx_word' id='word_1_267' title='bbox 1353 2492 1517 2536; x_wconf 77' lang='lat' dir='ltr'>posterior</span> <span class='ocrx_word' id='word_1_268' title='bbox 1538 2489 1654 2524; x_wconf 80' lang='lat' dir='ltr'>Albini</span> <span class='ocrx_word' id='word_1_269' title='bbox 1675 2489 1767 2524; x_wconf 85' lang='lat' dir='ltr'>ratio</span> 
     </span>
     <span class='ocr_line' id='line_1_33' title="bbox 409 2540 1767 2596; baseline 0 -14"><span class='ocrx_word' id='word_1_270' title='bbox 409 2554 601 2594; x_wconf 76' lang='lat' dir='ltr'>opponatur</span> <span class='ocrx_word' id='word_1_271' title='bbox 620 2553 791 2595; x_wconf 76' lang='lat' dir='ltr'>prioribus</span> <span class='ocrx_word' id='word_1_272' title='bbox 813 2551 887 2586; x_wconf 80' lang='lat' dir='ltr'>eius</span> <span class='ocrx_word' id='word_1_273' title='bbox 913 2551 1084 2594; x_wconf 72' lang='lat' dir='ltr'>consiliis,</span> <span class='ocrx_word' id='word_1_274' title='bbox 1119 2540 1288 2596; x_wconf 55' lang='lat' dir='ltr'>principio</span> <span class='ocrx_word' id='word_1_275' title='bbox 1320 2550 1402 2586; x_wconf 88' lang='lat' dir='ltr'>belli</span> <span class='ocrx_word' id='word_1_276' title='bbox 1423 2550 1527 2584; x_wconf 73' lang='lat' dir='ltr'>initis.</span> <span class='ocrx_word' id='word_1_277' title='bbox 1573 2551 1651 2584; x_wconf 84' lang='lat' dir='ltr'>Hoc</span> <span class='ocrx_word' id='word_1_278' title='bbox 1675 2548 1767 2583; x_wconf 90' lang='lat' dir='ltr'>enim</span> 
     </span>
     <span class='ocr_line' id='line_1_34' title="bbox 411 2610 1767 2656; baseline 0 -14"><span class='ocrx_word' id='word_1_279' title='bbox 411 2610 520 2644; x_wconf 80' lang='lat' dir='ltr'>voluit</span> <span class='ocrx_word' id='word_1_280' title='bbox 545 2610 745 2646; x_wconf 74' lang='lat' dir='ltr'>Sallustius:</span> <span class='ocrx_word' id='word_1_281' title='bbox 791 2613 945 2646; x_wconf 89' lang='lat' dir='ltr'>nonnulli</span> <span class='ocrx_word' id='word_1_282' title='bbox 977 2615 1136 2655; x_wconf 83' lang='lat' dir='ltr'>putarunt</span> <span class='ocrx_word' id='word_1_283' title='bbox 1165 2616 1243 2656; x_wconf 70' lang='lat' dir='ltr'>poet</span> <span class='ocrx_word' id='word_1_284' title='bbox 1264 2612 1392 2646; x_wconf 78' lang='lat' dir='ltr'>multas</span> <span class='ocrx_word' id='word_1_285' title='bbox 1413 2621 1467 2644; x_wconf 77' lang='lat' dir='ltr'>res</span> <span class='ocrx_word' id='word_1_286' title='bbox 1489 2610 1585 2644; x_wconf 84' lang='lat' dir='ltr'>nullo</span> <span class='ocrx_word' id='word_1_287' title='bbox 1607 2619 1767 2644; x_wconf 79' lang='lat' dir='ltr'>successu</span> 
     </span>
     <span class='ocr_line' id='line_1_35' title="bbox 411 2669 1768 2717; baseline -0.001 -13"><span class='ocrx_word' id='word_1_288' title='bbox 411 2680 433 2704; x_wconf 81' lang='lat' dir='ltr'>a</span> <span class='ocrx_word' id='word_1_289' title='bbox 455 2670 594 2704; x_wconf 83' lang='lat' dir='ltr'>consule</span> <span class='ocrx_word' id='word_1_290' title='bbox 614 2674 728 2715; x_wconf 76' lang='lat' dir='ltr'>gestas</span> <span class='ocrx_word' id='word_1_291' title='bbox 751 2683 829 2705; x_wconf 85' lang='lat' dir='ltr'>eum</span> <span class='ocrx_word' id='word_1_292' title='bbox 853 2673 922 2706; x_wconf 87' lang='lat' dir='ltr'>iam</span> <span class='ocrx_word' id='word_1_293' title='bbox 943 2684 1010 2706; x_wconf 81' lang='grc' dir='ltr'>ποπ</span> <span class='ocrx_word' id='word_1_294' title='bbox 1033 2673 1179 2717; x_wconf 79' lang='lat' dir='ltr'>amplias</span> <span class='ocrx_word' id='word_1_295' title='bbox 1193 2671 1383 2716; x_wconf 81' lang='lat' dir='ltr'>Iugurthae</span> <span class='ocrx_word' id='word_1_296' title='bbox 1404 2670 1609 2704; x_wconf 84' lang='lat' dir='ltr'>deditionem</span> <span class='ocrx_word' id='word_1_297' title='bbox 1631 2669 1768 2703; x_wconf 76' lang='lat' dir='ltr'>officere</span> 
     </span>
     <span class='ocr_line' id='line_1_36' title="bbox 412 2728 1765 2774; baseline 0 -14"><span class='ocrx_word' id='word_1_298' title='bbox 412 2728 582 2772; x_wconf 77' lang='lat' dir='ltr'>voluisse,</span> <span class='ocrx_word' id='word_1_299' title='bbox 613 2730 679 2763; x_wconf 81' lang='lat' dir='ltr'>sed·</span> <span class='ocrx_word' id='word_1_300' title='bbox 702 2731 747 2764; x_wconf 81' lang='lat' dir='ltr'>ab</span> <span class='ocrx_word' id='word_1_301' title='bbox 778 2731 840 2764; x_wconf 83' lang='lat' dir='ltr'>illo</span> <span class='ocrx_word' id='word_1_302' title='bbox 873 2735 1072 2774; x_wconf 81' lang='lat' dir='ltr'>corruptum</span> <span class='ocrx_word' id='word_1_303' title='bbox 1106 2731 1196 2765; x_wconf 85' lang='lat' dir='ltr'>clam</span> <span class='ocrx_word' id='word_1_304' title='bbox 1230 2730 1262 2764; x_wconf 90' lang='lat' dir='ltr'>ei</span> <span class='ocrx_word' id='word_1_305' title='bbox 1293 2729 1437 2770; x_wconf 77' lang='lat' dir='ltr'>favisse,</span> <span class='ocrx_word' id='word_1_306' title='bbox 1470 2739 1512 2763; x_wconf 82' lang='lat' dir='ltr'>ae</span> <span class='ocrx_word' id='word_1_307' title='bbox 1534 2730 1611 2763; x_wconf 71' lang='lat' dir='ltr'>dola</span> <span class='ocrx_word' id='word_1_308' title='bbox 1633 2728 1765 2762; x_wconf 82' lang='lat' dir='ltr'>bellum</span> 
     </span>
    </p>
   </div>
  </div>
 </body>
</html>
