1826 3276
429 154 792 202 IUGURTHA.
826 153 955 198 CAP.
987 153 1150 197 XVIII.
1409 156 1492 197 1⁰9
1549 194 1552 197 Α

94 276 191 324 Sed
225 281 470 339 postquam
509 276 554 320 iu
589 272 811 334 Hispania
843 271 1088 331 HerculeS,
1125 271 1252 315 sicuti
1279 270 1380 316 Afri
1405 279 1533 334 pu-3

89 381 211 432 tant,
261 374 450 430 interiit,
499 372 717 419 exercitus
769 371 884 428 eius,
941 369 1216 430 compositus
1262 383 1317 414 ex
1361 371 1492 416 variis

90 473 326 534 gentibus,
361 461 539 517 amisso⁴
561 470 677 515 duce
713 484 767 514 ac
802 468 970 530 passim
997 467 1147 512 multis
1183 466 1266 512 sibi
1302 469 1491 531 quisque

88 625 171 672 gari
203 624 452 661 consuetudine
475 625 618 671 quisque
641 623 696 658 ita
717 624 930 667 usurpetur,
962 624 1002 656 ut
1024 621 1058 655 ei
1081 613 1324 666 praedicatum
1347 623 1496 668 pluralis

87 686 228 722 numeri
250 689 391 732 aptetur
426 686 481 731 (v.
507 686 552 720 ad
576 684 679 720 Catil.
705 684 789 726 Vll,
812 683 888 727 1.),
912 693 1101 727 progressa
1123 683 1325 727 paullulum
1348 683 1494 720 licentia

87 749 224 785 factum
247 737 320 790 est,
343 750 384 782 ut
407 747 476 782 boc
499 756 694 793 pronomen
717 744 874 780 subiecto
896 744 1044 788 pluralis
1067 744 1206 778 numeri
1229 745 1330 788 quasi
1350 746 1495 790 apposi-

87 809 195 846 tionis
214 808 253 844 vi
275 808 482 850 adderetur,
506 806 567 842 sed
590 806 662 850 ita,
685 809 723 841 ut
747 805 963 841 relicuorum
986 805 1180 840 verborum
1212 808 1390 842 structura
1421 818 1492 843 uon

86 871 381 916 comprehensum
420 871 591 913 tanquam
630 868 813 903 absolutae
843 865 1100 902 enunciationis
1132 866 1243 902 instar
1275 871 1388 910 esset,
1421 879 1493 912 qua

85 931 224 970 «licendi
261 930 398 966 ratione
428 928 547 964 Latini
585 932 731 964 utuntur
776 929 822 964 ad
856 928 1083 963 indicandum
1126 928 1222 963 idem
1262 939 1286 964 a
1331 929 1494 974 pluribus

86 999 244 1030 seorsum
274 992 374 1035 fieri,
408 1001 445 1028 v,
476 991 634 1036 Herzog.
666 992 712 1026 ad
744 991 850 1026 Catil.
879 990 1014 1032 xmu,
1049 990 1083 1024 1.
1107 1001 1144 1035 p.
1166 988 1249 1026 219.
1272 990 1414 1026 collatis
1435 990 1494 1033 iis,

86 1065 178 1100 quae
208 1063 319 1100 supra
352 1051 598 1089 annotavimus
629 1052 676 1087 ad
705 1063 737 1087 c.
763 1052 810 1095 1,'
830 1052 866 1087 4.
889 1053 986 1087 Infra
1009 1052 1103 1087 Lvn
1117 1077 1128 1094 ‚
1148 1050 1183 1086 4.
1208 1051 1407 1086 Romam·
1427 1063 1493 1098 pro

86 1116 231 1163 ingenio
245 1115 438 1161 quisque
453 1125 539 1159 pars
560 1113 929 1159 eminuspugnare.
953 1113 1094 1156 LVIII,
1115 1112 1149 1148 2.
1182 1118 1223 1148 ut
1247 1114 1400 1149 nostri
1426 1114 1493 1149 sibi

87 1178 357 1224 quiaquepro
374 1175 523 1210 moribus
548 1176 816 1210 consulunt.
851 1175 1119 1210 Drakenborch.
1152 1174 1197 1209 ad
1222 1174 1300 1210 Liv.
1325 1175 1408 1220 vll,
1433 1174 1494 1217 19,

85 1239 121 1277 2.
143 1239 195 1275 ld.
216 1239 270 1282 11,
293 1237 360 1280 12,
375 1236 433 1273 16.
458 1236 635 1279 ceteri,
658 1240 699 1271 ut
715 1236 838 1281 cuique
861 1236 1026 1271 ceciderit
1046 1237 1182 1282 primo,
1208 1247 1270 1271 suo
1298 1238 1398 1282 quis
1410 1249 1492 1284 que

85 1305 240 1346 tempore
258 1299 421 1334 aderunt.
446 1298 504 1341 11,
533 1298 581 1342 ⁸1,
604 1297 639 1332 1.
663 1297 790 1331 ambo
820 1297 1083 1340 exercitus,
1114 1297 1238 1332 Veiens
1258 1299 1494 1344 Tarquinien-

84 1362 220 1407 sisque,
254 1371 339 1396 suas
361 1351 573 1406 quisque
605 1359 744 1395 abirent
773 1359 903 1394 domos.
935 1358 1050 1401 XLV,
1084 1357 1154 1402 38,
1187 1359 1246 1394 14.
1279 1360 1309 1395 si
1336 1361 1413 1407 quis
1431 1372 1493 1395 vos

85 1416 303 1470 interroget,
336 1421 422 1468 quid
449 1421 633 1457 moremini
659 1421 738 1464 bic,
771 1426 807 1456 ct
833 1433 902 1456 non
930 1420 1008 1455 div
1023 1421 1119 1456 ersi
1149 1421 1267 1456 domos
1295 1422 1492 1468 quisque

86 1484 224 1520 abeatis
238 1487 388 1520 vestras.
410 1481 619 1527 Consimili,
644 1482 705 1517 sed
728 1482 894 1518 liberiore
918 1482 1024 1517 modo
1052 1482 1251 1518 Lechnerus
1283 1483 1374 1519 vidit
1400 1484 1492 1519 illud

85 1546 228 1592 quiaque
249 1544 363 1581 etiam
384 1542 553 1580 ablativis
568 1544 739 1580 absolutis
762 1543 986 1579 interiectum
1009 1555 1104 1586 esse,
1126 1543 1175 1579 ita
1198 1547 1256 1588 ut,
1285 1548 1403 1590 spreta
1426 1556 1491 1590 ap-

86 1607 270 1653 positionis
306 1608 412 1653 lege‚
442 1605 559 1650 potius
590 1610 732 1650 rectae,
756 1617 863 1651 quam
887 1605 1026 1648 dicunt,
1052 1605 1223 1640 orationis
1246 1610 1411 1641 naturam
1436 1617 1493 1641 se-

86 1672 228 1714 quatur.
253 1669 347 1704 Nam
369 1667 400 1703 si
423 1671 547 1702 auctor
562 1667 722 1702 dixisset:
747 1679 852 1713 quum
872 1668 999 1702 amisso
1014 1667 1101 1702 duce
1118 1668 1252 1703 multi
1269 1668 1336 1702 sibi
1353 1668 1438 1714 qui
1449 1680 1494 1703 s-

87 1741 171 1775 que
187 1730 372 1775 imperium
387 1733 639 1775 peterent,
671 1728 751 1773 quis
774 1740 816 1763 eo
840 1728 1059 1764 offenderet?
1094 1728 1265 1764 Geminus
1288 1733 1341 1764 est
1367 1730 1494 1766 Iustini

16 1838 17 1841 Ἴ
86 1791 366 1833 locus,xxlx‚
390 1791 432 1834 1,
455 1790 490 1825 8.
516 1791 592 1825 his
614 1790 819 1836 regibus
848 1791 1029 1836 pueris,
1062 1792 1127 1826 etsi
1146 1791 1236 1826 nulli
1261 1791 1408 1826 senioris
1431 1803 1493 1827 ue-

87 1852 175 1888 tatis
199 1857 349 1887 rectores
374 1857 499 1898 erunt,
523 1853 698 1887 tamenin
723 1864 904 1887 suorum
927 1851 1119 1898 quisque
1141 1852 1313 1886 maiorum
1338 1853 1494 1899 vestigia

85 1914 377 1957 nitentibus,
409 1924 546 1960 magna
572 1914 706 1948 indoles
739 1914 883 1949 virtutis
913 1913 1051 1949 enituit.
1086 1914 1256 1948 Caussam
1293 1914 1494 1949 audacioris

85 1978 285 2011 structurae
315 1975 379 2010 bic
401 1975 499 2010 vides
531 1974 567 2010 in
599 1985 642 2009 eo
666 1974 817 2019 positam
833 1974 964 2019 fuisse,
989 1974 1084 2019 quod
1106 1974 1257 2019 scriptor
1280 1986 1406 2010 cavere
1429 1987 1494 2010 vo-

87 2036 202 2079 lebat,
225 2047 270 2071 ne
293 2047 426 2083 quoque
448 2047 514 2082 pro
537 2036 714 2081 particula
738 2036 958 2078 haberetur3
982 2047 1066 2070 nam
1090 2036 1279 2081 quominus
1302 2038 1494 2084 quibusque

85 2097 299 2134 scriberetur
320 2099 366 2133 ad
388 2098 604 2144 pronominis
628 2109 748 2133 casum
773 2098 878 2133 alteri
903 2098 1038 2133 nomini
1073 2099 1297 2143 aequandum
1331 2103 1494 2135 constans

87 2159 204 2195 obstat
234 2159 428 2206 singularis
458 2161 596 2196 numeri
631 2160 670 2195 in
703 2159 772 2193 hoc
803 2159 1011 2203 pronomine
1050 2171 1146 2195 usus.
1205 2160 1362 2196 Ulterius
1384 2161 1494 2197 etiam

86 2220 256 2266 processit
287 2221 430 2266 Livius,
463 2222 524 2267 qui
554 2223 642 2258 adeo
674 2219 839 2266 passivae
870 2221 1114 2257 ablativorum
1146 2222 1271 2257 absoll.
1293 2227 1494 2258 structurae

87 2283 230 2328 quisque
261 2281 400 2327 intulit,
445 2284 509 2319 ubi
540 2293 737 2330 pronomen
767 2293 838 2317 non
872 2282 945 2318 alio
978 2284 1108 2328 modo,
1151 2283 1221 2318 nisi
1252 2282 1423 2318 sententia
1455 2283 1492 2317 iu

88 2343 244 2382 activum
267 2348 418 2388 mutata,
439 2346 601 2380 excusari
623 2346 748 2391 potest.
778 2343 896 2379 Verba
919 2349 999 2380 suut
1022 2346 1133 2380 haec:
1152 2345 1250 2388 XXI,
1275 2344 1334 2388 45,
1357 2343 1391 2379 9.
1416 2349 1492 2379 tum

85 2413 168 2441 uero
191 2416 370 2449 omnes,
391 2407 487 2442 velut
511 2407 612 2442 Diis
635 2405 930 2450 auctoribus,
953 2407 991 2441 in
1022 2419 1118 2452 spem
1153 2417 1254 2441 suam
1291 2406 1492 2452 quisque

87 2467 317 2513 acceptis,
339 2466 380 2502 id
396 2479 532 2510 morae,
558 2469 649 2514 quod
664 2467 817 2501 nondum
833 2474 1039 2514 pugnarent
1051 2494 1062 2511 ‚
1087 2469 1136 2504 ad
1155 2469 1326 2513 potienda
1342 2473 1491 2514 sperata

86 2529 179 2572 rati,
211 2529 382 2574 proelium
407 2541 475 2563 uno
502 2530 619 2564 animo
646 2534 680 2565 ct
709 2541 792 2564 voce
819 2543 893 2566 unu
916 2536 1074 2576 poscunt.
1112 2529 1206 2565 Livii
1237 2529 1347 2563 menti
1370 2533 1492 2564 autem

86 2590 359 2626 obversabatur:
382 2602 495 2636 quos
518 2591 717 2636 quisque
744 2592 781 2627 in
805 2604 900 2638 spem
919 2603 1020 2627 suam
1049 2602 1185 2637 accep
1199 2596 1317 2626 erat.
1334 2611 1381 2616 —
1398 2591 1491 2626 Pus-

87 2654 152 2689 sim
183 2652 343 2700 Longius
372 2652 490 2696 inepte
522 2651 677 2697 explicat
705 2653 846 2688 divisim
877 2665 939 2689 seu
973 2654 1065 2687 inter
1099 2664 1149 2687 se·
1169 2653 1343 2688 discordes
1352 2665 1366 2694 ‚·
1395 2658 1491 2688 recte

86 2712 248 2753 Cottius:
282 2714 393 2748 variis
420 2714 524 2756 locis,
560 2725 672 2759 neque
704 2714 849 2758 ordine,
888 2715 970 2750 coll.
992 2715 1092 2750 Mela
1125 2715 1164 2758 1,
1200 2715 1234 2750 8.
1258 2716 1413 2759 passim,
1438 2726 1488 2748 ac

86 2775 192 2810 sine
215 2775 324 2821 lege
346 2775 506 2820 dispersi.
531 2774 633 2810 Brut.
658 2774 693 2810 in
719 2775 791 2811 Cic.
817 2776 908 2822 Epp.
934 2776 977 2812 ad
1000 2776 1141 2815 Famm.
1168 2777 1238 2818 XI,
1263 2777 1332 2818 13,
1358 2776 1394 2812 4.
1429 2777 1487 2810 ille
