1826 3276
1379 11 1396 37 1

393 159 477 201 354
755 153 800 196 G.
831 146 1149 196 SALLUSTI
1179 153 1392 198 GRISPI

361 270 529 319 3Hunc
563 267 732 311 Marius
757 267 940 310 -anxium
970 267 1229 328 aggreditur
1261 274 1392 327 atque
1424 255 1646 327 hor‘tatur,
1680 270 1743 313 uti

396 361 755 408 contumeliarum
797 362 1070 421 imperatoris
1118 377 1218 406 cum
1253 377 1331 407 suo
1375 364 1532 407 uuxilio
1577 379 1743 423 poenas

396 462 544 519 petat3
571 455 798 500 hominem
831 457 890 501 ob
925 458 1102 502 morbos
1138 458 1280 501 animo
1309 472 1467 517 parum
1499 457 1646 502 valido
1674 473 1745 503 se-

398 599 472 633 tivo
494 597 611 642 poni.“
657 597 756 641 Quae
777 608 882 641 quum
904 601 1003 632 acute
1025 602 1059 632 et
1082 609 1162 632 vere
1183 589 1274 632 dicta
1295 598 1363 632 sint
1385 598 1479 631 haud
1501 597 1605 631 dubie
1625 596 1652 631 ii
1673 607 1746 632 seu-

397 658 504 700 tient,
527 657 587 702 qui
609 656 685 701 pari
708 660 810 700 utque
834 657 1040 692 Gerlachius
1061 657 1192 702 ingenii
1213 657 1371 692 acumine
1393 658 1533 701 pollent.
1550 675 1596 682 —
1619 658 1670 691 Do
1694 667 1749 692 ra-

398 719 490 754 tione
512 715 700 752 accusativi
723 717 888 751 satellites
910 728 943 750 v.
966 718 1010 751 ud
1035 729 1063 751 c.
1087 718 1175 759 cm,
1198 717 1235 756 1.,

487 781 519 821 §.
542 777 577 814 3.
621 776 761 810 anxium
784 777 1004 821 aggreditur]
1032 778 1177 810 Anxium
1198 787 1266 810 uon
1287 779 1338 810 est
1359 776 1547 816 timentem,
1561 774 1621 809 sed
1634 774 1751 809 animo

398 839 442 872 ob
462 837 648 878 iniuriam,
671 842 740 879 qua
763 846 800 869 se
834 836 998 870 affectum
1023 837 1183 880 putabat,
1217 839 1426 870 commotum
1451 846 1492 868 uc
1513 835 1613 868 valde
1635 838 1751 878 portu—

397 897 539 939 batum,
562 894 812 939 ulciscendique
834 895 976 930 consilia
998 899 1212 937 moventem3
1236 895 1283 929 cf.
1304 906 1333 929 c.
1349 894 1410 936 Xl,
1428 893 1461 929 8.
1483 893 1543 937 qui
1562 894 1659 959 Ιοψ
1681 893 1752 929 vim

401 955 563 990 vocabuli
584 956 670 989 benc
692 954 861 996 illustrat3
891 955 931 988 it.
955 967 984 989 c.
1009 955 1191 999 LXXXII,
1212 954 1247 989 3.
1279 953 1339 987 ubi
1361 954 1540 995 Metellus,
1563 953 1687 988 nuncio
1711 953 1765 987 de·

397 1015 504 1049 Marii
526 1015 706 1049 consulatu
728 1013 855 1048 mirum
878 1014 914 1048 in
937 1015 1077 1048 modum
1098 1014 1315 1057 perturbatus
1336 1016 1370 1046 et
1391 1013 1621 1053 excruciatus,
1651 1012 1754 1047 istam

399 1086 473 1109 rem
506 1075 638 1108 auxie
669 1074 785 1107 tulisse
818 1074 951 1108 dicitur.
985 1074 1060 1108 Liv.
1083 1073 1200 1114 XXV,
1222 1072 1290 1114 4⁰,
1320 1071 1377 1105 12.
1424 1071 1550 1106 Hanno
1579 1071 1650 1106 iam
1673 1076 1755 1106 ante

401 1135 510 1168 unxi
518 1145 567 1168 us
590 1133 706 1178 gloria
730 1133 812 1167 eius.
834 1152 879 1160 —
903 1134 1118 1179 Aggreditur
1141 1132 1261 1176 explic.
1284 1131 1328 1165 ad
1353 1143 1383 1166 c.
1405 1132 1523 1172 xlm,
1546 1131 1580 1167 4.
1600 1148 1644 1156 -
1667 1131 1755 1166 Gon-

400 1195 625 1230 tnmeliarum.
648 1194 862 1236 imperatoris
891 1197 999 1227 exstet
1028 1193 1064 1226 in
1096 1192 1237 1226 Balliol.
1268 1191 1345 1225 Vin.
1367 1192 1402 1226 2.
1438 1191 1552 1225 Guelt.
1584 1190 1618 1224 1.
1649 1190 1685 1225 3.
1721 1190 1755 1224 4.

401 1254 506 1288 Rern.
530 1254 563 1287 1.
588 1252 622 1286 3.
647 1253 756 1286 Paris.
780 1265 810 1287 c.
832 1264 864 1286 x.
910 1253 1028 1297 Longe
1061 1251 1202 1296 plurimi
1235 1262 1318 1285 vero
1344 1252 1472 1285 habent
1495 1254 1582 1284 cont.
1605 1250 1756 1294 impera-

401 1319 466 1348 tor
480 1314 515 1356 i,
531 1312 600 1347 -fllii
623 1316 711 1346 cont.
736 1313 975 1356 imperatore,
1006 1311 1068 1346 alii
1099 1315 1187 1346 cont.
1210 1311 1495 1355 imperatorem,
1525 1308 1588 1343 ulii
1611 1309 1756 1352 deniquo

401 1378 488 1407 cont.
520 1372 566 1405 iu
596 1372 857 1415 imperatorem,
880 1372 970 1415 quod
991 1375 1026 1405 et
1049 1375 1130 1405 ante
1152 1369 1307 1404 Cortium
1329 1369 1365 1402 in
1389 1372 1483 1404 textu
1505 1367 1590 1410 t’uit,
1623 1371 1659 1403 et
1679 1371 1757 1412 post

402 1443 480 1466 eum
503 1441 526 1465 a
548 1430 739 1472 nonnullis,
761 1432 856 1465 velut
879 1442 902 1465 a
923 1431 1110 1473 Muellero,
1134 1430 1251 1464 Fabro
1274 1430 1309 1462 et
1330 1427 1460 1461 Weisio
1490 1428 1672 1471 repetitum
1695 1432 1761 1462 est.

401 1492 472 1527 Sed
504 1490 685 1535 quominus
716 1490 783 1524 hoc
815 1501 936 1524 verum
960 1489 1169 1532 iudicemus,
1200 1488 1283 1523 licet
1304 1487 1424 1522 Livius
1446 1487 1571 1522 dixerit
1591 1489 1619 1530 1,
1640 1487 1699 1531 23,
1722 1487 1757 1523 4.

406 1551 542 1591 Tullus,
567 1549 705 1583 deorum
727 1561 851 1583 numen
874 1550 916 1583 in
943 1560 1060 1583 omne
1088 1537 1240 1582 nom'en
1263 1548 1432 1589 Albanum
1455 1548 1758 1592 expetiturum

401 1619 574 1654 poenus
597 1608 778 1648 dictitans,
799 1608 836 1641 in
859 1618 986 1652 ugrum
1010 1609 1178 1642 Albanum
1199 1608 1336 1652 pergit,
1359 1607 1468 1641 multu
1490 1607 1636 1642 obstant.
1681 1606 1759 1642 Pri-

403 1679 500 1702 mum
526 1667 600 1711 ipsa
622 1670 814 1701 structurae
842 1666 1023 1701 insolentia
1045 1677 1107 1701 nos
1129 1669 1245 1700 movet
1268 1665 1505 1709 aliquantum
1537 1669 1612 1701 tum
1633 1667 1757 1701 verbo-
1785 1704 1791 1709 ,

401 1739 482 1764 rum
514 1726 696 1761 collocatio
728 1725 832 1760 nimis
863 1730 914 1761 est
935 1725 1170 1767 incommoda,
1199 1726 1325 1770 quippe
1347 1736 1436 1770 quoe
1457 1726 1500 1760 ud
1522 1725 1758 1770 coniungenda

404 1788 511 1822 verbu
534 1791 679 1821 contum.
703 1786 739 1819 in
769 1786 887 1830 imper.
921 1785 1045 1826 ducut3
1078 1785 1199 1819 deinde
1228 1785 1354 1831 exigua
1384 1786 1540 1835 codicum
1562 1785 1759 1827 auctoritas,

404 1847 464 1892 qui
485 1847 575 1881 hunc
595 1845 803 1889 scripturam
827 1845 975 1889 hubent,
1007 1855 1049 1879 ac
1071 1848 1262 1879 ceterorum
1285 1844 1514 1889 discrepantia
1533 1854 1656 1889 parum
1677 1844 1758 1878 fidei

404 1905 487 1940 huic
516 1904 659 1939 lectioni
686 1904 867 1946 conciliat3
905 1903 1050 1948 denique
1079 1905 1243 1940 orationis
1272 1904 1496 1949 perspicuitas
1519 1905 1670 1948 postulat
1691 1915 1757 1938 non

405 1965 494 1999 nude
525 1964 608 2008 poni
636 1965 844 1998 vocabulum
874 1963 1170 2006 contumeliarum,
1197 1965 1256 1999 sed
1285 1965 1404 2008 quoles
1433 1963 1516 1998 illue
1537 1963 1625 2006 sint,
1654 1967 1759 2012 uut'a

405 2035 472 2069 quo
495 2024 628 2064 factae,
661 2022 840 2058 declarari.
886 2024 985 2068 Quae
1005 2023 1223 2059 incommoda
1243 2035 1349 2068 quum
1377 2023 1494 2071 omniu
1512 2024 1678 2058 tolluntur
1697 2035 1759 2068 ge-

405 2084 513 2119 nitivo
534 2082 669 2127 posito,
700 2081 789 2124 quin.
805 2081 870 2116 istu
892 2082 1060 2126 scripture
1082 2094 1166 2117 veru
1185 2087 1274 2117 esset
1295 2095 1363 2117 non
1385 2082 1635 2125 dubitavimus,
1661 2094 1759 2127 prae-

405 2143 524 2178 sertim
555 2152 661 2186 quum
694 2144 809 2184 pateat
839 2151 882 2175 ex
916 2143 1036 2176 eadem
1067 2153 1184 2177 omnes
1212 2142 1368 2177 lectionis
1400 2141 1583 2177 varietates
1607 2142 1759 2177 fluxisse.

405 2204 495 2239 Num
515 2202 697 2236 nescientes
718 2200 852 2234 librarii
876 2203 982 2236 verbo,
1004 2203 1280 2238 contumeliarum
1303 2201 1598 2248 imp‘eratorie
1626 2201 1759 2247 signiti-

406 2274 484 2298 cnre
518 2267 666 2297 contum.
696 2261 749 2293 ab
783 2259 1070 2305 imperatore
1110 2263 1359 2297 illatarum
1390 2274 1438 2297 sc.
1473 2262 1634 2302 Gaudere,
1665 2261 1759 2296 varie

406 2326 615 2358 structuram
641 2319 803 2364 expedire
833 2321 949 2356 conati
971 2324 1058 2356 sunt.
1105 2322 1263 2356 Ceterum
1294 2322 1337 2356 de
1358 2321 1505 2356 duorum
1528 2320 1759 2366 genitivorum

407 2392 494 2422 usu,
523 2390 670 2424 quorum
692 2381 780 2414 ulter
800 2391 842 2414 ex
864 2381 973 2415 altero
995 2381 1143 2425 pendet,
1169 2382 1215 2415 cf.
1247 2391 1335 2425 quae
1355 2380 1503 2414 diximus
1523 2380 1568 2414 sd
1589 2390 1618 2412 c.
1644 2380 1757 2423 XXX,

407 2439 441 2475 3.
466 2440 563 2473 Adde
584 2439 697 2474 Beier.
719 2440 764 2478 ud
784 2439 854 2475 Cic.
877 2440 920 2474 de
943 2439 1014 2474 off.
1036 2441 1071 2483 1,
1095 2440 1161 2483 14,
1183 2440 1242 2476 43.
1270 2452 1307 2484 p.
1327 2439 1404 2474 107.
1434 2439 1692 2474 Drakenborch.
1714 2441 1758 2475 ud
1793 2441 1824 2457 ““

407 2499 486 2534 Liv.
507 2500 614 2540 XXV,
638 2498 694 2540 15,
718 2499 775 2533 11.
821 2500 955 2534 Atinius
975 2500 1089 2543 copias
1111 2501 1147 2534 in
1169 2501 1276 2535 aciem
1301 2500 1435 2541 educit,
1458 2499 1659 2533 hostium
1691 2499 1779 2533 in·-

409 2559 635 2592 sidiarum
673 2559 877 2603 ignarus.
911 2559 1094 2603 Wopkens.
1121 2561 1227 2594 Lectt.
1259 2558 1355 2593 Tull.
1389 2569 1423 2601 p.
1452 2556 1510 2592 89.
1533 2557 1598 2602 (p.
1623 2557 1680 2593 50.
1703 2559 1756 2592 ed.

407 2618 619 2662 Frotscher.)
645 2617 842 2652 Daehnium
875 2619 919 2652 ad
949 2618 1037 2662 Nep.
1068 2618 1161 2653 Milt.
1193 2619 1244 2653 111
1253 2643 1264 2659 ‚
1293 2618 1328 2653 1.
1366 2617 1528 2652 ottonem
1550 2618 1594 2652 ud
1615 2617 1687 2653 Cic.
1714 2617 1757 2652 do

407 2675 508 2710 Finn.
534 2678 560 2719 1,
583 2675 617 2719 5,
639 2676 693 2710 14.
718 2678 854 2722 Zumpt.
884 2679 959 2714 Lat.
983 2678 1139 2713 Gratum.
1171 2680 1204 2721 §-
1226 2677 1292 2718 73,
1315 2677 1347 2712 1.
1381 2680 1452 2712 not.
1477 2677 1510 2711 1.
1541 2688 1574 2721 p.
1597 2676 1677 2712 337.
1703 2677 1755 2711 ed.
