1826 3276
450 155 840 209 IUGURTRA„
881 150 1014 199 GAP.
1042 151 1140 197 CX.
1394 152 1479 196 591

56 310 59 314 -
91 292 218 324 sume
230 311 245 337 ,
289 282 444 332 utere3
480 282 526 321 et
560 274 715 336 quoad
748 274 893 331 vives,
935 285 1182 330 numquam
1214 269 1295 315 tibi
1326 268 1485 315 reddi-

38 388 45 395 ··
87 382 182 421 tam
215 375 409 437 gratiam
437 375 682 436 putaveris,
715 387 896 435 semper
922 370 1047 432 apud
1073 385 1150 416 me
1175 369 1352 430 integra
1377 367 1485 435 erit3

88 473 284 534 denique
325 473 460 531 nihil,
501 487 578 518 me
612 474 803 532 sciente,
845 472 1012 517 frustra
1045 467 1187 517 voles,
1254 466 1398 524 Nam,
1433 468 1520 512 ut5

87 636 164 672 Lat.
197 636 306 681 ampl.
329 620 409 671 vol.
442 636 488 671 11.
520 638 552 679 §-
576 635 659 671 198.
694 639 734 680 p.
759 633 840 670 144.
882 635 1096 670 laumannus
1128 633 1246 667 tamen
1270 630 1385 675 fuerit
1415 639 1483 675 pro

79 701 205 742 sutura
229 702 348 732 exacto
371 697 502 740 habet3
525 698 620 742 quod
642 698 817 742 quomodo
840 698 992 741 probare
1015 693 1124 740 possit
1146 704 1215 728 non
1247 703 1426 737 assequor.
1439 710 1480 718 —

84 759 157 794 Pro
188 770 271 804 qua
288 758 484 793 Muellerus
516 770 559 793 ex
592 759 714 793 Guelf.
745 757 780 795 4.
813 757 952 803 scripsit
982 758 1079 802 quia,
1109 755 1209 789 nulla
1232 754 1337 798 plane
1359 763 1486 788 mussa

85 819 230 863 addita,
272 831 336 855 cur
374 819 480 854 istam
515 819 820 864 interpolationem
853 820 1025 869 vulgatae
1056 818 1190 863 probae
1224 816 1417 852 admodum
1449 818 1485 850 et

85 881 185 917 codd.
209 881 385 926 praesidio
410 881 572 915 firmatae
594 880 810 924 praetulerit.

177 944 212 986 §-
236 942 272 977 4.
299 943 342 977 ld
365 942 478 987 adeo]
526 943 580 976 De
601 941 639 976 vi
663 943 749 977 adeo
773 941 881 984 vocis,
905 952 975 985 qua
997 941 1044 976 ad
1067 939 1327 975 antecedentem
1350 941 1483 974 sentcn-

85 1003 174 1039 tiam
196 1003 341 1049 gravius
363 1004 447 1048 quid
472 1003 657 1046 adiicitur,
687 1015 722 1038 v.
744 1004 790 1038 ad
813 1003 916 1037 Catil.
941 1014 972 1036 c.
996 1002 1171 1044 XXXIX,
1205 1000 1252 1037 2.*
1270 1013 1306 1045 p.
1330 1000 1412 1035 170.
1439 1017 1485 1026 —

83 1065 211 1101 Ani-o
245 1065 359 1100 multo
391 1065 647 1110 significantius
679 1065 811 1100 dictum
841 1067 905 1108 est,
938 1074 1047 1107 quam
1079 1063 1165 1103 tibi3
1188 1072 1223 1096 v-
1248 1061 1295 1095 ad
1320 1052 1486 1102 xxxix,

41 1118 46 1122 ⁶
86 1125 124 1161 5.
145 1142 192 1153 -
220 1127 325 1161 Utere
345 1127 496 1160 verbum
519 1138 630 1171 quum
652 1126 764 1161 alium
792 1137 912 1160 casum
934 1127 1049 1170 regat,
1075 1127 1180 1168 atque
1200 1133 1316 1163 sume,
1347 1133 1411 1165 per
1433 1122 1487 1156 el-

84 1187 192 1232 lipsin
221 1187 438 1233 pronominis
469 1188 627 1223 ablativo
660 1188 764 1232 positi
791 1187 1060 1232 intelligendum
1084 1188 1157 1226 est;
1181 1184 1227 1218 cf.
1252 1184 1296 1218 ad
1321 1183 1426 1218 Catil.
1450 1194 1484 1219 cs

84 1250 189 1292 xm,
226 1249 261 1285 2.
293 1260 330 1294 p.
361 1250 420 1285 66.
452 1253 488 1284 et
510 1250 555 1284 ad
583 1249 664 1295 Ing.
688 1261 718 1284 c.
741 1250 838 1292 mv,
868 1249 903 1283 1.
929 1247 1002 1286 Cic.
1024 1248 1115 1292 Epp.
1138 1246 1184 1281 ad
1206 1247 1345 1281 Famm.
1368 1245 1424 1288 11,
1447 1243 1487 1290 3,

84 1314 172 1346 extr.
223 1311 323 1354 Quae
343 1312 495 1356 primum
518 1311 718 1356 navigandi
740 1311 836 1344 nobis
852 1310 1014 1354 facultas
1048 1309 1137 1344 data
1170 1309 1257 1350 erit,
1291 1306 1485 1342 utemur.

84 1372 134 1407 id.
156 1371 318 1418 Bhilipp.
340 1373 369 1415 1,
392 1370 459 1416 15,
483 1360 542 1407 38.
599 1372 700 1414 Quae
720 1376 875 1416 potestas
898 1371 929 1405 si
951 1370 1038 1404 mihi
1060 1370 1199 1414 saepius
1222 1369 1297 1403 sine
1319 1380 1394 1403 meo
1418 1379 1484 1402 ve·

85 1439 223 1480 seroque
243 1434 397 1479 periculo
410 1435 492 1478 fiet,
515 1437 634 1468 utar.
655 1451 699 1458 —-
729 1433 819 1474 Tibi,
842 1433 936 1476 quod
956 1432 993 1466 in
1015 1430 1137 1475 paucis
1155 1430 1255 1464 codd.
1279 1430 1388 1474 deest,
1413 1429 1486 1464 im·-

84 1489 212 1530 merito
238 1505 262 1530 a
285 1495 406 1529 Cottio
428 1498 465 1529 et
489 1494 682 1529 Gen-lachin
705 1493 854 1528 eiectum
878 1497 952 1538 est,
983 1503 1092 1539 quum
1115 1492 1221 1537 longe
1246 1490 1487 1536 plurimorum

85 1556 260 1591 librorum
294 1566 479 1590 cousensus
510 1555 618 1591 etiam
650 1554 783 1589 Donati
818 1553 1019 1588 testimonio
1051 1553 1099 1588 ad
1130 1550 1224 1587 Ter·
1250 1553 1341 1588 Eun.
1364 1553 1424 1594 lv,
1447 1552 1488 1597 6,

85 1617 146 1653 12.
169 1617 408 1652 confirmetur.
455 1617 643 1652 Praeterea
666 1615 702 1650 in
725 1619 800 1650 tam
822 1615 982 1650 officiosa
1005 1613 1177 1655 oratione,
1199 1613 1296 1657 quali
1319 1613 1490 1648 Bocchus

86 1678 211 1721 utitur,
245 1677 306 1712 vix
337 1682 452 1722 potest
482 1688 652 1722 personae
683 1675 896 1721 significatio
927 1677 1061 1712 abesse.
1087 1694 1134 1701 —
1169 1674 1353 1708 putaveris
1383 1673 1490 1708 verbi

86 1741 204 1775 Faber
235 1751 421 1784 perperam
452 1742 555 1784 putat
586 1739 733 1773 eandem
762 1737 938 1772 rationem
970 1748 1066 1779 esse,
1098 1746 1189 1780 quae
1211 1738 1265 1770 est
1286 1734 1490 1780 praegressi

87 1801 304 1836 coniunctivi
319 1802 448 1846 fuerit.
493 1800 586 1836 Nam
612 1811 721 1844 quum
743 1798 835 1833 illud
859 1797 1067 1832 concedendi
1089 1796 1164 1830 vim
1186 1797 1340 1840 habeat,
1364 1800 1404 1832 ut
1424 1806 1491 1831 sn-

87 1874 153 1909 pra
174 1863 399 1904 ostendimus,
421 1862 491 1896 hoc
515 1872 599 1895 vero
622 1861 667 1895 ad
688 1859 938 1905 imperativum
958 1858 1010 1893 ita
1029 1857 1255 1903 adiungatur,
1276 1861 1317 1893 ut
1338 1858 1386 1893 ad
1407 1868 1490 1893 effl-

87 1929 163 1960 tam
186 1925 230 1959 de
251 1936 321 1959 uon
343 1924 480 1959 reddita
503 1922 622 1968 gratia
645 1922 906 1967 persuasionem
931 1919 1137 1964 capiendam
1169 1920 1395 1962 adhortetur,
1429 1918 1490 1954 di-

87 1997 191 2021 versa
212 1986 355 2021 omniuo
377 1985 561 2028 utriusque
582 1982 684 2017 verbi
707 1986 858 2027 potestas
882 1986 943 2019 est..
992 1982 1112 2025 Neque
1137 1985 1255 2017 tamen
1277 1979 1490 2016 assentimur

84 2041 351 2090 ‘Ramshorniffi
384 2047 422 2082 in
449 2047 611 2081 Gramm.
634 2045 712 2080 Lat.
738 2046 771 2087 ἓ.
796 2044 878 2086 161,
904 2044 938 2078 7.
963 2055 997 2088 p.
1022 2042 1092 2077 4⁰2
1115 2053 1166 2086 sq.
1190 2040 1355 2077 statuenti
1376 2045 1490 2086 puta-

89 2111 182 2145 veris
205 2121 281 2145 esse
303 2109 463 2144 futurum
486 2110 668 2149 exactum,
700 2105 794 2150 quod
824 2105 909 2139 huic
935 2104 1185 2139 sententiarum
1209 2103 1315 2138 nexui
1331 2101 1490 2137 minime

90 2170 272 2213 convenit,
296 2171 357 2205 sed
379 2181 443 2214 pro
467 2166 693 2203 coniunctivo
716 2166 865 2212 perfecti
892 2167 1085 2209 habemus,
1117 2164 1318 2210 imperativi
1341 2162 1491 2199 lenioris

89 2235 298 2276 potestatem
331 2232 524 2272 obtinente3
559 2230 604 2263 cf.
634 2229 728 2274 Aug.
761 2228 968 2263 Grotet'endi
1001 2229 1160 2264 Gramm.
1192 2227 1268 2261 Lat.
1303 2225 1414 2260 schol.
1451 2225 1488 2268 §-

90 2293 172 2329 182.
198 2305 235 2338 p.
258 2292 339 2328 148.
364 2294 459 2338 Aug.
483 2290 661 2326 Matthiae
680 2291 825 2324 Excurs.
851 2290 897 2324 ad
922 2289 993 2324 Cic.
1019 2301 1070 2324 or.
1095 2288 1131 2323 in
1156 2288 1259 2322 Catil.
1281 2287 1342 2330 lv,
1364 2285 1399 2329 6,
1422 2285 1488 2328 11.

90 2367 126 2400 p.
153 2354 235 2390 244.
260 2354 334 2389 Cic.
357 2366 392 2399 p.
416 2354 512 2389 Mur.
533 2365 564 2388 c.
587 2351 646 2393 31,
670 2350 730 2386 65.
777 2351 879 2386 Nihil
910 2351 924 2385 i
931 2351 1129 2398 gnoveri
1138 2362 1174 2391 s,
1212 2349 1301 2383 nihil
1338 2348 1490 2393 gratiae

91 2427 200 2451 causa
222 2417 430 2460 feceris,
463 2413 701 2449 misericordia
732 2417 920 2447 commotus
951 2424 1006 2447 ne
1037 2413 1112 2448 sis,
1146 2410 1228 2445 Liv.
1261 2409 1338 2452 vu,
1367 2407 1431 2451 34„
1452 2405 1491 2442 5.

92 2478 151 2514 Ne
172 2482 213 2513 tu
235 2478 322 2512 mihi
340 2478 439 2522 plus,
471 2487 577 2521 quam
600 2475 702 2509 unius
725 2475 877 2520 legionis
898 2475 1069 2519 principes
1091 2473 1316 2516 hastatosque
1339 2470 1490 2504 ded‘e-

92 2539 168 2574 ris.
195 2538 244 2573 id.
267 2539 367 2581 XXI,
390 2537 448 2580 44,
471 2537 507 2572 6.
559 2536 623 2571 Ne
654 2537 912 2571 transieris
941 2536 1099 2576 Iberum,
1136 2545 1187 2568 ne
1219 2528 1302 2578 quid
1333 2532 1386 2565 rei
1418 2529 1488 2565 tibi

92 2600 156 2636 sit
178 2602 256 2635 cum
278 2599 501 2645 Saguntinis,
524 2609 696 2643 nusquam
718 2603 755 2633 te
778 2598 929 2642 vestigio
953 2596 1165 2631 moveris.
1191 2613 1238 2620 ——
1268 2593 1398 2627 Gratia
1421 2592 1492 2625 xin-

93 2667 235 2707 tegra
266 2665 435 2703 vocatur,
468 2659 644 2704 praestitis
675 2658 804 2693 officiis
834 2669 924 2701 quae
958 2657 1113 2692 nondum
1139 2655 1276 2690 reddita
1297 2657 1360 2688 est.
1406 2653 1491 2705 Hoc

93 2723 205 2769 igitur
227 2721 314 2756 dicit
336 2722 515 2757 Bocchus:
546 2722 777 2765 Quotcunque
801 2719 923 2754 officia
945 2718 1011 2753 tibi
1034 2717 1262 2762 praestitero,
1293 2719 1412 2749 tamen
1437 2712 1491 2747 sic

93 2784 226 2830 accipe,
249 2795 292 2819 ac
314 2783 346 2819 si
367 2784 468 2818 nulla
488 2782 752 2827 praestitissem,
774 2784 816 2816 ut
835 2791 929 2816 nova
950 2790 1087 2824 semper
1107 2778 1290 2824 postulare
1306 2774 1429 2822 possis·
1442 2794 1490 2803 —
