1826 3276
369 162 424 200 40
724 157 768 198 C.
800 154 1115 196 SALLUSTI
1144 155 1355 197 CRISPI

369 276 600 330 promptus
630 275 675 311 et
711 273 928 326 appetens
970 267 1140 325 gloriae
1179 267 1396 322 militaris,
1444 267 1589 311 statuit
1625 281 1726 310 eum

337 365 594 408 2obiectare
613 362 817 420 periculis
842 366 885 404 et
907 374 961 402 eo
982 359 1117 403 modo
1136 359 1353 404 fortunam
1367 366 1554 404 tentare.
1589 360 1729 420 Igitur

369 458 488 502 bello
517 455 782 500 Numantino
813 453 1004 512 Micipsa
1032 468 1167 511 quum
1186 456 1358 513 populo
1378 455 1585 506 Romano
1606 455 1729 512 equi-

371 558 463 594 tum
492 555 624 606 atque
648 548 848 607 peditum
868 535 1022 592 aufrilia
1043 549 1252 604 mitteret,
1288 564 1466 608 sperans
1497 549 1568 593 vel
1584 557 1732 593 osten—

373 643 510 687 tando
542 643 743 686 virtutem
780 644 850 686 vel
879 642 1070 686 hostium
1105 644 1282 686 saevitia
1310 643 1440 688 facile
1470 659 1571 692 eum
1599 658 1728 690 occa-

371 753 542 791 surum,
577 737 793 797 praefecit
820 737 1041 793 Numidis,
1076 752 1187 796 quos
1221 739 1265 782 in
1297 739 1556 798 Hispaniam
1588 738 1734 782 mitte-

373 895 492 941 cipsae
518 896 619 939 plane
641 897 878 930 abstinendum
902 897 1034 941 fuisse,
1070 887 1207 941 propter
1237 907 1402 942 magnam
1434 896 1626 941 Iugurthae
1645 897 1737 939 apud

373 956 555 1000 populares
586 955 779 990 caritatem.
807 975 848 982 -—
873 957 926 990 ne
960 955 1093 990 ratione
1118 957 1302 990 verborum
1326 957 1414 1000 quod
1438 961 1514 990 erat
1530 974 1573 980 —
1597 956 1648 999 ge.
1673 957 1735 988 mi-

376 1015 488 1050 litaris
519 1018 611 1048 recte
645 1014 777 1048 monuit
808 1015 969 1056 Cor-tius,
999 1016 1091 1058 quod
1123 1016 1193 1049 iam
1224 1015 1365 1048 Servius
1397 1014 1439 1048 ad
1463 1015 1560 1059 virg.
1583 1014 1669 1048 Aen.
1692 1014 1736 1054 X,

377 1075 454 1109 104.
477 1076 740 1116 observaverat,
770 1075 910 1108 Latinos
933 1085 1034 1117 saepe
1056 1085 1114 1108 eas
1137 1074 1413 1115 (mundationes,
1445 1075 1569 1118 quibus
1590 1084 1653 1107 cur
1674 1072 1740 1106 nli·

377 1134 459 1178 quid
480 1135 542 1168 fiat
566 1133 620 1167 vel
652 1133 782 1166 factum
815 1133 860 1167 sit
891 1133 1098 1176 explicetur,
1134 1133 1177 1167 iis
1199 1134 1440 1177 praemittere,
1464 1133 1590 1177 quibua
1611 1131 1740 1166 tactum

378 1193 492 1237 ipsum
515 1193 717 1227 continetur.
740 1193 786 1228 cf.
810 1193 886 1227 Cat.
910 1194 972 1235 XI,
995 1194 1029 1229 2.
1053 1194 1126 1235 XV,
1142 1194 1174 1227 2.
1203 1192 1308 1234 xva,
1331 1191 1365 1225 ⁷.
1391 1192 1479 1233 LIX,
1503 1191 1538 1226 4.
1560 1194 1594 1225 et
1615 1190 1738 1234 6.Iug.

380 1253 457 1294 XX,
478 1251 512 1286 5.
536 1253 644 1296 XXV,
674 1251 708 1287 5.
739 1253 901 1296 XXXIX,
924 1251 958 1289 5.
988 1253 1079 1296 LXI,
1102 1253 1136 1288 4.
1170 1253 1267 1286 Caes.
1290 1251 1334 1285 Β.
1358 1251 1398 1284 C.
1420 1250 1450 1291 1,
1474 1251 1533 1292 42,
1555 1250 1590 1285 1.
1615 1249 1690 1285 Liv.
1712 1250 1740 1290 I,

378 1311 435 1353 46,
459 1311 492 1345 l.
517 1311 601 1345 Tac.
626 1312 711 1345 Ann.
736 1312 826 1354 XIII,
844 1311 901 1353 16,
922 1311 970 1346 in.
988 1331 1032 1336 —
1048 1312 1118 1345 Pro
1138 1311 1296 1355 periculis
1314 1310 1410 1344 codd.
1430 1310 1538 1344 Fabr.
1567 1308 1598 1345 l.
1618 1309 1740 1342 Franc.

380 1371 498 1405 Guelf.
521 1370 555 1404 3.
586 1374 620 1404 et
642 1371 675 1405 6.
705 1371 865 1415 periclis,
899 1371 991 1415 quod
1022 1370 1051 1404 si
1080 1371 1196 1414 plures
1228 1382 1270 1404 cx
1303 1369 1506 1403 melioribus
1528 1368 1742 1413 praeberent,

379 1442 444 1464 non
467 1431 692 1474 spernendum
715 1432 893 1474 ducerem,
927 1442 1033 1474 quum
1066 1442 1133 1464 non
1165 1429 1393 1473 improbabile
1415 1428 1460 1464 sit
1481 1441 1505 1463 u
1526 1422 1640 1462 brevis
1662 1439 1742 1478 syu-

378 1501 504 1533 copen,
530 1490 743 1533 frequentem
765 1490 799 1523 in
823 1490 960 1535 vulgari
977 1489 1069 1524 vitae
1087 1489 1279 1523 communis
1294 1488 1414 1532 lingua
1432 1488 1494 1531 (cf.
1517 1487 1618 1521 cour.
1641 1487 1742 1530 Leop.

380 1549 579 1584 Schneider.
612 1550 767 1583 Graium.
791 1549 868 1583 Lat.
893 1549 985 1595 1,,1.
1018 1561 1051 1591 p.
1075 1549 1143 1582 172
1161 1550 1231 1594 sq.)
1264 1548 1435 1582 interdum
1467 1546 1571 1581 etiam
1593 1557 1616 1580 a
1638 1547 1742 1591 pede-

380 1608 458 1642 stris
481 1607 645 1642 orationis
668 1608 892 1651 scriptoribus
913 1612 1082 1642 retentam
1101 1608 1227 1650 fuisse;
1252 1619 1283 1641 V.
1297 1609 1386 1641 Cort.
1412 1608 1455 1642 ad
1472 1607 1509 1640 h.
1531 1607 1555 1640 I.
1576 1606 1635 1640 Fr.
1650 1606 1742 1639 Heu-

380 1667 468 1712 sing.
495 1668 536 1701 ad
569 1668 642 1703 Cic.
665 1668 707 1701 de
738 1667 809 1700 Off.
833 1669 861 1709 1,
884 1667 950 1710 35,
973 1668 1029 1701 ll.
1061 1669 1228 1703 Goerenz.
1261 1668 1306 1702 nd
1341 1667 1470 1704 Acudd.
1501 1667 1553 1708 u,
1575 1665 1642 1708 34,
1666 1664 1743 1699 1⁰8.

381 1739 414 1771 p.
440 1725 520 1761 197.

474 1788 507 1829 ἓ.
531 1786 565 1821 2.
611 1786 697 1820 bello
722 1785 967 1830 Numantino]
1001 1786 1052 1819 De
1075 1797 1116 1820 eo
1149 1786 1193 1819 cf.
1227 1787 1305 1820 Liv.
1334 1785 1429 1830 Epit.
1459 1785 1560 1820 Lvn.
1591 1789 1625 1818 et
1655 1785 1746 1820 LIX.

384 1847 478 1881 Flor.
502 1847 546 1888 11,
570 1847 623 1879 Π.
650 1850 684 1879 et
707 1845 762 1879 18.
790 1846 875 1880 Van.
899 1846 944 1886 11,
970 1845 990 1878 4
1008 1857 1057 1889 sq.
1089 1845 1231 1889 Appiam.
1254 1846 1352 1890 Hisp.
1386 1860 1420 1889 p.
1445 1844 1514 1879 285
1530 1856 1603 1888 sqq.
1625 1847 1658 1878 et
1680 1844 1748 1878 302

382 1917 456 1949 sqq.
480 1906 533 1939 ed.
556 1906 602 1940 H.
626 1905 749 1948 steph.
795 1906 903 1938 Plura
925 1905 1056 1938 notavit
1079 1905 1156 1938 Car.
1181 1905 1294 1939 Beier.
1318 1905 1363 1939 ad
1386 1905 1457 1941 Cic.
1488 1904 1530 1936 de
1553 1903 1622 1936 Off.
1647 1905 1674 1945 1,
1692 1904 1748 1946 11,

383 1965 440 2000 35.
474 1977 506 2008 p.
531 1965 588 1998 81.
614 1983 652 1988 -—
681 1964 876 1997 Ostenta
888 1964 940 1996 nd
950 1975 969 1996 ο
999 1964 1161 1997 virtutem
1203 1965 1373 2007 quomodo
1405 1975 1504 1998 sensu
1535 1963 1672 1997 differ-ut
1704 1964 1749 1996 ab

386 2023 590 2058 ostentanda
612 2023 738 2056 virtute
751 2022 899 2056 diximus
913 2024 958 2056 ad
978 2022 1078 2057 Catil.
1101 2024 1157 2064 lv,
1176 2023 1207 2056 1.
1222 2036 1256 2067 p.
1274 2023 1319 2056 23
1340 2035 1388 2066 sq.
1414 2024 1458 2057 cf.
1484 2023 1559 2068 lug.
1580 2024 1696 2063 val,
1715 2023 1748 2056 6.

387 2083 545 2118 Civitatis
561 2083 750 2126 formidine
774 2084 1139 2117 autosteutan‘do
1160 2085 1367 2127 praemia
1392 2084 1559 2127 qffcctari.
1576 2083 1749 2126 LXXXV,

386 2143 444 2178 21.
481 2143 649 2176 Maiarum
674 2143 787 2184 sortia
819 2145 956 2184 sacta
996 2144 1277 2176 memorando
1316 2144 1475 2176 clariores
1506 2154 1578 2177 sese
1615 2137 1750 2187 putant.

388 2204 528 2247 Fragm.
553 2201 646 2236 nist.
671 2201 715 2243 11,
741 2201 798 2234 4⁰.
823 2201 918 2234 Gerl.
967 2202 1123 2235 Adversa
1156 2204 1189 2235 in
1210 2202 1442 2246 pravitatem,
1471 2203 1619 2236 secunda
1643 2203 1679 2237 in
1695 2215 1749 2236 ca-

389 2275 482 2303 sum,
497 2265 678 2305 fortunam
700 2261 737 2295 ίη
758 2262 985 2295 temeritatem
1010 2262 1297 2295 declinando.
1348 2261 1422 2294 Non
1445 2274 1625 2305 possumus
1646 2263 1753 2308 igitur

389 2320 547 2357 assentiri
578 2321 624 2355 G.
646 2321 779 2355 Ludov.
806 2320 966 2356 Walchio
997 2321 1041 2354 ad
1072 2321 1158 2355 Tae.
1190 2321 1342 2365 Agricol.
1377 2333 1407 2354 c.
1430 2323 1489 2356 IX.
1522 2336 1557 2368 p.
1582 2323 1659 2357 114.
1684 2328 1753 2358 stu—

389 2381 497 2416 tuenti
521 2381 622 2415 istam
645 2384 850 2415 structuram
873 2392 914 2415 eo
938 2383 1072 2414 tantum
1095 2381 1139 2414 ab
1164 2381 1275 2413 ultera
1297 2380 1449 2422 differre,
1471 2383 1562 2426 qnod
1584 2382 1755 2427 antiquior

392 2442 447 2476 sit.
472 2461 516 2468 -
541 2441 696 2475 Saevitia
719 2451 784 2475 non
809 2443 860 2475 est
886 2441 1111 2483 crudelitate,
1149 2440 1206 2473 sed
1240 2440 1362 2474 eodem
1386 2441 1456 2476 fere
1479 2443 1581 2476 modo
1603 2446 1642 2476 ut
1656 2446 1756 2486 scro-

393 2501 470 2543 οἱα,
501 2500 591 2544 quod
614 2500 867 2535 illustravimus
902 2501 945 2535 ud
970 2501 1072 2534 Catil.
1099 2501 1159 2541 XI,
1184 2500 1217 2536 5.
1242 2503 1274 2533 et
1298 2500 1389 2542 LXI,
1414 2501 1461 2540 4„
1477 2502 1520 2536 «le
1541 2503 1667 2538 virtute
1688 2505 1754 2545 mi-

393 2559 488 2595 litari
509 2571 629 2594 eorum
654 2559 800 2602 dicitur,
835 2561 893 2604 qui
924 2560 967 2594 ad
1000 2565 1151 2594 extrema
1183 2560 1337 2593 audenda
1360 2563 1394 2594 et
1415 2561 1624 2604 experiunda
1644 2565 1755 2607 parati

395 2623 483 2655 sunt.
529 2619 665 2654 Cottius
695 2620 911 2663 comparavit
940 2619 1036 2664 Virg.
1064 2621 1152 2655 Aen.
1182 2621 1252 2661 XI,
1285 2619 1363 2654 910.
1410 2622 1457 2655 Et
1479 2631 1665 2656 saevum
1687 2624 1755 2657 Ae·

397 2691 495 2714 neam
527 2679 671 2726 agnovit
705 2680 839 2713 Turum
870 2679 905 2712 in
937 2679 1051 2714 armis.
1071 2698 1114 2705 -
1147 2680 1238 2714 Eum
1261 2690 1457 2714 occasurum
1479 2690 1546 2726 nou
1569 2679 1755 2716 sollicitan—

1626 2784 1639 2806 η
