1826 3276
434 173 810 219 IUGURTHA.
868 160 998 217 c'AP.
1027 172 1179 218 cvm.
1404 175 1491 219 58³

101 292 346 340 Numidam
381 307 464 354 spe
502 293 628 354 pacis
663 291 910 362 attinuisse,
939 292 1221 350 multumque
1257 307 1358 338 cum
1392 294 1490 338 ani-

101 406 180 438 mo
211 406 293 438 suo
327 391 510 436 volvere
543 390 735 448 solitum,
768 388 1036 451 Iugurtham
1069 390 1301 451 Romanis,
1337 405 1396 436 an
1427 391 1492 436 illi

103 489 279 536 Sullam
321 487 546 543 traderet3
588 488 835 535 lubidinem
882 487 1124 535 advorsum
1161 482 1244 535 n'os
1259 523 1274 550 ,
1321 493 1493 541 metum
1531 463 1534 465 i

101 602 208 650 pro,
225 586 354 632 nobis
389 587 594 635 suasisse.

102 707 287 744 interesset
307 708 439 755 Aspar,
462 708 651 755 posteriori
673 720 744 745 non
765 708 959 753 interesset,
992 710 1039 746 ab
1061 710 1199 746 insidiis
1234 710 1330 756 eius,
1362 710 1494 758 quippe

101 769 165 815 qui
198 770 347 806 consilia
377 782 444 806 sna
476 773 692 818 speculatum
722 771 848 807 missus
879 774 989 814 esset,
1019 772 1138 807 caveri
1168 772 1375 818 nequivisse,
1422 773 1494 808 Sed

55 874 66 889 Ι
101 830 246 868 videant
268 832 455 875 acutiores,
477 843 604 867 verene
625 833 745 867 locum
767 833 1027 876 sanaverimus,
1050 844 1097 869 an
1120 833 1192 869 alio
1214 834 1318 870 modo
1342 834 1496 870 auctoris

101 903 229 928 manus
262 893 400 929 restitui
433 894 569 930 debeat.
593 912 640 921 —·
672 895 743 930 Pro
781 895 897 929 caveri
930 894 968 928 in
998 894 1105 930 Acad.
1138 895 1236 930 Vrat.
1260 895 1295 931 3.
1322 895 1438 932 Guelf.
1460 894 1496 931 4.

101 954 162 990 11.
185 955 243 992 12.
275 965 319 990 ac
341 955 517 990 nonnullis
546 956 690 1003 Grnteri
713 959 748 990 et
773 955 906 991 Wassii
929 955 1028 990 codd.
1052 958 1105 991 est
1127 967 1263 1000 cavere,
1288 958 1381 1001 quod
1406 958 1497 992 Ger-

101 1015 244 1051 lachim
274 1016 312 1051 in
344 1017 398 1052 ed.
428 1017 520 1054 mai.
549 1017 692 1062 recepit,
722 1016 759 1050 in
791 1017 1002 1052 Commentt.
1033 1029 1066 1062 p.
1100 1016 1181 1051 333.
1206 1018 1378 1063 defendit,
1402 1017 1498 1053 etin

101 1076 293 1121 novissima
313 1088 435 1113 rursus
458 1090 541 1113 cum
561 1079 709 1125 vulgata
733 1078 982 1121 commutavit3
1009 1078 1112 1114 solita
1135 1078 1276 1122 quidem
1298 1079 1498 1115 inconstan-

102 1137 177 1180 tia,
210 1139 273 1174 sed
305 1142 424 1174 tamen
458 1142 576 1185 recte„
613 1140 776 1184 Bocchus
800 1139 894 1174 enim
917 1151 987 1174 non
1010 1141 1054 1174 de
1077 1151 1115 1174 se
1137 1141 1211 1175 solo
1235 1141 1412 1184 loquitur,
1436 1140 1498 1176 sed

103 1199 230 1235 Sullae
251 1200 408 1236 rationes
434 1200 542 1242 simul
564 1202 766 1246 complexus
789 1201 947 1246 generali
970 1201 1127 1237 oratione
1149 1201 1279 1244 utitur,
1304 1201 1363 1235 cui
1385 1201 1498 1246 passi-

102 1272 192 1296 vum
214 1261 372 1298 inservit.
416 1262 627 1307 Nequivisse
649 1266 770 1298 autem
793 1262 902 1304 dixit,
935 1262 1020 1306 quia
1051 1274 1120 1297 non
1146 1262 1262 1306 ipsam
1286 1262 1500 1307 cautionem,

103 1323 221 1358 adhuc
242 1323 462 1368 faciendam,
486 1323 546 1357 sed
569 1322 696 1358 initum
719 1324 779 1358 vel
799 1327 944 1368 captum
972 1323 1152 1357 consilium
1176 1323 1322 1357 cavendi
1343 1324 1498 1370 respicit.

103 1384 178 1419 Res
200 1395 264 1429 per
286 1395 324 1419 se
345 1387 501 1428 spectata
523 1384 714 1428 praesentis
736 1383 947 1418 infinitivum
971 1385 1149 1428 poscebat.

196 1446 230 1488 §-
247 1443 288 1479 ¹3.
327 1456 432 1491 quam
455 1445 496 1479 ob
521 1456 590 1488 ea,
607 1457 697 1491 quae
717 1433 974 1491 praedicabat]
1033 1445 1250 1490 Pomponius
1272 1447 1402 1482 Laetus
1423 1449 1496 1493 pri·

103 1517 185 1542 mus
216 1505 336 1542 omisit
365 1506 699 1549 demonstrativnm3
734 1507 827 1552 quod
861 1517 970 1551 quum
1002 1506 1161 1541 Perizon.
1197 1507 1240 1540 ad
1267 1507 1386 1543 San'ct.
1408 1509 1497 1545 Min.

103 1567 151 1609 ll,
171 1565 207 1602 9.
228 1566 420 1611 probasset,
442 1567 581 1602 vor-tius
604 1568 730 1612 cupide
749 1568 931 1613 amplexus
951 1570 1014 1609 est,
1036 1570 1071 1602 et
1092 1568 1299 1603 anctoritate
1320 1582 1383 1605 sua
1408 1572 1500 1606 adeo

103 1628 332 1674 Kruegerum
361 1627 510 1672 decepit,
543 1628 604 1672 qui
639 1627 677 1663 in
706 1629 799 1664 libro
831 1629 875 1663 de
904 1628 1120 1662 Attractione
1143 1629 1220 1664 Lat.
1248 1630 1333 1676 ling.
1358 1634 1390 1674 §.
1415 1632 1498 1668 112.

104 1701 143 1735 p.
163 1689 246 1725 279.
269 1691 364 1725 bona
384 1689 455 1723 fide
474 1689 529 1724 ita
551 1689 765 1734 disputavit,
799 1688 900 1734 quasi
930 1688 1121 1723 Sallustius
1150 1701 1274 1725 revera
1306 1693 1502 1737 scripsisset

105 1762 213 1798 quam
243 1751 296 1786 ob
322 1761 438 1797 quae
464 1751 708 1796 praedicabat.
768 1751 838 1786 Sed
862 1761 971 1794 quum
994 1761 1038 1783 ne
1068 1761 1156 1791 unus
1186 1751 1328 1795 quidem
1354 1755 1430 1788 cod.
1456 1767 1499 1790 ea

106 1812 314 1858 pronomine
335 1814 472 1855 careat,
505 1816 671 1856 corrupto
702 1824 767 1856 per
792 1812 915 1855 Pomp.
939 1811 1088 1846 Laetum
1112 1813 1272 1856 exemplo
1295 1825 1364 1848 uon
1388 1819 1502 1859 potest

105 1874 273 1920 probari,
293 1873 486 1909 relativum
507 1873 638 1909 omisso
659 1873 933 1909 demonstrativo
946 1898 958 1914 ,
981 1884 1062 1906 cum
1085 1873 1339 1917 praepositione
1360 1877 1501 1922 sociari,

107 1947 151 1971 ex
181 1947 254 1980 qua
285 1935 600 1970 demonstrativum
631 1936 782 1979 pendere
815 1935 985 1977 debebat,
1019 1929 1109 1978 quae
1129 1936 1316 1979 attractio,
1342 1938 1500 1974 Graecae

106 1997 253 2043 quidem
286 1996 433 2042 liuguae
461 1997 703 2038 concedenda,
737 2007 759 2030 a
792 1995 938 2030 Latinae
964 1995 1107 2042 linguae
1131 1996 1275 2042 ingenio
1298 1999 1414 2034 aliena
1437 2003 1501 2036 est.

107 2059 192 2095 Alia
213 2070 270 2094 res
292 2061 365 2101 est,
389 2057 452 2092 ubi
474 2061 511 2093 et
534 2057 846 2092 demonstrativum
869 2060 904 2091 et
928 2057 1118 2091 relativum
1141 2069 1183 2091 ex
1206 2059 1329 2094 eadem
1352 2072 1502 2106 praepo..

106 2119 234 2157 sitione
256 2119 449 2164 eodemque
471 2120 581 2154 verbo
602 2119 763 2165 pendent,
786 2118 882 2162 velut
905 2116 978 2152 Cic.
1002 2118 1087 2163 Agr.
1109 2119 1153 2160 11,
1177 2119 1234 2161 27,
1257 2120 1315 2156 74.
1363 2122 1415 2155 112·
1439 2123 1502 2157 de-

111 2181 240 2218 ducent
269 2181 421 2216 eolom‘as
450 2181 496 2215 iu
528 2192 599 2216 eos
632 2192 793 2227 agros,
829 2190 912 2225 quos
944 2181 1110 2222 emerint,
1137 2182 1241 2216 etin
1266 2194 1379 2226 qnae
1403 2184 1503 2219 loca

110 2247 299 2290 praeterea
319 2242 514 2284 videbitur-‚-
546 2242 572 2278 i.
597 2255 628 2279 e.
652 2245 687 2277 et
708 2242 746 2276 in
770 2253 813 2276 ea
836 2241 916 2275 loca
939 2242 1130 2283 deducent,
1157 2242 1195 2276 in
1218 2255 1309 2288 quae
1332 2246 1503 2281 deducere

109 2303 306 2346 videbitur,
335 2314 427 2348 qnae
453 2307 629 2339 structura
651 2314 719 2337 non
743 2302 789 2338 ad
817 2302 1083 2345 attractionem,
1107 2304 1167 2337 sed
1191 2304 1234 2338 ad
1259 2305 1399 2350 ellipsin
1422 2319 1504 2351 per-

112 2365 211 2400 tinet.
258 2365 422 2400 Ceterum
444 2377 566 2400 sensus
587 2366 777 2400 verborum
801 2364 862 2398 hic
885 2367 954 2398 estz
976 2363 1169 2406 Bocchum,
1193 2376 1408 2408 quamquam
1432 2366 1504 2400 col-

94 2426 272 2477 sloquium
300 2429 473 2461 secretum
502 2426 735 2471 promittendo
765 2425 919 2460 amicum
943 2435 980 2459 se
1003 2424 1175 2459 Romanis
1196 2425 1426 2469 simulaverit,
1451 2429 1506 2462 ta-

113 2499 195 2522 men
216 2498 286 2522 non
308 2488 401 2522 bono
428 2485 547 2522 animo
575 2487 711 2533 egisse,
743 2487 804 2522 s'ed
836 2486 1030 2532 Iugurthae
1052 2485 1191 2521 favisse.
1238 2487 1356 2531 Quum
1382 2487 1505 2522 Sullae

113 2548 226 2595 igitur
242 2547 446 2591 nunciaret,
472 2560 510 2583 se
530 2548 647 2593 priore
669 2547 844 2592 colloquio
867 2547 1041 2582 Numidae
1063 2547 1227 2582 simulate
1248 2535 1383 2583 tantum
1406 2560 1507 2593 spem

114 2609 210 2655 pacis
232 2610 424 2652 facturum,
448 2610 559 2645 altero
582 2620 666 2644 vero
693 2610 736 2643 de
757 2608 1030 2651 condicionibus,
1054 2602 1180 2653 quibus
1203 2608 1358 2644 Romani
1380 2620 1506 2653 pacem

115 2671 192 2707 lieri
215 2672 364 2714 vellent,
387 2674 571 2714 acturum,
599 2670 735 2706 Punica
756 2670 825 2704 fide
846 2671 950 2715 plane
973 2670 1188 2705 contrarium
1211 2670 1338 2713 sensit,
1368 2671 1507 2704 Roma-

115 2744 180 2768 nos
204 2732 327 2768 fallere
350 2732 492 2778 cupiens
506 2759 516 2776 ,
547 2733 631 2766 dum
653 2731 864 2777 Iugurtham
889 2742 926 2765 se
950 2732 1074 2766 fallere
1094 2730 1304 2766 simulabat.
1321 2747 1368 2757 -—
1399 2731 1507 2766 Prae-

119 2795 257 2831 dicabat
282 2794 304 2830 i.
329 2805 361 2832 e.
385 2797 507 2840 aperte
528 2793 688 2835 ‹licebat3
718 2803 755 2827 v.
779 2792 825 2828 ad
849 2791 952 2828 Catil.
975 2803 1007 2826 c.
1030 2791 1202 2835 XLVIII,
1229 2790 1262 2826 9.
1295 2802 1332 2835 p.
1354 2788 1438 2826 225.
1459 2810 1506 2819 --
