1826 3276
421 170 789 232 IUGURTHA‘.
848 154 1225 231 cAP.XXXI.‘
1368 244 1371 245 ⁷
1435 187 1518 229 m

69 294 84 299 “
124 307 252 352 cione
279 311 402 367 “post
445 305 639 352 reditum
674 303 855 350 Bestiae
889 301 1200 349 huiuscemodi
1237 299 1383 347 verbis
1423 300 1518 346 dis-

46 404 52 416 '
121 405 270 451 seruit.

190 552 193 554 ,
258 499 426 546 ΧΧΧΙ.
498 499 645 544 Multa
679 513 753 564 me
789 496 1084 547 dehortantur
1118 512 1146 541 a
1175 495 1325 553 vobis,
1362 496 1516 553 Quiri-

120 606 212 658 tes,
249 598 294 643 ni
325 596 518 643 studium
554 595 830 656 reipublicae
865 595 1015 639 omnia
1049 599 1258 654 superet,
1294 610 1408 654 opes
1444 595 1515 640 fa-

122 696 304 752 ctionis,
352 682 500 739 &ostra
541 692 786 754 patientia,
834 692 901 736 ius
947 691 1146 748 nullum,
1192 707 1245 736 ac
1291 680 1514 749 maxume,

121 791 248 853 qnod
294 790 576 836 innocentiae
628 789 731 850 plus
781 785 971 849 periculi
1024 803 1161 847 quam
1205 787 1388 834 honoris
1435 797 1540 839 est.-

118 970 195 1006 ieta.
217 969 394 1006 adiectiva
421 980 444 1004 a
473 981 512 1004 se
543 968 696 1004 invicem
719 969 818 1005 velut
839 980 883 1004 ex
905 968 1126 1014 appositione
1149 967 1304 1013 pendere
1328 967 1441 1011 dicat,
1479 972 1517 1004 et

119 1031 258 1074 aliena,
279 1042 372 1076 quae
393 1030 440 1066 ad
462 1029 498 1064 id
521 1041 634 1075 genus
658 1030 841 1074 pertinent,
866 1030 908 1064 de
932 1041 1001 1074 quo
1025 1030 1164 1076 egimus
1187 1030 1231 1065 ad
1257 1029 1366 1064 Catil.
1383 1030 1443 1072 xl,
1467 1030 1516 1073 2.,

117 1091 356 1129 admiscuerit.
404 1091 532 1127 Nostro
563 1094 683 1126 autem
715 1091 795 1126 loco
828 1092 981 1126 alterum
1013 1090 1226 1126 adiectivum
1256 1101 1326 1125 non
1358 1091 1430 1126 tale
1452 1095 1516 1135 est,

120 1158 160 1199 ut
181 1145 265 1190 cum
285 1152 496 1189 substantivi
518 1152 661 1188 notione
682 1151 719 1186 in
735 1163 844 1187 unum
868 1155 980 1194 coeat,
1005 1155 1040 1187 et
1053 1151 1234 1198 singulare
1256 1152 1401 1197 aliquod
1424 1153 1516 1188 faci·-

116 1228 245 1252 norum
267 1226 380 1262 genus
404 1213 568 1256 definiat,
605 1213 666 1248 scd
693 1217 842 1258 utroque
866 1213 1041 1249 adiectivo
1065 1214 1206 1248 diversa
1228 1213 1426 1249 facinorum
1451 1226 1516 1261 ge—

117 1287 204 1313 nera
227 1277 467 1323 designantur.
515 1275 636 1318 Quare
657 1273 786 1318 copula
807 1273 1004 1308 necessaria
1030 1278 1094 1309 est.
1129 1293 1176 1299 —
1217 1275 1362 1311 Prorsus
1391 1276 1516 1311 eodem

117 1339 225 1375 modo
246 1338 400 1383 legimus
423 1347 454 1371 c.
467 1336 606 1378 xxm,
635 1335 670 1370 1.
689 1334 815 1377 vai,
841 1335 874 1371 1.
898 1335 1062 1377 LXXVI,
1078 1334 1112 1370 4.
1136 1355 1183 1362 -
1208 1338 1429 1374 Accendebat
1446 1338 1516 1373 im·-

116 1401 312 1446 perfectum
342 1409 416 1444 qua
440 1397 584 1437 ratione,
599 1396 794 1432 subiectum
816 1396 862 1431 sit
885 1395 1069 1432 infinitivis
1093 1397 1271 1434 historicis
1300 1399 1517 1442 ostendimus

118 1463 163 1498 ad
189 1461 265 1498 cat.
290 1473 320 1498 c.
345 1461 432 1505 Lx,
456 1460 492 1496 4.
516 1472 549 1505 p.
566 1459 648 1494 321.
1332 1452 1336 1457 ’

210 1524 245 1566 §-
268 1522 303 1560 4.
352 1521 500 1567 Romae]
527 1522 630 1556 Hanc
654 1531 795 1562 vocem,
826 1531 918 1564 quae
939 1530 1009 1554 neu
1033 1523 1145 1556 exstat
1166 1521 1204 1555 in
1228 1518 1332 1556 R'em.
1356 1522 1390 1556 1.
1416 1522 1514 1557 Leid.

117 1583 163 1618 B.
187 1583 272 1619 Ven.
295 1582 331 1618 4.
357 1587 392 1618 et
413 1583 450 1618 in
473 1581 685 1618 Pembroch.
711 1593 734 1616 a
750 1593 798 1616 m.
824 1593 876 1626 pr.
890 1606 902 1624 ,
924 1581 1064 1616 Cottius
1088 1582 1229 1627 omisit,
1265 1583 1432 1618 brevibus
1454 1584 1516 1618 de-

119 1645 262 1680 functus
284 1643 491 1686 „inculcant
513 1643 646 1688 passim
667 1654 747 1677 eam
771 1644 932 1678 vocem.“
970 1644 1024 1677 De
1050 1645 1087 1678 C.
1112 1644 1270 1679 Memmii
1293 1645 1458 1680 facundia
1480 1657 1516 1683 v.

119 1705 195 1741 cic.
218 1705 321 1741 Brut.
346 1716 377 1739 c.
401 1703 468 1746 36,
492 1703 573 1738 136.
602 1703 639 1740 C.
664 1708 699 1738 et
723 1703 764 1737 L.
789 1704 947 1738 Memmii
963 1706 1114 1748 fuerunt
1137 1711 1292 1740 oratores
1315 1706 1517 1749 medioeres,

118 1769 340 1800 accusatores
368 1777 467 1800 acres
500 1770 606 1810 atque
639 1764 766 1798 acerbi.
818 1765 942 1810 Itaque
974 1767 1012 1800 in
1044 1767 1212 1801 iudicium
1236 1767 1363 1811 capitis
1393 1769 1518 1803 multos

118 1833 309 1869 vocarunt,
345 1838 408 1871 pro
432 1827 502 1862 reis
525 1838 594 1859 non
616 1836 720 1869 saepe
744 1825 919 1861 dixerunt.
948 1826 998 1864 id.
1020 1827 1064 1860 de
1088 1827 1187 1864 Orat.
1207 1828 1261 1870 11,
1283 1826 1351 1872 59,
1375 1828 1458 1864 2⁴0.
1483 1834 1519 1864 ct

116 1888 171 1931 11,
194 1888 263 1931 w,
285 1886 369 1924 283.
391 1887 502 1922 Plura
523 1886 605 1920 vide
626 1885 662 1920 iu
686 1887 746 1920 Fr.
760 1887 924 1922 Ellendtii
949 1887 1128 1923 succincta
1151 1889 1372 1933 eloquentiae
1383 1891 1519 1935 Roma-

117 1961 184 1985 uae
206 1949 375 1991 historia,
399 1949 506 1984 Bruti
528 1947 672 1982 editioni
697 1948 908 2007 praemissa,
934 1962 966 1994 p.
994 1949 1055 1983 Lx
1067 1960 1139 1993 sqq.
1163 1969 1212 1974 —
1243 1950 1357 1984 Unam
1381 1962 1422 1985 ex
1445 1956 1520 1986 tam

117 2011 236 2046 mullis
270 2010 524 2045 citationem
558 2008 692 2043 dictum
728 2014 782 2044 cst
814 2013 855 2044 ut
886 2021 992 2055 supra
1027 2021 1058 2044 c.
1083 2010 1186 2052 xlx,
1207 2010 1245 2045 7.
1284 2011 1454 2058 Pleraque
1477 2024 1520 2048 ez·

120 2071 262 2106 Punicis
279 2071 421 2116 oppida.
453 2063 618 2106 Ceterum
643 2070 717 2104 eius
740 2081 809 2104 nou
832 2070 984 2106 habetur
1005 2071 1042 2105 iu
1058 2071 1170 2106 Cottii
1193 2072 1367 2115 editione;
1390 2073 1520 2120 quippe

118 2132 214 2168 deest
236 2131 275 2167 in
290 2132 452 2168 (iusim).
465 2135 501 2167 et
517 2132 575 2167 1⁰.
601 2151 648 2157 --
676 2131 733 2165 Ea
757 2132 872 2166 dicam
896 2144 987 2178 quae
1009 2133 1247 2178 probatissimi
1270 2138 1386 2169 tenent
1402 2135 1520 2174 codd.;

121 2193 159 2228 iu
190 2192 312 2228 multis
343 2197 464 2229 tamen
492 2192 628 2239 legitur
659 2203 739 2228 eam
762 2193 902 2236 dican,
934 2206 1060 2239 quam,
1093 2194 1176 2239 quia
1199 2194 1337 2230 scribae
1358 2195 1450 2230 haec
1473 2198 1519 2232 atl

120 2254 318 2291 minum
342 2254 562 2296 referebant,
586 2265 655 2290 uon
677 2257 839 2290 curantes
862 2255 1014 2290 absurde
1035 2255 1107 2290 dici
1129 2256 1323 2292 orationem
1339 2257 1519 2293 disserere.

52 2352 56 2356 f
121 2316 277 2351 Ulterius
300 2315 471 2360 processit
490 2315 650 2359 curtius,
674 2315 736 2359 qui
760 2327 803 2350 ea
826 2316 942 2350 dicam
967 2327 1109 2361 prorsus
1131 2317 1274 2360 delevit,
1298 2317 1425 2362 ineptis
1445 2318 1471 2355 i.
1486 2330 1518 2355 e.

120 2377 226 2413 nullis
247 2376 443 2412 rationibus
466 2388 563 2419 usus,
587 2380 626 2411 ut
648 2377 776 2412 merito
801 2377 994 2412 Gerlachio
1017 2378 1237 2421 assentiaris,
1260 2379 1323 2424 qui
1345 2381 1521 2424 quomodo

119 2438 183 2476 ille
203 2438 416 2473 refellendus
439 2438 486 2474 sit
508 2449 546 2473 se
569 2438 627 2472 vix
651 2430 806 2482 reperire
829 2439 970 2475 fatetur.

213 2499 342 2534 xxxl.
374 2501 409 2542 §.
436 2499 470 2533 1.
518 2510 574 2545 mc
598 2499 828 2534 dehortantur
851 2511 875 2534 a
898 2500 1007 2544 vobis]
1035 2501 1092 2535 Me
1118 2500 1259 2537 eortius
1281 2502 1418 2546 omisit,
1449 2515 1519 2539 non

121 2559 233 2596 aliam
258 2561 305 2595 ob
329 2570 502 2601 caussam,
523 2559 591 2593 nisi
615 2560 708 2603 quod
731 2560 768 2595 iu
791 2561 874 2595 Bas.
891 2561 925 2595 1.
959 2561 1080 2596 Struv.
1105 2566 1140 2597 et
1162 2563 1267 2598 Rem.
1291 2565 1325 2599 1.
1357 2568 1433 2609 post
1455 2566 1519 2600 de-

120 2621 306 2656 hortantur
325 2625 399 2664 est,
436 2624 471 2656 et
494 2620 530 2654 in
555 2620 672 2654 Guelf.
696 2619 730 2656 4.
766 2621 858 2655 inter
889 2632 1011 2656 versus
1042 2628 1237 2668 comparet.
1284 2625 1356 2660 Sed
1378 2630 1519 2670 praeter

120 2681 221 2717 codd.
242 2682 349 2717 fidem
371 2681 545 2718 sententia
569 2681 646 2726 ipsa
668 2692 859 2725 pronomen
883 2687 1074 2728 sustentat3
1108 2695 1150 2719 eo
1174 2685 1268 2719 euim
1292 2685 1424 2721 omisso
1447 2697 1536 2721 uon2

121 2742 212 2787 perit
242 2742 384 2787 quidem
411 2743 481 2777 loci
517 2742 718 2788 elegantia,
751 2746 791 2777 ut
826 2743 1035 2780 Gerlachius
1068 2751 1227 2789 veretur,
1261 2747 1321 2780 sed
1349 2749 1518 2782 sententia

121 2802 296 2849 generalis
319 2803 378 2845 fit,
411 2813 434 2839 a
458 2803 620 2840 Memmii
652 2807 769 2839 mente
792 2804 927 2849 aliena,
967 2805 1027 2849 qui
1049 2805 1094 2841 de
1117 2817 1154 2841 se
1178 2806 1353 2851 loquitur,
1389 2819 1456 2843 non
1482 2807 1516 2841 in
