1826 3276
460 181 827 227 IUGURTHA.
886 179 1014 224 CAP.
1042 179 1120 222 III.
1438 185 1494 226 13

231 303 310 348 111.
379 302 549 347 Verum
584 315 641 346 ex
674 298 744 344 his
775 297 1060 359 magistratus
1089 303 1134 342 et
1158 297 1368 359 imperia,
1402 315 1494 360 po-

94 407 260 448 stremo
308 400 451 445 omnis
496 414 604 444 eura
648 412 802 444 rerum
834 396 1116 457 publicarum
1149 396 1348 442 minume
1382 397 1494 442 mihi

93 500 183 546 hac
225 504 495 560 tempestate
540 495 772 559 cupiunda
812 494 1042 554 videntur,
1088 494 1301 554 quoniam
1343 511 1495 556 neque

92 657 205 691 neque
235 657 343 680 manu
368 645 571 690 priorem
600 641 745 676 alium
775 641 868 685 pati.
914 639 994 675 Liv.
1017 639 1126 685 1,,24,
1148 640 1183 675 1.
1215 652 1278 676 nec
1297 643 1413 686 ferme
1439 652 1496 677 rea

96 708 245 752 antiqua
280 706 383 740 alia
418 710 470 740 est
509 703 728 738 nobilior.
777 701 894 736 Tacit.
924 701 1064 736 Annali.
1094 702 1154 744 vl,
1184 701 1220 744 7,
1247 702 1297 740 in.
1330 716 1396 748 quo
1428 715 1498 738 mm

94 768 225 804 aliud
250 765 680 810 honorificentius
715 763 839 797 Cottae
858 763 984 797 evenit.
1031 760 1119 798 ibid.
1136 774 1166 796 c.
1183 762 1241 797 24.
1260 763 1309 798 in.
1343 777 1410 810 quo
1430 777 1499 799 non

94 829 225 865 aliud
253 827 469 863 atrocius
494 827 619 861 visum.
644 843 691 850 —-
717 826 855 860 Inculta
878 822 966 859 dixit
990 821 1099 857 etiam
1123 823 1200 857 Cat.
1216 824 1334 865 LVA.
1358 825 1500 861 Cottius

91 893 273 935 praeterea
284 886 503 933 comparavit
514 887 591 932 lug.
604 886 812 930 xxxma.
832 898 894 921 suo
909 891 1014 931 atque
1023 886 1146 931 populi
1166 886 1232 920 ini
1242 897 1313 920 uss
1323 898 1358 920 a.
1379 887 1500 922 Plaut.

91 951 248 987 Mostell.
259 951 286 994 1,
299 948 404 995 2,65.
430 960 497 994 ego
517 959 594 982 sum
617 948 752 982 inusu
767 951 891 992 sactus
905 948 1013 982 nimio
1027 948 1184 993 nequior.
1208 947 1407 982 Trinumm.
1425 949 1500 992 l‚·.².‚

93 1011 176 1046 130.
201 1012 272 1046 inc
283 1012 472 1046 onsultu
494 1021 582 1044 meo.
607 1021 642 1044 v-
657 1011 765 1044 etiam
783 1011 887 1044 Conr.
899 1011 1005 1055 Leop.
1017 1007 1227 1044 Schneider-i
1246 1009 1406 1044 Gramm.
1420 1010 1500 1044 Lat.

93 1073 182 1116 11,1.
201 1085 235 1117 p.
249 1071 374 1107 ²142st.
387 1086 422 1108 α.
446 1092 492 1098 —-
519 1073 633 1115 Quum
648 1073 856 1116 praesertim
874 1075 1015 1116 propter
1031 1072 1221 1106 verborum
1241 1071 1399 1106 ordinem
1419 1071 1501 1106 teti-

85 1133 212 1180 -gimus
225 1134 269 1168 ad
282 1133 385 1169 Catil.
398 1145 429 1168 c.
443 1133 502 1175 LI,
512 1133 569 1168 19.
594 1133 777 1177 Exemplis
790 1133 839 1167 ibi
858 1133 1010 1168 laudatis
1027 1133 1087 1167 hic
1100 1133 1262 1168 addimus
1280 1145 1371 1178 quae
1381 1134 1502 1168 Faber

93 1195 233 1237 attulit,
256 1195 331 1230 Cic.
349 1195 444 1229 Phil.
459 1195 502 1238 11,
512 1193 571 1238 29,
583 1194 642 1228 71.
661 1195 704 1228 de
722 1194 794 1229 Off.
809 1195 853 1236 11,
867 1195 923 1239 16,
937 1195 995 1231 56.
1018 1197 1165 1238 Liv.111‚
1178 1195 1236 1236 52,
1246 1195 1281 1229 9.
1307 1195 1377 1239 [Cf.
1389 1195 1501 1230 Orell-

93 1257 140 1292 ad
149 1257 223 1292 Cic.
234 1256 376 1301 orahp.
389 1256 448 1291 26.
461 1256 612 1291 ed.min.
629 1255 712 1300 Fra]
732 1275 778 1280 -—
796 1256 977 1292 Clau-itudo
992 1270 1055 1292 cur
1073 1257 1267 1293 Sallustius
1288 1257 1405 1291 dicere
1421 1267 1502 1292 ma-

93 1318 220 1361 luerit,
244 1329 352 1363 quam
367 1318 534 1361 claritas,
559 1317 779 1362 intelligetur
797 1329 839 1352 ex
855 1320 985 1354 notatis
1006 1321 1051 1355 ad
1074 1320 1178 1355 Catil.
1197 1332 1229 1356 c.
1251 1318 1362 1363 xvn,
1382 1317 1418 1352 2.

185 1381 246 1417 111.
293 1383 326 1424 §.
350 1380 385 1414 1.
433 1380 666 1425 magistratus
699 1384 735 1414 et
764 1380 936 1426 imperia]
970 1382 1196 1426 Quamquam
1216 1381 1306 1415 haec
1323 1380 1503 1416 vocabula.

93 1454 199 1488 saepe
217 1441 419 1488 promiscue
441 1440 492 1474 ita
510 1445 744 1484 usurpantur,
767 1445 807 1477 ut
827 1442 864 1476 in
890 1442 1092 1476 universum
1118 1441 1256 1476 maiora
1281 1440 1504 1486 reipublicae

96 1502 392 1540 administrandae
406 1513 554 1536 munera
572 1501 791 1547 significent,
815 1505 968 1539 multum
987 1509 1106 1539 tamen
1124 1503 1214 1539 inter
1229 1506 1416 1547 utrumque
1442 1502 1504 1537 in-

94 1569 212 1603 terest.
258 1566 310 1600 Ac
327 1564 562 1609 magistratus
579 1563 721 1607 quidem
738 1565 824 1600 satis
846 1570 968 1600 notum
984 1570 1036 1600 est
1054 1565 1208 1610 intelligi
1224 1575 1373 1599 munera
1392 1564 1505 1599 dicta-

96 1631 235 1671 torum,
258 1625 462 1667 consulum,
486 1629 690 1670 praetorum
704 1653 714 1669 ,
738 1639 943 1671 censorum,
968 1628 1029 1672 qui
1056 1627 1164 1662 etiam
1191 1627 1341 1661 maiores
1365 1637 1504 1661 vocan-

99 1692 177 1731 tur,
199 1686 352 1722 comitiis
369 1686 590 1729 centuriatis,
616 1691 754 1732 praeter
771 1689 982 1732 dictatores,
1006 1689 1126 1726 creati.
1172 1689 1399 1734 Imperiorum
1431 1688 1503 1723 duo

99 1761 232 1796 genera
257 1751 357 1790 sunt,
392 1748 493 1782 civile
515 1749 689 1791 alterum,
723 1751 874 1785 alterum
901 1751 1067 1786 militare.
1112 1751 1205 1785 Illud
1226 1751 1407 1784 constabat
1425 1749 1505 1784 iure

98 1810 274 1854 edicendi,
296 1809 531 1854 prehendendi
543 1837 552 1852 ,
571 1810 892 1852 animadvertendi,
915 1810 1114 1854 coercendi,
1139 1810 1175 1844 in
1191 1811 1374 1854 provincia
1390 1811 1505 1846 securi

99 1872 268 1916 feriendi,
294 1870 507 1914 omninoque
537 1882 660 1906 earum
691 1884 812 1907 rerum
844 1876 1035 1918 potestate,
1059 1882 1152 1916 quae
1179 1883 1246 1917 pro
1267 1873 1423 1907 muneris
1445 1884 1507 1908 ra-

99 1934 195 1970 tione
219 1932 378 1978 agendae
401 1935 532 1975 essent,
557 1943 599 1967 ac
620 1933 726 1967 simul
742 1945 822 1967 eum
841 1935 919 1979 ipso
938 1933 1168 1979 magistratus
1188 1934 1323 1969 honore
1341 1935 1505 1969 dabatur.

99 1995 181 2031 noc
196 2005 282 2029 vero
299 1994 496 2038 pertinebat
514 1994 558 2028 ad
580 1998 788 2039 potestatem
811 1996 894 2030 belli
916 1995 1083 2042 gerendi,
1107 2006 1198 2040 quae
1217 1995 1312 2029 facto
1334 1994 1407 2029 iam
1427 2007 1507 2030 ma-

99 2055 267 2104 gistratui
290 2056 371 2101 lege
405 2057 546 2090 curiata
578 2056 792 2098 addebatur,
823 2068 928 2102 quam
952 2058 1068 2103 legem
1093 2056 1155 2100 qui
1179 2068 1249 2090 non
1269 2057 1437 2099 haberet,
1472 2057 1507 2092 ei

100 2129 171 2154 non
188 2117 321 2152 licebat
335 2128 412 2151 rem
429 2117 621 2151 militarem
639 2117 834 2162 attinger03
868 2130 902 2153 V.
919 2119 994 2154 Cic.
1013 2119 1058 2154 de
1076 2119 1157 2164 lege
1173 2128 1293 2163 agrar.
1315 2118 1359 2160 Π,
1379 2117 1437 2159 12,
1447 2118 1506 2155 3⁰.

101 2180 183 2215 Hoc
199 2178 310 2225 igitur
327 2178 482 2213 militare
501 2178 690 2222 imperium
710 2191 819 2223 quum
842 2183 932 2214 esset
953 2179 1107 2215 accessio
1127 2183 1163 2214 et
1178 2178 1310 2214 additio
1329 2179 1374 2213 ad
1390 2177 1509 2224 magi-

102 2243 272 2282 stratum,
297 2240 360 2284 qui
387 2239 422 2274 id
447 2240 590 2275 tenebat
614 2240 798 2275 dicebatur
822 2253 920 2276 cum
947 2243 1092 2287 imperio
1121 2252 1216 2282 esse‚·
1238 2240 1328 2274 illud
1354 2241 1509 2275 alterum

103 2301 166 2347 qui
183 2301 360 2344 habebat,
394 2301 479 2346 quia
505 2314 588 2336 cum
605 2302 681 2347 ipso
699 2313 844 2336 munere
870 2307 947 2338 erat·
972 2303 1220 2346 coniunctum,
1252 2301 1433 2336 dicebatur
1459 2303 1509 2336 in

103 2363 250 2408 imperio
275 2373 369 2404 esse,
391 2373 605 2407 quamquam
632 2364 723 2397 haec
740 2363 917 2398 interdum
938 2376 1006 2398 non
1023 2368 1189 2399 accurate
1211 2363 1396 2398 observata
1417 2367 1508 2398 sunt.

103 2424 206 2460 Patet
234 2423 367 2469 igitur,
399 2423 462 2458 ubi
487 2423 693 2468 simpliciter
718 2426 856 2470 imperii
887 2425 1020 2460 mentio
1052 2425 1136 2466 fiat,
1174 2435 1244 2459 non
1261 2435 1362 2469 posse
1379 2424 1511 2469 ubique

105 2484 271 2531 cognosci
300 2487 418 2520 utrum
443 2496 554 2530 genus
581 2485 825 2532 intelligatur3
856 2488 919 2522 ubi
940 2497 1024 2520 vero
1044 2486 1194 2530 imperia
1215 2498 1257 2519 ac
1275 2487 1510 2532 magistratus

104 2545 214 2583 simul
238 2536 497 2589 memorentur,
520 2549 561 2580 ut
585 2547 676 2591 apud
702 2548 773 2583 Cic.
800 2549 843 2583 de
869 2549 940 2583 Off.
960 2548 991 2587 1,
1020 2547 1078 2590 21,
1096 2546 1153 2580 71.
1191 2547 1290 2585 Lael.
1308 2560 1338 2584 c.
1360 2547 1418 2590 17,
1438 2548 1509 2590 63„

0 2642 3 2650 ,
69 2645 73 2649 ,
105 2618 246 2652 semper
271 2607 410 2652 imperii
434 2609 610 2642 vocabulo
635 2620 754 2644 rerum
784 2610 947 2645 civilium
976 2619 1019 2642 ac
1046 2607 1257 2643 militarium
1286 2609 1510 2644 coniunctam

106 2671 313 2713 potestatem
345 2668 551 2714 significari.
600 2669 645 2703 cf.
677 2670 721 2704 de
751 2674 826 2706 tota
853 2682 892 2704 re
919 2669 1074 2704 Ernestii
1104 2670 1203 2705 Clav.
1223 2670 1297 2704 Cic.
1317 2681 1354 2704 v.
1373 2671 1510 2715 imper„

107 2730 210 2764 Ferd.
234 2729 440 2764 Schulzium
459 2730 503 2765 de
521 2730 683 2765 Comitiis
702 2730 808 2764 Rom.
827 2742 861 2775 p.
880 2729 984 2773 287„
1014 2731 1183 2765 Heinecci
1201 2731 1343 2776 Antiqq.
1362 2733 1508 2766 Romm.

108 2790 169 2833 lv,
189 2789 224 2837 6,
242 2789 276 2826 5.
294 2803 331 2837 p.
350 2791 432 2827 660.
453 2792 507 2827 ed.
528 2792 725 2837 Haubold„
751 2791 875 2838 Sigon.
893 2792 939 2828 ad
957 2791 1034 2830 Liv.
1051 2793 1211 2838 xxvul,
1234 2792 1294 2836 38,
1311 2793 1346 2828 4.
1369 2813 1416 2819 -
1441 2792 1510 2827 Po-
