1826 3276
455 174 820 219 IUGURTHA.
883 177 1015 220 GAP.
1060 152 1169 221 clv.
1421 183 1507 226 567

112 293 327 339 Bocchus
363 309 504 354 quum
541 300 705 355 cetera,
735 301 832 340 tum
867 309 1076 341 maxume
1108 294 1431 358 benignitatem
1461 305 1507 343 et

111 393 312 437 studium
339 392 508 451 Sullae,
545 393 704 438 lubens
730 383 928 455 accepit.
1001 395 1180 439 Romae
1208 395 1368 457 legatis
1399 396 1542 450 eius,4

99 463 356 551 postquam
386 506 556 536 errasse
587 506 746 552 regem
775 497 822 537 et
847 491 1096 553 Iugurthae
1125 493 1296 538 scelere
1327 492 1506 554 lapsum

109 588 343 648 deprecati
391 594 516 644 sunt,
564 589 801 633 amicitiam
839 595 884 634 et
922 590 1085 635 foedus
1121 591 1379 650 petentibus
1413 590 1505 636 hoc

107 685 258 758 modo*
299 685 624 746 respondetur:
681 686 872 732 Senatus
927 693 974 732 et
1027 688 1225 748 populus
1271 689 1541 738 Romanus5

104 782 299 831 benefici
353 788 398 827 et
450 783 636 828 iniuriae
694 799 869 829 memor
923 800 1022 830 esse
1075 785 1205 829 solet.
1280 772 1505 831 ‘Ceterum
1568 774 1570 779 ’

101 963 174 998 Pro
195 967 380 998 mutantur
402 963 592 1002 Putschius
614 978 658 1001 ex
681 967 885 1001 coniectura
908 965 1050 1011 scripsit
1072 971 1224 1010 mutant,
1248 965 1342 1011 quod
1364 964 1506 1000 Cor-tius

101 1024 228 1068 cupide
249 1025 434 1070 amplexus
459 1030 525 1069 est,
549 1039 659 1072 quum
683 1027 823 1063 vratisl.
847 1026 880 1062 3.
903 1028 1148 1063 confirmetur„
1189 1027 1260 1062 Sed
1289 1037 1504 1071 quamquam

99 1085 196 1120 hunc
216 1087 319 1121 verbi
342 1098 444 1122 usum
469 1089 717 1134 agnoscimus,
745 1102 779 1124 v.
805 1090 848 1124 ad
873 1101 904 1123 c.
931 1088 1106 1129 xxxtx,
1130 1087 1207 1132 10„
1239 1092 1357 1124 tamen
1383 1093 1504 1124 contra

99 1149 236 1181 tantum
258 1148 359 1182 codd.
385 1160 592 1184 consensum
615 1162 684 1186 non
708 1152 847 1186 videtur
869 1149 1039 1185 Sallustio
1062 1150 1332 1185 obtrudendum.

192 1210 226 1252 §.
260 1208 296 1243 3.
343 1211 469 1244 Mauri
500 1230 547 1237 —
580 1217 651 1247 tres
674 1233 719 1238 —
753 1211 846 1255 duo]
902 1212 975 1245 Cur
1012 1211 1134 1245 Mauri
1166 1211 1300 1246 dictum
1330 1211 1401 1256 sit,
1435 1222 1503 1246 uon

101 1269 330 1312 Maurorum,
354 1270 440 1306 licet
456 1277 630 1316 sequatur
651 1278 724 1308 tres
752 1293 790 1299 -
819 1274 910 1318 duo,
936 1272 1196 1307 declaravimus
1220 1273 1264 1307 ad
1289 1284 1320 1306 c.
1346 1273 1441 1315 xlx,
1468 1272 1501 1307 1.

98 1341 134 1375 p.
157 1330 239 1365 118.
298 1332 380 1366 Hoc
413 1333 508 1368 enim
532 1334 704 1378 spectavit
728 1338 875 1377 auctor,
899 1337 939 1369 ut
962 1334 1129 1368 Romanis
1151 1334 1187 1368 in
1211 1334 1417 1368 universum
1441 1344 1502 1376 op-

97 1394 311 1436 ponerentur
333 1393 471 1436 Mauri,
507 1395 552 1430 ad
571 1392 664 1439 'quos
686 1387 828 1430 transiit
851 1394 988 1436 orati03
1015 1407 1086 1439 quo
1109 1396 1262 1430 efficitur
1283 1398 1323 1429 nt
1344 1394 1502 1439 partium

97 1452 311 1499 significatio
341 1465 411 1488 non
442 1466 486 1489 ex
516 1455 674 1501 genitivo
702 1456 877 1502 pendeat,
907 1455 967 1490 sed
990 1466 1053 1499 pcr
1077 1455 1333 1499 appositionem
1357 1467 1501 1500 praece-

96 1514 193 1549 denti
214 1513 350 1549 nomini
373 1516 542 1551 addatur.
566 1537 610 1543 -—
643 1518 727 1552 Post
751 1518 906 1552 omnibus
928 1516 964 1551 in
986 1516 1115 1562 viginti
1139 1517 1238 1551 codd.
1263 1516 1423 1552 additum
1450 1520 1502 1552 eat

95 1573 219 1618 rebus,
250 1575 345 1619 quod
366 1587 584 1621 quamquam
608 1589 677 1612 non
700 1579 831 1612 falsum
856 1581 926 1621 est,
957 1582 1077 1612 tamen
1101 1577 1331 1613 librariorum
1354 1589 1499 1613 uranum

95 1636 230 1682 prodit,
262 1636 511 1682 immeritoque
536 1649 558 1673 a
582 1639 703 1673 Cortio
727 1642 908 1681 receptum
933 1642 995 1674 est.
1031 1658 1076 1664 ——
1119 1640 1180 1672 Cn.
1207 1640 1352 1674 Octavio
1377 1640 1499 1682 Rufo
1554 1652 1557 1662 ·

96 1700 158 1734 vix
187 1699 224 1734 in
254 1710 326 1734 uuo
354 1700 540 1744 alteroque
570 1700 647 1734 cod.
680 1699 825 1735 Gruteri
856 1699 1008 1744 legitur3
1039 1699 1198 1744 plerique
1223 1710 1343 1733 omnes
1366 1699 1500 1734 habent
1568 1720 1569 1723 =

98 1762 258 1805 Rusone,
290 1761 385 1805 quod
408 1762 538 1796 falsum
565 1773 640 1796 esse
662 1760 781 1794 docuit
805 1760 956 1805 Pighius
979 1761 1118 1795 Aunall.
1141 1760 1248 1794 Tom.
1273 1760 1335 1794 111.
1358 1771 1393 1804 p.
1418 1759 1498 1796 139.

95 1823 134 1856 lu
158 1821 356 1857 Octaviana
377 1827 483 1868 gente
513 1823 609 1857 enim
642 1823 727 1867 Rufi
762 1822 880 1864 tuere,
910 1833 979 1857 non
1011 1823 1178 1865 Rusones.
1206 1839 1254 1845 ——-
1293 1822 1384 1856 Sunt
1421 1825 1499 1865 post

27 1883 31 1885 ’
94 1883 249 1928 profecti
282 1883 356 1918 fere
388 1895 510 1919 omnes
545 1885 644 1919 codd.
679 1887 807 1923 tenent,
840 1883 994 1928 exceptis
1023 1883 1166 1917 Fabi-ic.
1191 1882 1223 1916 1.
1249 1881 1284 1915 2.
1309 1882 1380 1916 inc.
1405 1882 1438 1915 1.
1460 1883 1498 1917 2.

94 1944 202 1979 Aean.
227 1945 346 1980 Guelf.
370 1945 404 1980 6.
430 1946 532 1980 Bodl.
558 1944 734 1980 nonnullis
752 1943 973 1978 Gruter-inuis
996 1948 1031 1979 et
1053 1944 1187 1985 Leidd„
1210 1942 1271 1986 qui
1295 1954 1359 1977 cur
1382 1943 1497 1987 potio-

94 2017 169 2047 rem
195 2009 393 2054 ceterorum
415 2018 584 2041 consensu
608 2007 712 2056 fide-331
736 2010 939 2040 mereantur
961 2016 1030 2038 non
1052 2003 1167 2040 video.
1216 2004 1356 2038 Cottius
1378 2009 1497 2039 tamen

94 2071 129 2102 et
153 2067 364 2102 Gerlachius
385 2068 534 2101 verbum
558 2063 762 2104 omiserunt.
793 2087 840 2093 «-
873 2067 1007 2101 Eadem
1038 2065 1185 2099 levitate
1215 2065 1429 2100 Gerlachius
1458 2067 1494 2100 in

94 2128 147 2162 ed.
173 2127 259 2162 mai.
283 2140 354 2163 non
377 2130 491 2163 solum
515 2135 678 2174 quaestor
701 2130 777 2164 sine
800 2129 898 2163 codd.
922 2127 1136 2163 auctoritate
1159 2126 1276 2169 eiecit,
1301 2127 1362 2161 sed
1387 2127 1493 2161 etiam

94 2189 132 2223 r'n
157 2190 336 2233 Africam,
362 2202 453 2234 quae
479 2192 588 2226 verba
610 2191 647 2225 in
671 2191 786 2225 Putat.
809 2190 843 2224 2.
869 2193 905 2223 et
930 2188 1067 2232 aliquot
1090 2187 1211 2222 Lvidd.
1236 2188 1373 2231 desunt,
1395 2187 1495 2223 uncis

94 2250 249 2294 inclusit,
274 2251 312 2285 in
334 2252 390 2285 ed.
412 2251 498 2286 min.
527 2264 614 2287 vero
638 2253 777 2297 scripsit
800 2253 1080 2297 adportaverat,
1102 2249 1197 2293 quod
1225 2249 1358 2294 pariter
1381 2249 1491 2283 libro-

79 2310 174 2348 'rum
196 2312 268 2346 fide
291 2311 511 2356 destituitur,
535 2315 595 2357 qui
619 2315 694 2348 t'ere
717 2325 837 2348 omnes
858 2316 1066 2358 portaverat
1087 2311 1241 2352 habent,
1264 2310 1402 2344 dicendi
1425 2321 1493 2344 usu

94 2373 398 2416 commendatum
422 2375 469 2408 ct'.
492 2379 659 2410 annotata
685 2375 729 2410 ad
754 2387 783 2409 c.
807 2373 969 2415 XXXVI,
994 2372 1098 2407 1.--
1125 2372 1313 2416 Deprecati
1335 2377 1415 2406 sunt
1438 2371 1491 2405 in-

94 2437 264 2479 terpretes
287 2445 356 2468 non
380 2435 465 2470 satis
490 2442 655 2472 accurate
677 2437 852 2481 explicant
875 2439 1106 2476 excusarunt,
1130 2434 1224 2478 quod
1247 2433 1491 2469 tantummodo

92 2507 136 2530 ex
157 2498 259 2540 parte
281 2495 317 2530 in
340 2498 450 2531 verbo
473 2497 573 2532 inest.
619 2499 710 2533 Num
742 2507 851 2542 quum
883 2496 1065 2541 deprecari
1093 2496 1211 2530 valeat
1230 2496 1391 2540 precibus
1414 2505 1490 2529 rem

93 2557 227 2591 malam
251 2562 410 2593 uomere
433 2559 586 2602 studere,
610 2559 798 2594 Sallustius
817 2559 886 2593 hoc
903 2558 1013 2592 verbo
1034 2557 1086 2591 ita
1110 2568 1193 2591 usus
1210 2559 1274 2599 est,
1297 2559 1337 2591 ut
1359 2555 1494 2590 omissa*

94 2629 156 2661 re,
187 2630 296 2664 quum
322 2619 433 2666 legati
455 2624 615 2655 avertere
637 2621 832 2663 studerent,
866 2630 991 2663 nempe
1019 2619 1112 2652 iram
1139 2618 1375 2652 Romanorum
1398 2618 1488 2651 Boc-

58 2705 62 2707 >
95 2679 218 2725 allique
246 2691 413 2725 poenam,
446 2681 491 2715 ad
515 2682 694 2726 deprecati
714 2686 795 2716 sunt
815 2682 963 2715 referret
984 2691 1049 2725 ea,
1080 2691 1172 2724 quae
1195 2679 1374 2725 petitionis
1396 2677 1487 2713 obti-

62 2767 67 2770 -
95 2743 228 2777 mendae
250 2753 375 2778 caussa
398 2742 582 2784 dixerunt,
613 2750 667 2777 sc:
685 2744 884 2787 confitentes
905 2753 1040 2777 errasse
1061 2753 1195 2788 regem,
1220 2744 1488 2784 excusantesquc

94 2803 189 2848 quod
210 2815 280 2839 non
303 2814 391 2847 su03
415 2804 474 2839 sed
497 2804 692 2849 Iugurthae
716 2804 848 2838 scelere
875 2803 994 2846 lapsus
1015 2806 1117 2840 esset.
1165 2803 1285 2846 Quare
1305 2806 1489 2847 postquam
