1826 3276
453 181 815 227 IUGURTHA.
877 182 1015 225 CAP.
1045 181 1222 225 XCVII.
1437 184 1526 228 51⁸1

131 314 258 346 more
283 300 469 361 proelii,
506 300 589 345 sed
625 299 906 356 catervatim,
949 299 1012 343 uti
1044 315 1248 360 quosque
1280 299 1372 345 fors
1409 315 1522 345 con-

129 397 421 458 globaverat,
466 398 512 442 in
546 403 724 442 nostros
758 398 1009 451 incurrunt3
1056 398 1133 456 qui
1168 412 1322 444 omnes
1357 398 1562 460 trepidif»

128 495 371 556 improviso
398 501 536 549 metu,
564 511 618 539 ac
647 501 799 539 tamen
828 494 997 539 virtutis
1025 509 1262 551 memores,
1293 502 1370 540 aut
1399 511 1524 540 arma

129 592 390 653 capiebant,
436 599 514 637 aut
558 593 772 653 capientis
816 591 926 636 alios
973 592 1032 636 ab
1073 592 1276 648 hostibus
1314 593 1523 638 defensa·-

127 688 260 744 bant;
305 704 412 750 pars
459 705 600 749 equos
651 688 922 746 escendere,
969 690 1149 735 obviam
1194 691 1260 735 ire
1302 690 1521 744 hostibus,

124 836 212 880 Lx,
236 836 310 882 1.),
334 840 396 872 aut
417 838 460 872 de
483 837 546 872 illo
569 837 690 884 signo,
723 837 816 882 quod
840 838 912 872 alio
933 838 1076 873 nomine
1097 838 1284 883 symbolum
1307 843 1368 874 aut
1391 844 1522 874 tessera

123 897 265 942 dicitur,
289 899 452 943 quodque
474 899 647 934 militibus
669 899 836 942 dabatur,
862 903 901 934 ut
923 899 1057 934 socium
1082 900 1127 934 ab
1151 899 1253 934 hoste
1276 901 1522 943 discernerent,

123 963 186 995 aut
208 959 359 1005 denique
381 960 426 994 de
447 964 596 1005 utroque
618 961 687 995 hoc
710 961 825 1007 signo,
851 967 890 996 ut
913 961 988 1006 ipse
1012 973 1080 1007 ego
1105 960 1277 1007 intelligo.
1324 962 1522 1006 Utrumque

124 1023 299 1055 memorat
325 1021 425 1055 Caes.
450 1021 494 1057 B.
520 1022 566 1056 G.
591 1022 635 1066 11,
660 1021 719 1064 20,
743 1021 778 1056 l.
839 1022 984 1057 Caesari
1009 1024 1126 1057 omnia
1150 1035 1217 1057 uno
1239 1028 1395 1068 tempore
1419 1027 1522 1058 erant

122 1080 282 1126 agenda,
306 1081 470 1116 vexillum
492 1083 764 1127 proponendum,
788 1083 967 1130 signum
991 1086 1102 1118 tuba
1126 1084 1334 1124 dandum,
1358 1103 1403 1110 —
1428 1084 1521 1118 acies

119 1141 337 1184 instruenda,
365 1144 493 1178 milites
515 1144 735 1186 cohortandi,
758 1145 944 1190 signum
969 1146 1188 1188 dandum,
1212 1144 1274 1179 ubi
1299 1156 1331 1179 v.
1356 1144 1520 1179 Vossium

121 1203 187 1247 (et
207 1202 428 1249 Hermgium
438 1205 468 1248 ).
516 1205 616 1240 Auct.
640 1206 685 1242 Β,
710 1206 821 1241 Afric.
845 1218 875 1240 c.
900 1206 1106 1248 Lxxxm,
1130 1206 1164 1240 1.
1214 1206 1314 1248 Quod
1335 1211 1519 1251 postquam

122 1265 256 1299 Caesar
283 1265 455 1299 intellexit
485 1266 642 1300 incitatis
675 1268 827 1302 militum
858 1268 986 1302 animis
1017 1268 1134 1301 resisti
1161 1269 1255 1301 nullo
1286 1268 1387 1302 modo
1407 1279 1519 1313 posse,

119 1326 251 1371 signo
277 1326 541 1369 felicitatis
572 1326 681 1361 dato
715 1328 752 1362 in
786 1330 918 1363 hostem
943 1330 996 1363 ire
1019 1328 1205 1362 contendit.
1230 1339 1263 1362 v,
1288 1328 1450 1373 interprr.
1474 1329 1520 1364 ad

117 1385 183 1424 Sil.
206 1386 290 1429 vn,
313 1385 395 1421 847.
431 1386 546 1420 Con‘r.
569 1387 614 1421 cf.
639 1387 804 1423 Creuzeri
826 1389 967 1433 Autiqq.
993 1390 1100 1423 Rom.
1137 1389 1170 1433 §-
1194 1388 1276 1424 241.
1301 1402 1333 1434 p.
1357 1389 1439 1425 375.
1464 1390 1519 1425 ed.

116 1448 162 1485 11.
185 1466 231 1474 —-
278 1448 333 1482 ne
355 1446 539 1492 particulis
559 1459 628 1481 non
651 1466 696 1475 ·—
717 1460 829 1495 neque
852 1460 886 1483 v·
912 1450 957 1483 ud
985 1450 1061 1486 Cat.
1085 1450 1160 1492 LII,
1183 1450 1217 1484 6.
1247 1470 1281 1475 —
1332 1452 1520 1486 Incurrunt

114 1507 346 1552 restituimus,
367 1508 604 1552 plurimorum
629 1510 728 1546 codd.
757 1522 926 1545 consensu
948 1510 999 1545 ita
1020 1510 1171 1545 iubente.
1200 1511 1339 1546 Curtius
1362 1511 1520 1552 ediderat

116 1567 345 1611 concurrunt,
377 1570 472 1613 quod
503 1569 638 1615 legitur
669 1570 706 1605 in
727 1572 876 1606 Eccnrd.
904 1571 982 1606 Vin.
1007 1571 1041 1606 1.
1068 1572 1150 1606 Bas.
1176 1573 1210 1606 1.
1235 1571 1269 1605 4.
1293 1572 1420 1606 Franc.
1445 1572 1518 1608 lnc.

114 1630 150 1666 1.
174 1630 211 1666 2.
236 1630 356 1669 Struv.
384 1629 526 1665 thisl.
551 1630 587 1665 2.
619 1630 738 1674 Quelf.
762 1632 796 1666 7.
822 1632 880 1666 11.
905 1632 1002 1667 Leid.
1026 1633 1069 1667 F.
1095 1632 1140 1666 G.
1163 1633 1208 1667 N.
1233 1632 1347 1667 Paris.
1372 1644 1401 1667 c.
1425 1644 1460 1667 x.
1486 1645 1518 1668 z.

114 1692 234 1727 Berol.
262 1691 297 1727 2.
346 1691 387 1726 ld
413 1692 561 1726 verbum
586 1691 672 1726 ferri
696 1703 796 1736 posse
818 1693 924 1727 facile
949 1693 1111 1735 concedo,
1137 1694 1194 1727 sed
1220 1693 1388 1737 vulgatae
1409 1705 1515 1738 prae-

115 1758 211 1789 utare
233 1765 303 1788 non
328 1764 471 1798 possum
494 1752 586 1786 mihi
613 1754 846 1797 persuadere,
871 1753 1002 1798 quippe
1024 1765 1096 1798 qua
1119 1754 1342 1789 vehementia
1365 1755 1517 1800 impetus

117 1816 232 1850 multo
254 1814 382 1850 melius
404 1813 619 1859 designetur.

206 1879 239 1920 §.
263 1875 297 1910 5.
323 1876 518 1920 escendere]
546 1875 656 1909 Codd.
676 1886 795 1909 omnes
815 1879 933 1910 tenent
952 1876 1151 1917 ascendere,
1174 1874 1241 1909 nisi
1265 1875 1358 1920 quod
1384 1875 1421 1910 in
1442 1876 1514 1910 Pa-

114 1937 174 1972 lnt.
199 1938 234 1973 1.
258 1941 293 1972 et
315 1937 442 1972 Nazar.
467 1947 492 1970 a
515 1936 552 1970 in
574 1947 699 1971 rasura
723 1937 913 1981 scriptum3
948 1937 1007 1970 sed
1033 1930 1140 1980 quam
1164 1936 1337 1970 edidimus
1359 1937 1514 1972 formam

110 1997 274 2032 Arusian.
307 1998 443 2032 Messus
476 2002 592 2032 tuetur
624 1998 662 2032 h.
694 2010 730 2034 v.
764 1999 980 2042 (Grammnt.
1006 1998 1096 2033 Latt.
1124 1998 1200 2032 Vol.
1234 1998 1261 2033 1.
1287 2010 1320 2042 p.
1343 1997 1424 2033 229.
1458 1999 1513 2032 ed.

113 2059 316 2104 undem),
351 2060 496 2104 eiusque
529 2059 774 2094 auctoritatem
806 2059 880 2093 iam
918 2059 1058 2094 Cornus
1089 2062 1125 2093 et
1160 2059 1371 2093 Gerlaehius
1403 2059 1514 2095 secuti

111 2125 203 2156 sunt.
252 2121 479 2166 Quamquam
510 2122 644 2164 fateor,
676 2121 742 2155 nisi
767 2121 961 2155 Arusianus
995 2124 1029 2154 et
1053 2123 1168 2154 aetate
1191 2120 1330 2154 codices
1352 2120 1511 2163 anteiret,

113 2185 148 2216 ot
169 2181 362 2216 multorum
386 2182 538 2217 aliorum
561 2183 719 2217 locorum
742 2180 1208 2227 scripturamrintegriorem
1231 2192 1338 2226 quam
1360 2181 1415 2215 illi
1438 2193 1513 2216 ser-

69 2254 73 2255 ’
113 2247 224 2285 varet,
248 2244 435 2289 vulgatam
462 2243 553 2278 mihi
578 2243 693 2289 magis
717 2244 881 2287 probari,
906 2243 1078 2288 siquidem
1103 2243 1207 2279 Conr.
1231 2243 1339 2287 Leop.
1362 2242 1511 2278 Schnei-

113 2304 218 2338 derus
250 2303 287 2338 in
320 2305 441 2339 Gram.
476 2305 552 2339 Lat.
587 2305 665 2340 Vol.
698 2305 726 2339 Ι.
761 2305 801 2339 P.
833 2305 877 2339 ΙΙ.
912 2317 946 2349 p.
972 2303 1053 2339 552.
1076 2308 1171 2338 recte
1194 2308 1346 2340 statuere
1368 2304 1511 2340 videtur

113 2366 295 2403 escendere
324 2376 402 2400 esse
435 2366 472 2400 iu
503 2376 695 2407 summum,
725 2366 786 2399 *vel
820 2366 856 2400 in
892 2367 1001 2400 locum
1037 2366 1218 2400 editiorem
1245 2366 1351 2407 eniti,
1386 2377 1428 2400 ac
1449 2366 1510 2401 vix

112 2425 297 2462 transitivo
321 2437 423 2462 sensu
448 2427 625 2471 usurpari.
672 2427 793 2471 Quare
816 2427 847 2461 si
870 2438 956 2461 vera
980 2431 1032 2461 est
1054 2426 1218 2461 Arusiani
1242 2425 1359 2469 lectio,
1381 2429 1509 2470 putan-

113 2487 178 2522 dus
211 2490 264 2523 est
296 2487 486 2523 Sallustius
519 2487 744 2523 insolentiore
779 2487 886 2521 modo
918 2489 1099 2523 escendere
1133 2498 1198 2532 pro
1231 2487 1418 2522 ascendere
1450 2488 1509 2522 vel

113 2549 338 2584 conscendere
361 2549 501 2584 dixisse.
534 2569 581 2575 —
630 2549 888 2591 muccinium,
922 2549 1058 2594 proelio
1091 2552 1154 2583 aut
1186 2549 1280 2582 bello
1302 2547 1509 2592 saepissime

113 2608 337 2654 oppositum,
371 2610 552 2657 significat
581 2610 818 2652 inconditum,
854 2610 1116 2645 fraudulentum
1149 2614 1184 2645 et
1215 2609 1419 2644 insidiosum
1442 2621 1507 2654 pu-

113 2670 245 2717 gnandi
268 2681 402 2717 genus,
430 2669 507 2716 ¹quo
532 2674 679 2706 utuntur
701 2671 762 2716 qui
785 2671 820 2705 in
843 2671 1027 2706 inhonesta
1051 2681 1175 2706 caussa
1196 2674 1232 2706 et
1253 2669 1389 2705 viribus
1411 2670 1508 2705 diffi-

113 2732 231 2766 ‹ln-ntea
253 2743 330 2767 rem
355 2738 476 2778 aperte
501 2743 627 2779 gerere
650 2736 712 2767 aut
735 2733 858 2766 nolunt
880 2735 942 2766 ant
966 2743 1035 2766 non
1055 2732 1193 2766 nudent.
1244 2732 1416 2771 Proelium
1438 2731 1509 2777 igi-

117 2799 175 2830 tur
205 2797 267 2830 eut
297 2795 423 2830 bellum
453 2794 489 2829 in
520 2794 586 2830 tali
616 2805 707 2829 nexu
738 2793 946 2839 praegnanti
970 2805 1074 2829 sensu
1094 2794 1192 2837 velet
1213 2794 1342 2828 iustum
1366 2803 1422 2839 pr.
1444 2796 1508 2828 ant
