<?xml version="1.0" encoding="UTF-8"?>
<!DOCTYPE html PUBLIC "-//W3C//DTD XHTML 1.0 Transitional//EN"
    "http://www.w3.org/TR/xhtml1/DTD/xhtml1-transitional.dtd">
<html xmlns="http://www.w3.org/1999/xhtml" xml:lang="en" lang="en">
 <head>
  <title>
</title>
<meta http-equiv="Content-Type" content="text/html;charset=utf-8" />
  <meta name='ocr-system' content='tesseract 3.04.00' />
  <meta name='ocr-capabilities' content='ocr_page ocr_carea ocr_par ocr_line ocrx_word'/>
</head>
<body>
  <div class='ocr_page' id='page_1' title='image "./operaquaesupers02salluoft_0606.png"; bbox 0 0 1826 3276; ppageno 0'>
   <div class='ocr_carea' id='block_1_1' title="bbox 364 110 1356 184">
    <p class='ocr_par' dir='ltr' id='par_1_1' title="bbox 364 110 1356 184">
     <span class='ocr_line' id='line_1_1' title="bbox 364 110 1356 184; baseline -0.004 -6"><span class='ocrx_word' id='word_1_1' title='bbox 364 143 450 184; x_wconf 72' lang='lat'><strong>584</strong></span> <span class='ocrx_word' id='word_1_2' title='bbox 509 110 514 116; x_wconf 73' lang='grc'><strong><em>’</em></strong></span> <span class='ocrx_word' id='word_1_3' title='bbox 728 132 773 174; x_wconf 87' lang='lat' dir='ltr'><strong>c.</strong></span> <span class='ocrx_word' id='word_1_4' title='bbox 801 129 1110 174; x_wconf 85' lang='lat' dir='ltr'><strong>SALLUSTI</strong></span> <span class='ocrx_word' id='word_1_5' title='bbox 1141 129 1356 174; x_wconf 74' lang='lat' dir='ltr'><strong>cmsm</strong></span> 
     </span>
    </p>
   </div>
   <div class='ocr_carea' id='block_1_2' title="bbox 338 245 1733 505">
    <p class='ocr_par' dir='ltr' id='par_1_2' title="bbox 338 245 1733 505">
     <span class='ocr_line' id='line_1_2' title="bbox 365 245 1733 316; baseline -0.004 -17"><span class='ocrx_word' id='word_1_6' title='bbox 365 251 717 316; x_wconf 84' lang='lat' dir='ltr'><strong>pertimesceret3</strong></span> <span class='ocrx_word' id='word_1_7' title='bbox 759 259 850 304; x_wconf 89' lang='lat' dir='ltr'><strong>quo</strong></span> <span class='ocrx_word' id='word_1_8' title='bbox 963 259 1035 289; x_wconf 84' lang='lat' dir='ltr'><strong>res</strong></span> <span class='ocrx_word' id='word_1_9' title='bbox 1079 246 1320 291; x_wconf 82' lang='lat' dir='ltr'><strong>communis</strong></span> <span class='ocrx_word' id='word_1_10' title='bbox 1358 245 1555 291; x_wconf 87' lang='lat' dir='ltr'><strong>licentius</strong></span> <span class='ocrx_word' id='word_1_11' title='bbox 1588 251 1733 308; x_wconf 77' lang='lat' dir='ltr'><strong>gere-&#39;</strong></span> 
     </span>
     <span class='ocr_line' id='line_1_3' title="bbox 369 339 1722 400; baseline -0.004 -7"><span class='ocrx_word' id='word_1_12' title='bbox 369 355 509 399; x_wconf 86' lang='lat' dir='ltr'><strong>retur3</strong></span> <span class='ocrx_word' id='word_1_13' title='bbox 552 357 655 388; x_wconf 86' lang='lat' dir='ltr'><strong>nam</strong></span> <span class='ocrx_word' id='word_1_14' title='bbox 698 339 755 386; x_wconf 88' lang='lat' dir='ltr'><strong>ab</strong></span> <span class='ocrx_word' id='word_1_15' title='bbox 800 339 961 389; x_wconf 81' lang='lat' dir='ltr'><strong>insidiis</strong></span> <span class='ocrx_word' id='word_1_16' title='bbox 1007 340 1096 384; x_wconf 86' lang='lat' dir='ltr'><strong>eius</strong></span> <span class='ocrx_word' id='word_1_17' title='bbox 1133 340 1258 384; x_wconf 64' lang='lat' dir='ltr'><strong>a‘liter</strong></span> <span class='ocrx_word' id='word_1_18' title='bbox 1290 342 1434 386; x_wconf 85' lang='lat' dir='ltr'><strong>caveri</strong></span> <span class='ocrx_word' id='word_1_19' title='bbox 1465 343 1722 400; x_wconf 82' lang='lat' dir='ltr'>nequivisse.</span> 
     </span>
     <span class='ocr_line' id='line_1_4' title="bbox 338 434 1727 505; baseline -0.001 -21"><span class='ocrx_word' id='word_1_20' title='bbox 338 440 468 487; x_wconf 72' lang='lat' dir='ltr'><strong>ssed</strong></span> <span class='ocrx_word' id='word_1_21' title='bbox 516 453 605 498; x_wconf 88' lang='lat' dir='ltr'><strong>ego</strong></span> <span class='ocrx_word' id='word_1_22' title='bbox 651 435 900 505; x_wconf 75' lang='lat' dir='ltr'><strong>comperior</strong></span> <span class='ocrx_word' id='word_1_23' title='bbox 945 434 1181 479; x_wconf 88' lang='lat' dir='ltr'><strong>Bocchum</strong></span> <span class='ocrx_word' id='word_1_24' title='bbox 1230 437 1372 496; x_wconf 86' lang='lat' dir='ltr'><strong>magis</strong></span> <span class='ocrx_word' id='word_1_25' title='bbox 1417 437 1582 482; x_wconf 84' lang='lat' dir='ltr'><strong>Punica</strong></span> <span class='ocrx_word' id='word_1_26' title='bbox 1622 439 1727 498; x_wconf 85' lang='lat' dir='ltr'><strong>fide,</strong></span> 
     </span>
    </p>
   </div>
   <div class='ocr_carea' id='block_1_3' title="bbox 373 530 1731 596">
    <p class='ocr_par' dir='ltr' id='par_1_3' title="bbox 373 530 1731 596">
     <span class='ocr_line' id='line_1_5' title="bbox 373 530 1731 596; baseline -0.001 -16"><span class='ocrx_word' id='word_1_27' title='bbox 373 549 508 596; x_wconf 84' lang='lat' dir='ltr'><strong>quam</strong></span> <span class='ocrx_word' id='word_1_28' title='bbox 530 533 600 580; x_wconf 71' lang='lat' dir='ltr'><strong>„ob</strong></span> <span class='ocrx_word' id='word_1_29' title='bbox 636 547 709 589; x_wconf 85' lang='lat' dir='ltr'><strong>ea,</strong></span> <span class='ocrx_word' id='word_1_30' title='bbox 754 546 870 590; x_wconf 82' lang='lat' dir='ltr'><strong>quae</strong></span> <span class='ocrx_word' id='word_1_31' title='bbox 908 530 1221 590; x_wconf 84' lang='lat' dir='ltr'><strong>praedicabat,</strong></span> <span class='ocrx_word' id='word_1_32' title='bbox 1267 531 1394 576; x_wconf 87' lang='lat' dir='ltr'><strong>simul</strong></span> <span class='ocrx_word' id='word_1_33' title='bbox 1426 532 1653 578; x_wconf 80' lang='lat' dir='ltr'><strong>Romanos</strong></span> <span class='ocrx_word' id='word_1_34' title='bbox 1685 540 1731 579; x_wconf 84' lang='lat' dir='ltr'><strong>et</strong></span> 
     </span>
    </p>
   </div>
   <div class='ocr_carea' id='block_1_4' title="bbox 341 649 1791 2731">
    <p class='ocr_par' dir='ltr' id='par_1_4' title="bbox 341 649 1791 2731">
     <span class='ocr_line' id='line_1_6' title="bbox 374 649 1733 696; baseline -0.001 -7"><span class='ocrx_word' id='word_1_35' title='bbox 374 655 450 689; x_wconf 85' lang='lat' dir='ltr'><strong>lum</strong></span> <span class='ocrx_word' id='word_1_36' title='bbox 476 657 516 689; x_wconf 77' lang='lat' dir='ltr'><strong>ut</strong></span> <span class='ocrx_word' id='word_1_37' title='bbox 537 655 573 688; x_wconf 89' lang='lat' dir='ltr'><strong>et</strong></span> <span class='ocrx_word' id='word_1_38' title='bbox 593 663 659 696; x_wconf 84' lang='lat' dir='ltr'><strong>ne,</strong></span> <span class='ocrx_word' id='word_1_39' title='bbox 691 650 751 686; x_wconf 83' lang='lat' dir='ltr'><strong>sed</strong></span> <span class='ocrx_word' id='word_1_40' title='bbox 775 649 883 685; x_wconf 90' lang='lat' dir='ltr'><strong>etiam</strong></span> <span class='ocrx_word' id='word_1_41' title='bbox 912 649 1061 684; x_wconf 82' lang='lat' dir='ltr'><strong>relativa</strong></span> <span class='ocrx_word' id='word_1_42' title='bbox 1091 660 1170 684; x_wconf 91' lang='lat' dir='ltr'><strong>cum</strong></span> <span class='ocrx_word' id='word_1_43' title='bbox 1203 650 1421 686; x_wconf 86' lang='lat' dir='ltr'><strong>coniunctivo</strong></span> <span class='ocrx_word' id='word_1_44' title='bbox 1443 653 1503 687; x_wconf 78' lang='lat' dir='ltr'><strong>vel</strong></span> <span class='ocrx_word' id='word_1_45' title='bbox 1524 652 1733 688; x_wconf 80' lang='lat' dir='ltr'><strong>infinitivum</strong></span> 
     </span>
     <span class='ocr_line' id='line_1_7' title="bbox 375 709 1734 758; baseline -0.001 -9"><span class='ocrx_word' id='word_1_46' title='bbox 375 713 573 758; x_wconf 84' lang='lat' dir='ltr'><strong>saepissime</strong></span> <span class='ocrx_word' id='word_1_47' title='bbox 594 710 702 755; x_wconf 87' lang='lat' dir='ltr'><strong>sequi.</strong></span> <span class='ocrx_word' id='word_1_48' title='bbox 737 709 891 752; x_wconf 83' lang='lat' dir='ltr'><strong>accedit,</strong></span> <span class='ocrx_word' id='word_1_49' title='bbox 923 710 1014 753; x_wconf 87' lang='lat' dir='ltr'><strong>quod</strong></span> <span class='ocrx_word' id='word_1_50' title='bbox 1036 714 1076 744; x_wconf 81' lang='lat' dir='ltr'><strong>ut</strong></span> <span class='ocrx_word' id='word_1_51' title='bbox 1098 713 1132 743; x_wconf 87' lang='lat' dir='ltr'><strong>et</strong></span> <span class='ocrx_word' id='word_1_52' title='bbox 1154 721 1197 744; x_wconf 80' lang='lat' dir='ltr'><strong>ne</strong></span> <span class='ocrx_word' id='word_1_53' title='bbox 1219 722 1286 745; x_wconf 87' lang='lat' dir='ltr'><strong>non</strong></span> <span class='ocrx_word' id='word_1_54' title='bbox 1309 712 1429 747; x_wconf 88' lang='lat' dir='ltr'><strong>eadem</strong></span> <span class='ocrx_word' id='word_1_55' title='bbox 1451 712 1578 756; x_wconf 77' lang='lat' dir='ltr'><strong>ubique</strong></span> <span class='ocrx_word' id='word_1_56' title='bbox 1598 713 1734 758; x_wconf 79' lang='lat' dir='ltr'><strong>signiti-</strong></span> 
     </span>
     <span class='ocr_line' id='line_1_8' title="bbox 376 768 1737 815; baseline 0 -6"><span class='ocrx_word' id='word_1_57' title='bbox 376 774 511 809; x_wconf 76' lang='lat' dir='ltr'>catione</span> <span class='ocrx_word' id='word_1_58' title='bbox 530 772 587 807; x_wconf 90' lang='lat' dir='ltr'><strong>his</strong></span> <span class='ocrx_word' id='word_1_59' title='bbox 608 770 722 805; x_wconf 83' lang='lat' dir='ltr'><strong>verbis</strong></span> <span class='ocrx_word' id='word_1_60' title='bbox 745 771 954 815; x_wconf 85' lang='lat' dir='ltr'><strong>iunguntur,</strong></span> <span class='ocrx_word' id='word_1_61' title='bbox 983 768 1043 802; x_wconf 84' lang='lat' dir='ltr'><strong>sed</strong></span> <span class='ocrx_word' id='word_1_62' title='bbox 1066 769 1246 812; x_wconf 71' lang='lat' dir='ltr'><strong>aliquoties</strong></span> <span class='ocrx_word' id='word_1_63' title='bbox 1266 770 1355 806; x_wconf 87' lang='lat' dir='ltr'><strong>inter</strong></span> <span class='ocrx_word' id='word_1_64' title='bbox 1376 771 1450 806; x_wconf 80' lang='lat' dir='ltr'><strong>sese</strong></span> <span class='ocrx_word' id='word_1_65' title='bbox 1473 768 1737 810; x_wconf 80' lang='lat' dir='ltr'><strong>commutantur.</strong></span> 
     </span>
     <span class='ocr_line' id='line_1_9' title="bbox 378 819 1736 879; baseline 0.001 -11"><span class='ocrx_word' id='word_1_66' title='bbox 378 834 446 869; x_wconf 88' lang='lat' dir='ltr'><strong>hoc</strong></span> <span class='ocrx_word' id='word_1_67' title='bbox 468 833 575 879; x_wconf 85' lang='lat' dir='ltr'><strong>igitur</strong></span> <span class='ocrx_word' id='word_1_68' title='bbox 598 832 675 866; x_wconf 90' lang='lat' dir='ltr'><strong>loco</strong></span> <span class='ocrx_word' id='word_1_69' title='bbox 698 830 748 865; x_wconf 90' lang='lat' dir='ltr'><strong>ita</strong></span> <span class='ocrx_word' id='word_1_70' title='bbox 769 819 919 865; x_wconf 80' lang='lat' dir='ltr'><strong>seribere</strong></span> <span class='ocrx_word' id='word_1_71' title='bbox 940 827 1057 862; x_wconf 89' lang='lat' dir='ltr'><strong>licuit:</strong></span> <span class='ocrx_word' id='word_1_72' title='bbox 1091 840 1158 863; x_wconf 81' lang='lat' dir='ltr'><strong>neu</strong></span> <span class='ocrx_word' id='word_1_73' title='bbox 1186 835 1326 875; x_wconf 78' lang='lat' dir='ltr'><strong>propter</strong></span> <span class='ocrx_word' id='word_1_74' title='bbox 1359 831 1518 877; x_wconf 78' lang='lat' dir='ltr'><strong>legatum</strong></span> <span class='ocrx_word' id='word_1_75' title='bbox 1543 845 1615 868; x_wconf 83' lang='lat' dir='ltr'><strong>rem</strong></span> <span class='ocrx_word' id='word_1_76' title='bbox 1646 846 1736 869; x_wconf 87' lang='lat' dir='ltr'><strong>com-</strong></span> 
     </span>
     <span class='ocr_line' id='line_1_10' title="bbox 341 889 1738 938; baseline 0.001 -10"><span class='ocrx_word' id='word_1_77' title='bbox 341 911 343 913; x_wconf 58' lang='lat'>&gt;</span> <span class='ocrx_word' id='word_1_78' title='bbox 379 903 515 928; x_wconf 83' lang='lat' dir='ltr'><strong>munem</strong></span> <span class='ocrx_word' id='word_1_79' title='bbox 544 891 696 926; x_wconf 76' lang='lat' dir='ltr'><strong>licentius</strong></span> <span class='ocrx_word' id='word_1_80' title='bbox 729 900 850 935; x_wconf 80' lang='lat' dir='ltr'><strong><em>gerere</em></strong></span> <span class='ocrx_word' id='word_1_81' title='bbox 878 889 1141 933; x_wconf 79' lang='lat' dir='ltr'><strong><em>pertimesceret.</em></strong></span> <span class='ocrx_word' id='word_1_82' title='bbox 1173 891 1232 925; x_wconf 87' lang='lat' dir='ltr'><strong>sed</strong></span> <span class='ocrx_word' id='word_1_83' title='bbox 1262 902 1325 934; x_wconf 86' lang='lat' dir='ltr'><strong>pro</strong></span> <span class='ocrx_word' id='word_1_84' title='bbox 1353 891 1522 928; x_wconf 83' lang='lat' dir='ltr'><strong>infinitivo</strong></span> <span class='ocrx_word' id='word_1_85' title='bbox 1550 905 1738 938; x_wconf 79' lang='lat' dir='ltr'><strong>pronomen</strong></span> 
     </span>
     <span class='ocr_line' id='line_1_11' title="bbox 380 947 1740 998; baseline 0.001 -11"><span class='ocrx_word' id='word_1_86' title='bbox 380 953 565 988; x_wconf 82' lang='lat' dir='ltr'><strong>relativum</strong></span> <span class='ocrx_word' id='word_1_87' title='bbox 595 950 721 995; x_wconf 78' lang='lat' dir='ltr'><strong>posuit.</strong></span> <span class='ocrx_word' id='word_1_88' title='bbox 765 948 864 983; x_wconf 86' lang='lat' dir='ltr'><strong>Nihil</strong></span> <span class='ocrx_word' id='word_1_89' title='bbox 894 950 984 981; x_wconf 87' lang='lat' dir='ltr'><strong>certe</strong></span> <span class='ocrx_word' id='word_1_90' title='bbox 1013 947 1050 981; x_wconf 84' lang='lat' dir='ltr'><strong>in</strong></span> <span class='ocrx_word' id='word_1_91' title='bbox 1079 948 1136 982; x_wconf 87' lang='lat' dir='ltr'><strong>his</strong></span> <span class='ocrx_word' id='word_1_92' title='bbox 1165 950 1279 984; x_wconf 82' lang='lat' dir='ltr'><strong>verbis</strong></span> <span class='ocrx_word' id='word_1_93' title='bbox 1310 951 1523 987; x_wconf 83' lang='lat' dir='ltr'><strong>difficultatis</strong></span> <span class='ocrx_word' id='word_1_94' title='bbox 1553 953 1688 998; x_wconf 84' lang='lat' dir='ltr'><strong>inesset,</strong></span> <span class='ocrx_word' id='word_1_95' title='bbox 1709 954 1740 989; x_wconf 89' lang='lat' dir='ltr'><strong>si</strong></span> 
     </span>
     <span class='ocr_line' id='line_1_12' title="bbox 380 998 1740 1058; baseline 0.003 -12"><span class='ocrx_word' id='word_1_96' title='bbox 380 1023 444 1058; x_wconf 78' lang='lat' dir='ltr'><strong>pro</strong></span> <span class='ocrx_word' id='word_1_97' title='bbox 467 1023 544 1056; x_wconf 82' lang='lat' dir='ltr'><strong>quo,</strong></span> <span class='ocrx_word' id='word_1_98' title='bbox 570 1021 614 1044; x_wconf 83' lang='lat' dir='ltr'><strong>ne</strong></span> <span class='ocrx_word' id='word_1_99' title='bbox 639 1009 804 1053; x_wconf 83' lang='lat' dir='ltr'><strong>scriptum</strong></span> <span class='ocrx_word' id='word_1_100' title='bbox 825 1010 924 1042; x_wconf 89' lang='lat' dir='ltr'><strong>esset.</strong></span> <span class='ocrx_word' id='word_1_101' title='bbox 947 998 991 1044; x_wconf 71' lang='lat' dir='ltr'><strong>vie</strong></span> <span class='ocrx_word' id='word_1_102' title='bbox 1015 1011 1049 1043; x_wconf 90' lang='lat' dir='ltr'><strong>et</strong></span> <span class='ocrx_word' id='word_1_103' title='bbox 1070 1015 1109 1043; x_wconf 78' lang='lat' dir='ltr'><strong>ut</strong></span> <span class='ocrx_word' id='word_1_104' title='bbox 1131 1008 1239 1054; x_wconf 78' lang='lat' dir='ltr'><strong>igitur</strong></span> <span class='ocrx_word' id='word_1_105' title='bbox 1261 1009 1351 1044; x_wconf 85' lang='lat' dir='ltr'><strong>inter</strong></span> <span class='ocrx_word' id='word_1_106' title='bbox 1365 1022 1402 1045; x_wconf 82' lang='lat' dir='ltr'><strong>se</strong></span> <span class='ocrx_word' id='word_1_107' title='bbox 1416 1016 1626 1048; x_wconf 82' lang='lat' dir='ltr'><strong>commutata</strong></span> <span class='ocrx_word' id='word_1_108' title='bbox 1639 1018 1740 1058; x_wconf 62' lang='grc' dir='ltr'>μυίας</span> 
     </span>
     <span class='ocr_line' id='line_1_13' title="bbox 383 1067 1743 1118; baseline 0.003 -12"><span class='ocrx_word' id='word_1_109' title='bbox 383 1084 449 1118; x_wconf 78' lang='lat' dir='ltr'><strong>quo</strong></span> <span class='ocrx_word' id='word_1_110' title='bbox 472 1071 566 1106; x_wconf 85' lang='lat' dir='ltr'><strong>enim</strong></span> <span class='ocrx_word' id='word_1_111' title='bbox 588 1080 668 1114; x_wconf 83' lang='lat' dir='ltr'><strong>pro:</strong></span> <span class='ocrx_word' id='word_1_112' title='bbox 690 1073 729 1103; x_wconf 81' lang='lat' dir='ltr'><strong>ut</strong></span> <span class='ocrx_word' id='word_1_113' title='bbox 752 1079 791 1103; x_wconf 87' lang='lat' dir='ltr'><strong>eo</strong></span> <span class='ocrx_word' id='word_1_114' title='bbox 815 1067 1007 1112; x_wconf 86' lang='lat' dir='ltr'><strong>positum.“</strong></span> <span class='ocrx_word' id='word_1_115' title='bbox 1045 1068 1114 1102; x_wconf 87' lang='lat' dir='ltr'><strong>Sed</strong></span> <span class='ocrx_word' id='word_1_116' title='bbox 1136 1069 1211 1113; x_wconf 86' lang='lat' dir='ltr'><strong>ipse</strong></span> <span class='ocrx_word' id='word_1_117' title='bbox 1231 1073 1348 1113; x_wconf 85' lang='lat' dir='ltr'><strong>postea</strong></span> <span class='ocrx_word' id='word_1_118' title='bbox 1369 1071 1516 1107; x_wconf 86' lang='lat' dir='ltr'><strong>sentiens</strong></span> <span class='ocrx_word' id='word_1_119' title='bbox 1536 1074 1606 1108; x_wconf 82' lang='lat' dir='ltr'><strong>hac</strong></span> <span class='ocrx_word' id='word_1_120' title='bbox 1626 1075 1743 1110; x_wconf 85' lang='lat' dir='ltr'><strong>scabie</strong></span> 
     </span>
     <span class='ocr_line' id='line_1_14' title="bbox 385 1127 1745 1177; baseline 0.004 -11"><span class='ocrx_word' id='word_1_121' title='bbox 385 1130 618 1177; x_wconf 81' lang='lat' dir='ltr'><strong>grammatica</strong></span> <span class='ocrx_word' id='word_1_122' title='bbox 649 1129 767 1163; x_wconf 85' lang='lat' dir='ltr'><strong>locum</strong></span> <span class='ocrx_word' id='word_1_123' title='bbox 796 1139 864 1162; x_wconf 88' lang='lat' dir='ltr'><strong>nou</strong></span> <span class='ocrx_word' id='word_1_124' title='bbox 897 1127 1070 1172; x_wconf 84' lang='lat' dir='ltr'><strong>expediri,</strong></span> <span class='ocrx_word' id='word_1_125' title='bbox 1100 1129 1136 1163; x_wconf 88' lang='lat' dir='ltr'><strong>in</strong></span> <span class='ocrx_word' id='word_1_126' title='bbox 1167 1129 1219 1163; x_wconf 90' lang='lat' dir='ltr'><strong>ed.</strong></span> <span class='ocrx_word' id='word_1_127' title='bbox 1249 1128 1383 1164; x_wconf 81' lang='lat' dir='ltr'><strong>minore</strong></span> <span class='ocrx_word' id='word_1_128' title='bbox 1404 1131 1635 1170; x_wconf 85' lang='lat' dir='ltr'><strong>coniecturam</strong></span> <span class='ocrx_word' id='word_1_129' title='bbox 1657 1137 1745 1171; x_wconf 77' lang='lat' dir='ltr'><strong>Gro-</strong></span> 
     </span>
     <span class='ocr_line' id='line_1_15' title="bbox 386 1187 1791 1238; baseline 0.003 -12"><span class='ocrx_word' id='word_1_130' title='bbox 386 1191 483 1227; x_wconf 83' lang='lat' dir='ltr'><strong>novii</strong></span> <span class='ocrx_word' id='word_1_131' title='bbox 504 1188 657 1234; x_wconf 80' lang='lat' dir='ltr'><strong>recepit,</strong></span> <span class='ocrx_word' id='word_1_132' title='bbox 681 1188 742 1232; x_wconf 84' lang='lat' dir='ltr'><strong>qui</strong></span> <span class='ocrx_word' id='word_1_133' title='bbox 760 1199 824 1233; x_wconf 80' lang='lat' dir='ltr'><strong>quo</strong></span> <span class='ocrx_word' id='word_1_134' title='bbox 847 1187 883 1221; x_wconf 87' lang='lat' dir='ltr'><strong>in</strong></span> <span class='ocrx_word' id='word_1_135' title='bbox 906 1189 987 1232; x_wconf 78' lang='lat' dir='ltr'><strong>quin</strong></span> <span class='ocrx_word' id='word_1_136' title='bbox 1011 1192 1144 1223; x_wconf 87' lang='lat' dir='ltr'><strong>mutato</strong></span> <span class='ocrx_word' id='word_1_137' title='bbox 1166 1201 1308 1224; x_wconf 78' lang='lat' dir='ltr'><strong>sensum</strong></span> <span class='ocrx_word' id='word_1_138' title='bbox 1324 1191 1417 1225; x_wconf 87' lang='lat' dir='ltr'><strong>hunc</strong></span> <span class='ocrx_word' id='word_1_139' title='bbox 1439 1203 1514 1226; x_wconf 89' lang='lat' dir='ltr'><strong>esse</strong></span> <span class='ocrx_word' id='word_1_140' title='bbox 1535 1193 1636 1228; x_wconf 78' lang='lat' dir='ltr'><strong>dicit:</strong></span> <span class='ocrx_word' id='word_1_141' title='bbox 1659 1195 1745 1238; x_wconf 89' lang='lat' dir='ltr'><strong>„Ne</strong></span> <span class='ocrx_word' id='word_1_142' title='bbox 1788 1221 1791 1223; x_wconf 84' lang='lat'>-</span> 
     </span>
     <span class='ocr_line' id='line_1_16' title="bbox 387 1248 1747 1298; baseline 0.002 -12"><span class='ocrx_word' id='word_1_143' title='bbox 387 1254 526 1297; x_wconf 81' lang='lat' dir='ltr'><strong>putaret</strong></span> <span class='ocrx_word' id='word_1_144' title='bbox 561 1250 697 1285; x_wconf 86' lang='lat' dir='ltr'><strong>obstare</strong></span> <span class='ocrx_word' id='word_1_145' title='bbox 725 1249 792 1283; x_wconf 69' lang='lat' dir='ltr'><strong>sibi</strong></span> <span class='ocrx_word' id='word_1_146' title='bbox 831 1248 1019 1292; x_wconf 78' lang='lat' dir='ltr'><strong>Asparem,</strong></span> <span class='ocrx_word' id='word_1_147' title='bbox 1049 1250 1224 1293; x_wconf 76' lang='lat' dir='ltr'><em>quominus</em></span> <span class='ocrx_word' id='word_1_148' title='bbox 1255 1249 1365 1283; x_wconf 84' lang='lat' dir='ltr'><strong>libere</strong></span> <span class='ocrx_word' id='word_1_149' title='bbox 1395 1249 1523 1286; x_wconf 84' lang='lat' dir='ltr'><strong>diceret</strong></span> <span class='ocrx_word' id='word_1_150' title='bbox 1551 1257 1747 1298; x_wconf 75' lang='lat' dir='ltr'><strong><em>ageretque,</em></strong></span> 
     </span>
     <span class='ocr_line' id='line_1_17' title="bbox 372 1308 1749 1357; baseline 0.001 -10"><span class='ocrx_word' id='word_1_151' title='bbox 372 1323 479 1357; x_wconf 54' lang='lat' dir='ltr'><strong>,quae</strong></span> <span class='ocrx_word' id='word_1_152' title='bbox 509 1311 546 1345; x_wconf 86' lang='lat' dir='ltr'><strong>in</strong></span> <span class='ocrx_word' id='word_1_153' title='bbox 579 1321 653 1344; x_wconf 84' lang='lat' dir='ltr'><strong>rem</strong></span> <span class='ocrx_word' id='word_1_154' title='bbox 684 1308 862 1351; x_wconf 74' lang='lat' dir='ltr'><strong>utrimque</strong></span> <span class='ocrx_word' id='word_1_155' title='bbox 885 1311 1014 1348; x_wconf 83' lang='lat' dir='ltr'><strong>essent3</strong></span> <span class='ocrx_word' id='word_1_156' title='bbox 1049 1319 1129 1342; x_wconf 86' lang='lat' dir='ltr'><strong>nam</strong></span> <span class='ocrx_word' id='word_1_157' title='bbox 1159 1309 1262 1342; x_wconf 87' lang='lat' dir='ltr'><strong>illum</strong></span> <span class='ocrx_word' id='word_1_158' title='bbox 1282 1309 1474 1344; x_wconf 85' lang='lat' dir='ltr'><strong>necessario</strong></span> <span class='ocrx_word' id='word_1_159' title='bbox 1498 1312 1749 1349; x_wconf 84' lang='lat' dir='ltr'><strong>admittendum</strong></span> 
     </span>
     <span class='ocr_line' id='line_1_18' title="bbox 390 1366 1750 1414; baseline 0.001 -8"><span class='ocrx_word' id='word_1_160' title='bbox 390 1372 508 1412; x_wconf 74' lang='lat' dir='ltr'><strong>fuisse,</strong></span> <span class='ocrx_word' id='word_1_161' title='bbox 531 1371 571 1404; x_wconf 89' lang='lat' dir='ltr'><strong>ut</strong></span> <span class='ocrx_word' id='word_1_162' title='bbox 592 1369 686 1404; x_wconf 85' lang='lat' dir='ltr'><strong>aliae</strong></span> <span class='ocrx_word' id='word_1_163' title='bbox 705 1369 895 1413; x_wconf 79' lang='lat' dir='ltr'><strong>Iugurthae</strong></span> <span class='ocrx_word' id='word_1_164' title='bbox 915 1366 1061 1400; x_wconf 76' lang='lat' dir='ltr'><strong>insidiae</strong></span> <span class='ocrx_word' id='word_1_165' title='bbox 1083 1368 1352 1403; x_wconf 85' lang='lat' dir='ltr'><strong>excluderentur.</strong></span> <span class='ocrx_word' id='word_1_166' title='bbox 1363 1370 1388 1390; x_wconf 85' lang='lat'><strong>“</strong></span> <span class='ocrx_word' id='word_1_167' title='bbox 1431 1371 1532 1414; x_wconf 79' lang='lat' dir='ltr'><strong>Quae</strong></span> <span class='ocrx_word' id='word_1_168' title='bbox 1554 1373 1750 1409; x_wconf 86' lang='lat' dir='ltr'><strong>coniectura</strong></span> 
     </span>
     <span class='ocr_line' id='line_1_19' title="bbox 392 1427 1751 1479; baseline 0.002 -14"><span class='ocrx_word' id='word_1_169' title='bbox 392 1432 436 1465; x_wconf 83' lang='lat' dir='ltr'><strong>iis</strong></span> <span class='ocrx_word' id='word_1_170' title='bbox 458 1429 615 1471; x_wconf 78' lang='lat' dir='ltr'>concidit,</span> <span class='ocrx_word' id='word_1_171' title='bbox 639 1438 727 1472; x_wconf 86' lang='lat' dir='ltr'><strong>quae</strong></span> <span class='ocrx_word' id='word_1_172' title='bbox 748 1438 852 1471; x_wconf 71' lang='lat' dir='ltr'><strong>supra</strong></span> <span class='ocrx_word' id='word_1_173' title='bbox 872 1427 915 1460; x_wconf 88' lang='lat' dir='ltr'><strong>de</strong></span> <span class='ocrx_word' id='word_1_174' title='bbox 937 1437 1021 1460; x_wconf 82' lang='lat' dir='ltr'><strong>vera</strong></span> <span class='ocrx_word' id='word_1_175' title='bbox 1043 1427 1227 1461; x_wconf 84' lang='lat' dir='ltr'><strong>sententiae</strong></span> <span class='ocrx_word' id='word_1_176' title='bbox 1246 1429 1380 1462; x_wconf 86' lang='lat' dir='ltr'><strong>ratione</strong></span> <span class='ocrx_word' id='word_1_177' title='bbox 1402 1430 1561 1474; x_wconf 85' lang='lat' dir='ltr'><strong>diximus,</strong></span> <span class='ocrx_word' id='word_1_178' title='bbox 1581 1432 1751 1479; x_wconf 75' lang='lat' dir='ltr'><strong>siquidem</strong></span> 
     </span>
     <span class='ocr_line' id='line_1_20' title="bbox 394 1486 1753 1536; baseline 0.002 -12"><span class='ocrx_word' id='word_1_179' title='bbox 394 1490 553 1525; x_wconf 84' lang='lat' dir='ltr'><strong>Bocchus</strong></span> <span class='ocrx_word' id='word_1_180' title='bbox 575 1492 709 1523; x_wconf 83' lang='lat' dir='ltr'><strong>tantum</strong></span> <span class='ocrx_word' id='word_1_181' title='bbox 733 1487 856 1528; x_wconf 77' lang='lat' dir='ltr'><strong>abfuit,</strong></span> <span class='ocrx_word' id='word_1_182' title='bbox 877 1489 917 1520; x_wconf 67' lang='lat' dir='ltr'><strong>nt</strong></span> <span class='ocrx_word' id='word_1_183' title='bbox 941 1486 1077 1520; x_wconf 69' lang='lat' dir='ltr'><strong>Sonam</strong></span> <span class='ocrx_word' id='word_1_184' title='bbox 1100 1486 1144 1520; x_wconf 85' lang='lat' dir='ltr'><strong>ad</strong></span> <span class='ocrx_word' id='word_1_185' title='bbox 1167 1487 1269 1521; x_wconf 79' lang='lat' dir='ltr'><strong>libere</strong></span> <span class='ocrx_word' id='word_1_186' title='bbox 1292 1490 1465 1533; x_wconf 80' lang='lat' dir='ltr'><strong>agendum</strong></span> <span class='ocrx_word' id='word_1_187' title='bbox 1486 1501 1603 1526; x_wconf 81' lang='lat' dir='ltr'><strong>coram</strong></span> <span class='ocrx_word' id='word_1_188' title='bbox 1619 1492 1753 1536; x_wconf 79' lang='lat' dir='ltr'><strong>Aspare</strong></span> 
     </span>
     <span class='ocr_line' id='line_1_21' title="bbox 395 1547 1754 1598; baseline 0.001 -13"><span class='ocrx_word' id='word_1_189' title='bbox 395 1550 582 1592; x_wconf 79' lang='lat' dir='ltr'><strong>excitaret,</strong></span> <span class='ocrx_word' id='word_1_190' title='bbox 614 1551 653 1582; x_wconf 91' lang='lat' dir='ltr'><strong>ut</strong></span> <span class='ocrx_word' id='word_1_191' title='bbox 682 1547 747 1580; x_wconf 90' lang='lat' dir='ltr'><strong>illo</strong></span> <span class='ocrx_word' id='word_1_192' title='bbox 770 1549 948 1590; x_wconf 77' lang='lat' dir='ltr'><strong><em>praesente</em></strong></span> <span class='ocrx_word' id='word_1_193' title='bbox 970 1555 1080 1588; x_wconf 80' lang='lat' dir='ltr'><strong>pauca</strong></span> <span class='ocrx_word' id='word_1_194' title='bbox 1108 1548 1241 1581; x_wconf 82' lang='lat' dir='ltr'><strong>tantum</strong></span> <span class='ocrx_word' id='word_1_195' title='bbox 1265 1551 1300 1583; x_wconf 90' lang='lat' dir='ltr'><strong>et</strong></span> <span class='ocrx_word' id='word_1_196' title='bbox 1322 1560 1362 1583; x_wconf 72' lang='lat' dir='ltr'><strong>ex</strong></span> <span class='ocrx_word' id='word_1_197' title='bbox 1384 1551 1564 1595; x_wconf 75' lang='lat' dir='ltr'><strong>composito</strong></span> <span class='ocrx_word' id='word_1_198' title='bbox 1586 1552 1754 1598; x_wconf 85' lang='lat' dir='ltr'><strong>transige-</strong></span> 
     </span>
     <span class='ocr_line' id='line_1_22' title="bbox 396 1605 1755 1658; baseline 0.001 -13"><span class='ocrx_word' id='word_1_199' title='bbox 396 1614 460 1645; x_wconf 90' lang='lat' dir='ltr'><strong>ret.</strong></span> <span class='ocrx_word' id='word_1_200' title='bbox 482 1609 674 1643; x_wconf 79' lang='lat' dir='ltr'><strong><em>Muellerus</em></strong></span> <span class='ocrx_word' id='word_1_201' title='bbox 697 1606 843 1649; x_wconf 84' lang='lat' dir='ltr'><strong>denique</strong></span> <span class='ocrx_word' id='word_1_202' title='bbox 864 1617 947 1639; x_wconf 76' lang='lat' dir='ltr'><strong>nam</strong></span> <span class='ocrx_word' id='word_1_203' title='bbox 967 1605 1137 1649; x_wconf 72' lang='lat' dir='ltr'><strong>particula</strong></span> <span class='ocrx_word' id='word_1_204' title='bbox 1158 1607 1269 1642; x_wconf 68' lang='lat' dir='ltr'><strong>deleta</strong></span> <span class='ocrx_word' id='word_1_205' title='bbox 1286 1609 1396 1643; x_wconf 80' lang='lat' dir='ltr'><strong>verba</strong></span> <span class='ocrx_word' id='word_1_206' title='bbox 1416 1621 1480 1654; x_wconf 75' lang='lat' dir='ltr'><strong>quo</strong></span> <span class='ocrx_word' id='word_1_207' title='bbox 1501 1621 1755 1658; x_wconf 81' lang='lat' dir='ltr'><strong>res—gerere-</strong></span> 
     </span>
     <span class='ocr_line' id='line_1_23' title="bbox 398 1660 1757 1714; baseline 0.003 -11"><span class='ocrx_word' id='word_1_208' title='bbox 398 1674 457 1705; x_wconf 81' lang='lat' dir='ltr'><strong>tur</strong></span> <span class='ocrx_word' id='word_1_209' title='bbox 479 1680 522 1703; x_wconf 81' lang='lat' dir='ltr'><strong>ex</strong></span> <span class='ocrx_word' id='word_1_210' title='bbox 546 1666 763 1711; x_wconf 84' lang='lat' dir='ltr'><strong>sequentibus</strong></span> <span class='ocrx_word' id='word_1_211' title='bbox 785 1669 866 1709; x_wconf 83' lang='lat' dir='ltr'><strong>apta</strong></span> <span class='ocrx_word' id='word_1_212' title='bbox 887 1677 960 1700; x_wconf 86' lang='lat' dir='ltr'><strong>esse</strong></span> <span class='ocrx_word' id='word_1_213' title='bbox 979 1667 1065 1708; x_wconf 83' lang='lat' dir='ltr'><strong>vult,</strong></span> <span class='ocrx_word' id='word_1_214' title='bbox 1090 1670 1265 1711; x_wconf 85' lang='lat' dir='ltr'><strong>totumque</strong></span> <span class='ocrx_word' id='word_1_215' title='bbox 1284 1669 1401 1702; x_wconf 90' lang='lat' dir='ltr'><strong>locum</strong></span> <span class='ocrx_word' id='word_1_216' title='bbox 1425 1669 1476 1704; x_wconf 89' lang='lat' dir='ltr'><strong>sic</strong></span> <span class='ocrx_word' id='word_1_217' title='bbox 1495 1660 1757 1714; x_wconf 77' lang='lat' dir='ltr'><strong>interpretatur:</strong></span> 
     </span>
     <span class='ocr_line' id='line_1_24' title="bbox 399 1726 1758 1774; baseline 0.002 -10"><span class='ocrx_word' id='word_1_218' title='bbox 399 1730 484 1774; x_wconf 82' lang='lat' dir='ltr'><strong>„Ne</strong></span> <span class='ocrx_word' id='word_1_219' title='bbox 506 1729 677 1774; x_wconf 76' lang='lat' dir='ltr'><strong>Iugurtha</strong></span> <span class='ocrx_word' id='word_1_220' title='bbox 708 1738 750 1760; x_wconf 86' lang='lat' dir='ltr'><strong>ex</strong></span> <span class='ocrx_word' id='word_1_221' title='bbox 780 1737 877 1760; x_wconf 88' lang='lat' dir='ltr'><strong>more</strong></span> <span class='ocrx_word' id='word_1_222' title='bbox 903 1738 965 1761; x_wconf 89' lang='lat' dir='ltr'><strong>suo</strong></span> <span class='ocrx_word' id='word_1_223' title='bbox 995 1726 1127 1761; x_wconf 86' lang='lat' dir='ltr'><strong>amieos</strong></span> <span class='ocrx_word' id='word_1_224' title='bbox 1148 1727 1241 1771; x_wconf 83' lang='lat' dir='ltr'><strong>regis</strong></span> <span class='ocrx_word' id='word_1_225' title='bbox 1263 1731 1499 1773; x_wconf 84' lang='lat' dir='ltr'><strong>corrumperet</strong></span> <span class='ocrx_word' id='word_1_226' title='bbox 1521 1732 1556 1764; x_wconf 91' lang='lat' dir='ltr'><strong>et</strong></span> <span class='ocrx_word' id='word_1_227' title='bbox 1577 1731 1758 1768; x_wconf 70' lang='lat' dir='ltr'><strong>deditionis</strong></span> 
     </span>
     <span class='ocr_line' id='line_1_25' title="bbox 400 1777 1757 1837; baseline 0.001 -13"><span class='ocrx_word' id='word_1_228' title='bbox 400 1789 567 1835; x_wconf 81' lang='lat' dir='ltr'><strong>pacisque</strong></span> <span class='ocrx_word' id='word_1_229' title='bbox 589 1786 733 1823; x_wconf 83' lang='lat' dir='ltr'><strong>consilia</strong></span> <span class='ocrx_word' id='word_1_230' title='bbox 754 1777 847 1820; x_wconf 75' lang='lat' dir='ltr'><strong>clam</strong></span> <span class='ocrx_word' id='word_1_231' title='bbox 870 1786 1064 1830; x_wconf 83' lang='lat' dir='ltr'><strong>impediret,</strong></span> <span class='ocrx_word' id='word_1_232' title='bbox 1098 1787 1266 1831; x_wconf 85' lang='lat' dir='ltr'><strong>optimum</strong></span> <span class='ocrx_word' id='word_1_233' title='bbox 1293 1788 1388 1828; x_wconf 78' lang='lat' dir='ltr'><strong>factu</strong></span> <span class='ocrx_word' id='word_1_234' title='bbox 1410 1800 1485 1824; x_wconf 88' lang='lat' dir='ltr'><strong>esse</strong></span> <span class='ocrx_word' id='word_1_235' title='bbox 1506 1789 1638 1832; x_wconf 85' lang='lat' dir='ltr'><strong>visum,</strong></span> <span class='ocrx_word' id='word_1_236' title='bbox 1659 1791 1757 1837; x_wconf 82' lang='lat' dir='ltr'><strong>lega-</strong></span> 
     </span>
     <span class='ocr_line' id='line_1_26' title="bbox 401 1846 1760 1893; baseline 0.002 -9"><span class='ocrx_word' id='word_1_237' title='bbox 401 1854 477 1886; x_wconf 85' lang='lat' dir='ltr'><strong>tum</strong></span> <span class='ocrx_word' id='word_1_238' title='bbox 498 1850 571 1883; x_wconf 87' lang='lat' dir='ltr'><strong>eius</strong></span> <span class='ocrx_word' id='word_1_239' title='bbox 594 1849 804 1892; x_wconf 81' lang='lat' dir='ltr'><strong><em>praesentem</em></strong></span> <span class='ocrx_word' id='word_1_240' title='bbox 826 1846 968 1888; x_wconf 84' lang='lat' dir='ltr'><strong>habere,</strong></span> <span class='ocrx_word' id='word_1_241' title='bbox 984 1858 1133 1890; x_wconf 88' lang='lat' dir='ltr'><strong>eumque</strong></span> <span class='ocrx_word' id='word_1_242' title='bbox 1155 1846 1191 1880; x_wconf 89' lang='lat' dir='ltr'><strong>in</strong></span> <span class='ocrx_word' id='word_1_243' title='bbox 1210 1847 1349 1890; x_wconf 83' lang='lat' dir='ltr'><strong>publico</strong></span> <span class='ocrx_word' id='word_1_244' title='bbox 1371 1849 1543 1893; x_wconf 82' lang='lat' dir='ltr'><strong>colloquio</strong></span> <span class='ocrx_word' id='word_1_245' title='bbox 1565 1861 1644 1885; x_wconf 89' lang='lat' dir='ltr'><strong>cum</strong></span> <span class='ocrx_word' id='word_1_246' title='bbox 1660 1851 1760 1887; x_wconf 83' lang='lat' dir='ltr'><strong>Sulla</strong></span> 
     </span>
     <span class='ocr_line' id='line_1_27' title="bbox 405 1899 1761 1956; baseline 0.001 -12"><span class='ocrx_word' id='word_1_247' title='bbox 405 1899 566 1945; x_wconf 71' lang='lat' dir='ltr'><strong>adesse.“</strong></span> <span class='ocrx_word' id='word_1_248' title='bbox 611 1908 707 1951; x_wconf 80' lang='lat' dir='ltr'><strong>Quas</strong></span> <span class='ocrx_word' id='word_1_249' title='bbox 730 1906 839 1940; x_wconf 88' lang='lat' dir='ltr'><strong>aniles</strong></span> <span class='ocrx_word' id='word_1_250' title='bbox 868 1904 1017 1950; x_wconf 76' lang='lat' dir='ltr'><strong>ineptias</strong></span> <span class='ocrx_word' id='word_1_251' title='bbox 1045 1909 1084 1940; x_wconf 90' lang='lat' dir='ltr'><strong>ut</strong></span> <span class='ocrx_word' id='word_1_252' title='bbox 1116 1907 1318 1942; x_wconf 77' lang='lat' dir='ltr'><strong>refellamus</strong></span> <span class='ocrx_word' id='word_1_253' title='bbox 1347 1920 1449 1944; x_wconf 89' lang='lat' dir='ltr'><strong>nemo</strong></span> <span class='ocrx_word' id='word_1_254' title='bbox 1471 1911 1678 1953; x_wconf 77' lang='lat' dir='ltr'><strong>postulabit,</strong></span> <span class='ocrx_word' id='word_1_255' title='bbox 1701 1912 1761 1956; x_wconf 83' lang='lat' dir='ltr'><strong>qui</strong></span> 
     </span>
     <span class='ocr_line' id='line_1_28' title="bbox 404 1959 1763 2012; baseline 0.002 -9"><span class='ocrx_word' id='word_1_256' title='bbox 404 1968 564 2004; x_wconf 53' lang='lat' dir='ltr'><strong>Sallustii</strong></span> <span class='ocrx_word' id='word_1_257' title='bbox 595 1966 711 2001; x_wconf 80' lang='lat' dir='ltr'><strong>verbis</strong></span> <span class='ocrx_word' id='word_1_258' title='bbox 744 1967 935 2000; x_wconf 78' lang='lat' dir='ltr'><strong>accuratius</strong></span> <span class='ocrx_word' id='word_1_259' title='bbox 966 1966 1127 2010; x_wconf 87' lang='lat' dir='ltr'><strong>inspectis</strong></span> <span class='ocrx_word' id='word_1_260' title='bbox 1156 1966 1363 2001; x_wconf 83' lang='lat' dir='ltr'><strong>intellexerit</strong></span> <span class='ocrx_word' id='word_1_261' title='bbox 1387 1959 1503 2012; x_wconf 55' lang='lat' dir='ltr'><strong>‘neque</strong></span> <span class='ocrx_word' id='word_1_262' title='bbox 1534 1981 1616 2004; x_wconf 78' lang='lat' dir='ltr'><strong>nam</strong></span> <span class='ocrx_word' id='word_1_263' title='bbox 1649 1971 1763 2006; x_wconf 87' lang='lat' dir='ltr'><strong>omitti</strong></span> 
     </span>
     <span class='ocr_line' id='line_1_29' title="bbox 405 2027 1764 2073; baseline 0.001 -10"><span class='ocrx_word' id='word_1_264' title='bbox 405 2039 516 2073; x_wconf 83' lang='lat' dir='ltr'><strong>posse,</strong></span> <span class='ocrx_word' id='word_1_265' title='bbox 539 2027 630 2071; x_wconf 86' lang='lat' dir='ltr'><strong>quod</strong></span> <span class='ocrx_word' id='word_1_266' title='bbox 653 2037 769 2061; x_wconf 89' lang='lat' dir='ltr'><strong>omnes</strong></span> <span class='ocrx_word' id='word_1_267' title='bbox 793 2027 890 2062; x_wconf 86' lang='lat' dir='ltr'><strong>codd.</strong></span> <span class='ocrx_word' id='word_1_268' title='bbox 913 2029 1046 2068; x_wconf 85' lang='lat' dir='ltr'><strong>tenent,</strong></span> <span class='ocrx_word' id='word_1_269' title='bbox 1074 2037 1183 2070; x_wconf 82' lang='lat' dir='ltr'><strong>neque</strong></span> <span class='ocrx_word' id='word_1_270' title='bbox 1192 2050 1212 2068; x_wconf 89' lang='lat'><strong>‚.</strong></span> <span class='ocrx_word' id='word_1_271' title='bbox 1225 2027 1313 2070; x_wconf 80' lang='lat' dir='ltr'><strong>quod</strong></span> <span class='ocrx_word' id='word_1_272' title='bbox 1337 2030 1439 2071; x_wconf 84' lang='lat' dir='ltr'><strong>caput</strong></span> <span class='ocrx_word' id='word_1_273' title='bbox 1456 2028 1512 2073; x_wconf 76' lang='lat' dir='ltr'><strong>¹rei</strong></span> <span class='ocrx_word' id='word_1_274' title='bbox 1533 2033 1605 2072; x_wconf 88' lang='lat' dir='ltr'><strong>est,</strong></span> <span class='ocrx_word' id='word_1_275' title='bbox 1627 2041 1764 2065; x_wconf 87' lang='lat' dir='ltr'><strong>sensum</strong></span> 
     </span>
     <span class='ocr_line' id='line_1_30' title="bbox 407 2086 1764 2134; baseline 0.003 -13"><span class='ocrx_word' id='word_1_276' title='bbox 407 2100 473 2133; x_wconf 78' lang='lat' dir='ltr'><strong>quo</strong></span> <span class='ocrx_word' id='word_1_277' title='bbox 504 2087 600 2122; x_wconf 85' lang='lat' dir='ltr'><strong>vocis</strong></span> <span class='ocrx_word' id='word_1_278' title='bbox 630 2087 682 2121; x_wconf 88' lang='lat' dir='ltr'><strong>ita</strong></span> <span class='ocrx_word' id='word_1_279' title='bbox 710 2086 886 2129; x_wconf 82' lang='lat' dir='ltr'><strong>explicari.</strong></span> <span class='ocrx_word' id='word_1_280' title='bbox 942 2087 1085 2120; x_wconf 80' lang='lat' dir='ltr'><strong>Frustra</strong></span> <span class='ocrx_word' id='word_1_281' title='bbox 1114 2089 1230 2120; x_wconf 82' lang='lat' dir='ltr'><strong>autem</strong></span> <span class='ocrx_word' id='word_1_282' title='bbox 1260 2086 1367 2121; x_wconf 76' lang='lat' dir='ltr'><strong>fuisse</strong></span> <span class='ocrx_word' id='word_1_283' title='bbox 1396 2099 1513 2123; x_wconf 86' lang='lat' dir='ltr'><strong>omnes</strong></span> <span class='ocrx_word' id='word_1_284' title='bbox 1541 2088 1764 2134; x_wconf 78' lang='lat' dir='ltr'><strong>interpretum</strong></span> 
     </span>
     <span class='ocr_line' id='line_1_31' title="bbox 409 2145 1766 2191; baseline 0.002 -10"><span class='ocrx_word' id='word_1_285' title='bbox 409 2158 510 2181; x_wconf 84' lang='lat' dir='ltr'><strong>curas</strong></span> <span class='ocrx_word' id='word_1_286' title='bbox 542 2145 641 2180; x_wconf 84' lang='lat' dir='ltr'><strong>nobis</strong></span> <span class='ocrx_word' id='word_1_287' title='bbox 673 2146 812 2188; x_wconf 87' lang='lat' dir='ltr'><strong>quidem</strong></span> <span class='ocrx_word' id='word_1_288' title='bbox 843 2157 912 2180; x_wconf 89' lang='lat' dir='ltr'><strong>non</strong></span> <span class='ocrx_word' id='word_1_289' title='bbox 944 2147 1071 2180; x_wconf 90' lang='lat' dir='ltr'><strong>mirum</strong></span> <span class='ocrx_word' id='word_1_290' title='bbox 1094 2147 1251 2188; x_wconf 74' lang='lat' dir='ltr'><strong>videtur,</strong></span> <span class='ocrx_word' id='word_1_291' title='bbox 1274 2146 1333 2191; x_wconf 88' lang='lat' dir='ltr'><strong>qui</strong></span> <span class='ocrx_word' id='word_1_292' title='bbox 1353 2158 1555 2191; x_wconf 81' lang='lat' dir='ltr'><strong>persuasum</strong></span> <span class='ocrx_word' id='word_1_293' title='bbox 1576 2149 1766 2185; x_wconf 78' lang='lat' dir='ltr'><strong>habeamus</strong></span> 
     </span>
     <span class='ocr_line' id='line_1_32' title="bbox 410 2202 1767 2259; baseline 0.003 -19"><span class='ocrx_word' id='word_1_294' title='bbox 410 2209 524 2243; x_wconf 83' lang='lat' dir='ltr'><strong>locum</strong></span> <span class='ocrx_word' id='word_1_295' title='bbox 552 2210 751 2250; x_wconf 83' lang='lat' dir='ltr'><strong>corruptum</strong></span> <span class='ocrx_word' id='word_1_296' title='bbox 776 2213 868 2249; x_wconf 77' lang='lat' dir='ltr'><strong>esse,</strong></span> <span class='ocrx_word' id='word_1_297' title='bbox 906 2217 948 2239; x_wconf 90' lang='lat' dir='ltr'><strong>ac</strong></span> <span class='ocrx_word' id='word_1_298' title='bbox 978 2202 1206 2240; x_wconf 81' lang='lat' dir='ltr'><strong>vetustissimo</strong></span> <span class='ocrx_word' id='word_1_299' title='bbox 1231 2206 1315 2241; x_wconf 90' lang='lat' dir='ltr'><strong>vitio</strong></span> <span class='ocrx_word' id='word_1_300' title='bbox 1334 2207 1503 2241; x_wconf 81' lang='lat' dir='ltr'><strong>laborare.</strong></span> <span class='ocrx_word' id='word_1_301' title='bbox 1550 2208 1639 2243; x_wconf 89' lang='lat' dir='ltr'><strong>Nam</strong></span> <span class='ocrx_word' id='word_1_302' title='bbox 1661 2221 1767 2259; x_wconf 66' lang='lat' dir='ltr'><strong>quum</strong></span> 
     </span>
     <span class='ocr_line' id='line_1_33' title="bbox 412 2265 1769 2312; baseline 0.001 -10"><span class='ocrx_word' id='word_1_303' title='bbox 412 2270 448 2302; x_wconf 87' lang='lat' dir='ltr'><strong>et</strong></span> <span class='ocrx_word' id='word_1_304' title='bbox 475 2269 550 2301; x_wconf 78' lang='lat' dir='ltr'><strong>tota</strong></span> <span class='ocrx_word' id='word_1_305' title='bbox 579 2265 749 2300; x_wconf 84' lang='lat' dir='ltr'><strong>sententia</strong></span> <span class='ocrx_word' id='word_1_306' title='bbox 777 2276 901 2299; x_wconf 85' lang='lat' dir='ltr'><strong>manca</strong></span> <span class='ocrx_word' id='word_1_307' title='bbox 931 2266 995 2307; x_wconf 87' lang='lat' dir='ltr'><strong>sit,</strong></span> <span class='ocrx_word' id='word_1_308' title='bbox 1021 2268 1055 2299; x_wconf 88' lang='lat' dir='ltr'><strong>et</strong></span> <span class='ocrx_word' id='word_1_309' title='bbox 1077 2277 1142 2310; x_wconf 81' lang='lat' dir='ltr'><strong>quo</strong></span> <span class='ocrx_word' id='word_1_310' title='bbox 1163 2267 1259 2300; x_wconf 86' lang='lat' dir='ltr'><strong>nullo</strong></span> <span class='ocrx_word' id='word_1_311' title='bbox 1281 2269 1381 2309; x_wconf 84' lang='lat' dir='ltr'><strong>pacto</strong></span> <span class='ocrx_word' id='word_1_312' title='bbox 1402 2266 1551 2312; x_wconf 83' lang='lat' dir='ltr'><strong>intelligi</strong></span> <span class='ocrx_word' id='word_1_313' title='bbox 1573 2273 1687 2311; x_wconf 84' lang='lat' dir='ltr'><strong>queat,</strong></span> <span class='ocrx_word' id='word_1_314' title='bbox 1710 2281 1769 2304; x_wconf 88' lang='lat' dir='ltr'><strong>su-</strong></span> 
     </span>
     <span class='ocr_line' id='line_1_34' title="bbox 413 2325 1768 2372; baseline 0.003 -12"><span class='ocrx_word' id='word_1_315' title='bbox 413 2326 588 2370; x_wconf 81' lang='lat' dir='ltr'><strong>spicamur</strong></span> <span class='ocrx_word' id='word_1_316' title='bbox 613 2328 689 2369; x_wconf 84' lang='lat' dir='ltr'><strong>post</strong></span> <span class='ocrx_word' id='word_1_317' title='bbox 709 2337 774 2370; x_wconf 78' lang='lat' dir='ltr'><strong>quo</strong></span> <span class='ocrx_word' id='word_1_318' title='bbox 797 2325 963 2359; x_wconf 83' lang='lat' dir='ltr'><strong>excidisse</strong></span> <span class='ocrx_word' id='word_1_319' title='bbox 984 2330 1130 2368; x_wconf 81' lang='lat' dir='ltr'><strong>remoto,</strong></span> <span class='ocrx_word' id='word_1_320' title='bbox 1161 2326 1235 2361; x_wconf 86' lang='lat' dir='ltr'><strong>sive</strong></span> <span class='ocrx_word' id='word_1_321' title='bbox 1254 2325 1290 2359; x_wconf 78' lang='lat' dir='ltr'><strong>id</strong></span> <span class='ocrx_word' id='word_1_322' title='bbox 1311 2325 1535 2361; x_wconf 82' lang='lat' dir='ltr'><strong>similitudine</strong></span> <span class='ocrx_word' id='word_1_323' title='bbox 1556 2329 1768 2372; x_wconf 84' lang='lat' dir='ltr'><strong>sequentium</strong></span> 
     </span>
     <span class='ocr_line' id='line_1_35' title="bbox 414 2385 1769 2426; baseline 0.002 -6"><span class='ocrx_word' id='word_1_324' title='bbox 414 2387 626 2426; x_wconf 84' lang='lat' dir='ltr'><strong>litterarum,</strong></span> <span class='ocrx_word' id='word_1_325' title='bbox 659 2386 731 2420; x_wconf 88' lang='lat' dir='ltr'><strong>sive</strong></span> <span class='ocrx_word' id='word_1_326' title='bbox 756 2385 826 2420; x_wconf 82' lang='lat' dir='ltr'><strong>alia</strong></span> <span class='ocrx_word' id='word_1_327' title='bbox 847 2395 968 2420; x_wconf 89' lang='lat' dir='ltr'><strong>caussa</strong></span> <span class='ocrx_word' id='word_1_328' title='bbox 987 2386 1119 2420; x_wconf 80' lang='lat' dir='ltr'><strong>factum</strong></span> <span class='ocrx_word' id='word_1_329' title='bbox 1142 2389 1203 2420; x_wconf 86' lang='lat' dir='ltr'><strong>est.</strong></span> <span class='ocrx_word' id='word_1_330' title='bbox 1249 2387 1323 2420; x_wconf 83' lang='lat' dir='ltr'><strong>Iam</strong></span> <span class='ocrx_word' id='word_1_331' title='bbox 1345 2397 1412 2420; x_wconf 92' lang='lat' dir='ltr'><strong>non</strong></span> <span class='ocrx_word' id='word_1_332' title='bbox 1434 2387 1546 2421; x_wconf 86' lang='lat' dir='ltr'><strong>solum</strong></span> <span class='ocrx_word' id='word_1_333' title='bbox 1565 2389 1769 2424; x_wconf 84' lang='lat' dir='ltr'><strong>constructio</strong></span> 
     </span>
     <span class='ocr_line' id='line_1_36' title="bbox 416 2439 1772 2492; baseline 0.004 -15"><span class='ocrx_word' id='word_1_334' title='bbox 416 2439 617 2489; x_wconf 78' lang='lat' dir='ltr'><strong>planissima</strong></span> <span class='ocrx_word' id='word_1_335' title='bbox 647 2448 717 2486; x_wconf 87' lang='lat' dir='ltr'><strong>est,</strong></span> <span class='ocrx_word' id='word_1_336' title='bbox 740 2445 799 2478; x_wconf 87' lang='lat' dir='ltr'><strong>sed</strong></span> <span class='ocrx_word' id='word_1_337' title='bbox 827 2445 993 2479; x_wconf 86' lang='lat' dir='ltr'><strong>sententia</strong></span> <span class='ocrx_word' id='word_1_338' title='bbox 1021 2456 1156 2489; x_wconf 89' lang='lat' dir='ltr'><strong>quoque</strong></span> <span class='ocrx_word' id='word_1_339' title='bbox 1189 2445 1365 2490; x_wconf 83' lang='lat' dir='ltr'><strong>aptissima</strong></span> <span class='ocrx_word' id='word_1_340' title='bbox 1397 2449 1432 2480; x_wconf 87' lang='lat' dir='ltr'><strong>et</strong></span> <span class='ocrx_word' id='word_1_341' title='bbox 1455 2440 1534 2480; x_wconf 77' lang='lat' dir='ltr'><strong>cum</strong></span> <span class='ocrx_word' id='word_1_342' title='bbox 1555 2449 1772 2492; x_wconf 78' lang='lat' dir='ltr'><strong>sequentibus</strong></span> 
     </span>
     <span class='ocr_line' id='line_1_37' title="bbox 416 2504 1772 2553; baseline 0.003 -15"><span class='ocrx_word' id='word_1_343' title='bbox 416 2504 613 2548; x_wconf 85' lang='lat' dir='ltr'><strong>conspirans</strong></span> <span class='ocrx_word' id='word_1_344' title='bbox 641 2504 765 2548; x_wconf 76' lang='lat' dir='ltr'><strong>prodit.</strong></span> <span class='ocrx_word' id='word_1_345' title='bbox 809 2505 887 2539; x_wconf 88' lang='lat' dir='ltr'><strong>Hoc</strong></span> <span class='ocrx_word' id='word_1_346' title='bbox 918 2505 1009 2538; x_wconf 88' lang='lat' dir='ltr'><strong>enim</strong></span> <span class='ocrx_word' id='word_1_347' title='bbox 1040 2504 1123 2539; x_wconf 84' lang='lat' dir='ltr'><strong>dicit</strong></span> <span class='ocrx_word' id='word_1_348' title='bbox 1145 2506 1322 2540; x_wconf 82' lang='lat' dir='ltr'><strong>Bocchus:</strong></span> <span class='ocrx_word' id='word_1_349' title='bbox 1345 2517 1387 2540; x_wconf 92' lang='lat' dir='ltr'><strong>ne</strong></span> <span class='ocrx_word' id='word_1_350' title='bbox 1408 2507 1597 2551; x_wconf 82' lang='lat' dir='ltr'><strong>Iugurthae</strong></span> <span class='ocrx_word' id='word_1_351' title='bbox 1617 2508 1772 2553; x_wconf 79' lang='lat' dir='ltr'><strong>legatum</strong></span> 
     </span>
     <span class='ocr_line' id='line_1_38' title="bbox 417 2563 1774 2612; baseline 0.003 -15"><span class='ocrx_word' id='word_1_352' title='bbox 417 2563 691 2608; x_wconf 79' lang='lat' dir='ltr'><strong>pertimesceret3</strong></span> <span class='ocrx_word' id='word_1_353' title='bbox 724 2574 765 2597; x_wconf 89' lang='lat' dir='ltr'><strong>co</strong></span> <span class='ocrx_word' id='word_1_354' title='bbox 791 2563 882 2597; x_wconf 88' lang='lat' dir='ltr'><strong>enim</strong></span> <span class='ocrx_word' id='word_1_355' title='bbox 906 2567 1081 2607; x_wconf 83' lang='lat' dir='ltr'><strong>praesente</strong></span> <span class='ocrx_word' id='word_1_356' title='bbox 1111 2575 1178 2612; x_wconf 82' lang='lat' dir='ltr'><strong>non</strong></span> <span class='ocrx_word' id='word_1_357' title='bbox 1207 2576 1291 2609; x_wconf 84' lang='lat' dir='ltr'><strong>opus</strong></span> <span class='ocrx_word' id='word_1_358' title='bbox 1318 2578 1409 2608; x_wconf 86' lang='lat' dir='ltr'><strong>esse,</strong></span> <span class='ocrx_word' id='word_1_359' title='bbox 1444 2565 1556 2600; x_wconf 88' lang='lat' dir='ltr'><strong>dicere</strong></span> <span class='ocrx_word' id='word_1_360' title='bbox 1586 2566 1628 2600; x_wconf 84' lang='lat' dir='ltr'><strong>de</strong></span> <span class='ocrx_word' id='word_1_361' title='bbox 1659 2569 1774 2610; x_wconf 83' lang='lat' dir='ltr'><strong>rebus,</strong></span> 
     </span>
     <span class='ocr_line' id='line_1_39' title="bbox 418 2623 1773 2670; baseline 0.003 -13"><span class='ocrx_word' id='word_1_362' title='bbox 418 2634 503 2666; x_wconf 83' lang='lat' dir='ltr'><strong>quas</strong></span> <span class='ocrx_word' id='word_1_363' title='bbox 525 2623 627 2657; x_wconf 88' lang='lat' dir='ltr'><strong>illum</strong></span> <span class='ocrx_word' id='word_1_364' title='bbox 649 2623 738 2658; x_wconf 86' lang='lat' dir='ltr'><strong>scire</strong></span> <span class='ocrx_word' id='word_1_365' title='bbox 760 2624 877 2666; x_wconf 87' lang='lat' dir='ltr'><strong>nollet,</strong></span> <span class='ocrx_word' id='word_1_366' title='bbox 899 2625 960 2658; x_wconf 77' lang='lat' dir='ltr'><strong>sed</strong></span> <span class='ocrx_word' id='word_1_367' title='bbox 980 2629 1057 2669; x_wconf 81' lang='lat' dir='ltr'><strong>post</strong></span> <span class='ocrx_word' id='word_1_368' title='bbox 1080 2626 1168 2658; x_wconf 84' lang='lat' dir='ltr'><strong>clam</strong></span> <span class='ocrx_word' id='word_1_369' title='bbox 1192 2636 1232 2659; x_wconf 84' lang='lat' dir='ltr'><strong>eo</strong></span> <span class='ocrx_word' id='word_1_370' title='bbox 1252 2626 1362 2660; x_wconf 83' lang='lat' dir='ltr'><strong>libere</strong></span> <span class='ocrx_word' id='word_1_371' title='bbox 1384 2626 1465 2670; x_wconf 86' lang='lat' dir='ltr'><strong>quid</strong></span> <span class='ocrx_word' id='word_1_372' title='bbox 1487 2626 1563 2660; x_wconf 86' lang='lat' dir='ltr'><strong>fieri</strong></span> <span class='ocrx_word' id='word_1_373' title='bbox 1586 2627 1691 2662; x_wconf 76' lang='lat' dir='ltr'><strong>vellet</strong></span> <span class='ocrx_word' id='word_1_374' title='bbox 1712 2628 1773 2662; x_wconf 86' lang='lat' dir='ltr'><strong>do—</strong></span> 
     </span>
     <span class='ocr_line' id='line_1_40' title="bbox 422 2683 1774 2731; baseline 0.004 -16"><span class='ocrx_word' id='word_1_375' title='bbox 422 2686 530 2725; x_wconf 78' lang='lat' dir='ltr'><strong>ceret3</strong></span> <span class='ocrx_word' id='word_1_376' title='bbox 554 2683 657 2718; x_wconf 77' lang='lat' dir='ltr'><strong>aliter</strong></span> <span class='ocrx_word' id='word_1_377' title='bbox 679 2684 770 2717; x_wconf 85' lang='lat' dir='ltr'><strong>enim</strong></span> <span class='ocrx_word' id='word_1_378' title='bbox 786 2708 794 2724; x_wconf 86' lang='lat'>‚</span> <span class='ocrx_word' id='word_1_379' title='bbox 819 2683 842 2719; x_wconf 73' lang='lat' dir='ltr'><strong>i.</strong></span> <span class='ocrx_word' id='word_1_380' title='bbox 867 2695 896 2719; x_wconf 87' lang='lat' dir='ltr'><strong>e.</strong></span> <span class='ocrx_word' id='word_1_381' title='bbox 921 2695 988 2719; x_wconf 88' lang='lat' dir='ltr'><strong>uon</strong></span> <span class='ocrx_word' id='word_1_382' title='bbox 1012 2684 1077 2719; x_wconf 88' lang='lat' dir='ltr'><strong>nisi</strong></span> <span class='ocrx_word' id='word_1_383' title='bbox 1100 2684 1242 2719; x_wconf 80' lang='lat' dir='ltr'><strong>consilio</strong></span> <span class='ocrx_word' id='word_1_384' title='bbox 1265 2685 1317 2720; x_wconf 82' lang='lat' dir='ltr'><strong>bis</strong></span> <span class='ocrx_word' id='word_1_385' title='bbox 1339 2686 1474 2731; x_wconf 86' lang='lat' dir='ltr'><strong>habito,</strong></span> <span class='ocrx_word' id='word_1_386' title='bbox 1499 2697 1645 2730; x_wconf 81' lang='lat' dir='ltr'><strong>quorum</strong></span> <span class='ocrx_word' id='word_1_387' title='bbox 1668 2687 1774 2730; x_wconf 79' lang='lat' dir='ltr'><strong>priori</strong></span> 
     </span>
    </p>
   </div>
  </div>
 </body>
</html>
