1826 3276
407 182 493 223 156
741 176 813 222 ΩΟ,
842 177 1399 226 SALLUS-TI'CRISPI

408 293 702 353 negotiatores
747 293 1024 351 promiscue,
1069 295 1129 337 uti
1175 296 1361 354 quisque
1397 298 1570 343 armatis
1604 296 1758 341 obvius

408 390 574 442 fuerat,
609 386 836 432 interfecit.

538 480 723 525 xxvn.
778 479 914 534 Quod
946 486 1181 540 postquam
1213 482 1387 528 Romae
1421 485 1645 544 cognitum
1679 489 1757 541 est,

405 582 451 620 et
491 591 563 620 res
594 576 638 619 in
672 576 839 619 Senatu
889 576 1046 635 agitari
1093 583 1276 637 coepta,
1320 578 1439 622 idem
1485 579 1547 622 illi
1579 579 1758 623 ministri

404 672 522 731 regis
555 670 878 729 interpellando
913 685 965 714 ac
999 687 1134 732 saepe
1167 674 1331 733 gratia,
1365 674 1584 719 interdum
1609 673 1758 732 iurgiis

402 867 442 898 ut
463 862 618 906 videtur,
642 867 744 907 atque
767 863 883 898 Leidd.
907 868 1049 908 excepto
1072 865 1117 900 Ν.
1137 869 1247 902 exstat
1269 871 1447 910 armatus,
1470 863 1758 910 quemadmodum

403 924 571 957 Gruterus
603 926 637 957 et
668 924 818 968 Longius
849 923 1065 967 seripserunt.
1117 927 1163 960 Et
1194 938 1277 960 sane
1305 927 1451 970 probum
1491 925 1601 960 videri
1640 924 1758 968 possit,

400 995 507 1028 quum
530 987 564 1017 et
587 995 647 1027 per
669 995 705 1016 se
728 983 945 1033 intelligatur
968 985 1190 1029 Iugurthinos
1212 991 1363 1021 armatos
1387 986 1512 1027 fuinse,
1534 995 1644 1027 neque
1675 994 1757 1028 pro-

400 1042 518 1077 babile
549 1042 594 1076 sit
625 1053 646 1076 a
675 1043 863 1077 victoribus
886 1043 921 1076 in
945 1043 1032 1077 alios
1052 1044 1119 1078 nisi
1138 1044 1174 1078 in
1197 1050 1347 1080 armatos
1367 1044 1537 1079 saevitum
1558 1055 1642 1079 esee.
1688 1043 1758 1078 Sed

399 1102 534 1143 obstat,
567 1103 656 1145 quod
689 1114 803 1136 omnes
830 1104 972 1147 puberes
1003 1103 1173 1137 Numidae
1195 1108 1230 1138 et
1250 1103 1479 1148 negotiatore·
1500 1103 1658 1137 dicuntur
1675 1114 1758 1147 pro-

398 1162 541 1202 misene,
566 1161 594 1197 i.
613 1172 643 1196 e.
666 1163 794 1196 nullius
815 1163 868 1196 rei
889 1163 1022 1197 ratione
1043 1163 1182 1206 habita,
1203 1162 1372 1198 interfecti
1393 1173 1478 1196 esee.
1507 1163 1626 1206 Neque
1646 1163 1759 1205 omui-

397 1233 446 1256 no
464 1221 570 1256 armis
593 1220 642 1254 uti
666 1225 866 1264 potuerunt,
890 1223 948 1266 qui
972 1223 1142 1257 deditione
1153 1226 1255 1267 facta
1277 1224 1312 1258 in
1334 1234 1457 1258 manue
1473 1222 1614 1257 victoria
1644 1222 1756 1257 veui·-

398 1286 496 1321 eent3
519 1281 716 1324 ceteroquin
738 1281 815 1314 iure
837 1293 953 1316 caesos
977 1283 1120 1318 diceres.
1167 1285 1284 1327 Quare
1306 1283 1451 1317 armatis
1473 1286 1563 1316 recte
1584 1282 1701 1323 habet,
1723 1287 1756 1316 et

395 1341 660 1386 intelligendum
683 1342 725 1374 de
745 1341 957 1385 Iugurthinis
979 1342 1098 1376 hostili
1119 1343 1225 1377 modo
1245 1344 1365 1377 urbem
1385 1342 1604 1378 intrantibus.
1625 1343 1670 1376 cf.
1693 1353 1757 1376 no-

396 1404 471 1436 tata
491 1401 536 1435 ad
558 1412 587 1434 c.
610 1401 742 1442 XXIII,
767 1401 1048 1444 L--Gerlachius,
1071 1402 1107 1435 in
1129 1403 1204 1436 sola
1235 1402 1462 1438 inconstantia
1489 1402 1557 1436 sibi
1587 1406 1756 1445 constans,

396 1461 432 1495 in
462 1461 514 1496 ed
543 1460 624 1495 mai.
657 1461 802 1494 armatis
825 1461 934 1503 dedit,
956 1461 991 1495 iu
1015 1462 1148 1496 minore
1169 1467 1323 1496 armatus
1344 1461 1575 1505 amplectitur.
1598 1480 1641 1488 —
1666 1463 1756 1497 Fue·

395 1527 477 1563 rat,
509 1533 572 1566 pro
593 1525 660 1564 quo
684 1531 772 1553 unua
794 1520 900 1554 Fabr.
925 1522 958 1555 1.
982 1522 1084 1565 lapsu
1106 1522 1240 1556 scribae
1252 1522 1326 1564 fuit
1348 1521 1506 1565 exhibet,
1539 1523 1676 1558 Cortiue
1697 1524 1756 1558 de-

393 1581 494 1616 levit.
541 1581 618 1614 Vim
640 1558 964 1625 plusquamperfecti
982 1581 1232 1624 explicavimus
1253 1582 1297 1615 ad
1321 1582 1396 1616 Cat.
1425 1582 1675 1623 xxxv11,1.
1710 1601 1752 1608 —

395 1641 572 1683 Interfecit
602 1639 637 1672 in
668 1640 750 1675 Bas.
782 1640 815 1675 1.
847 1640 926 1673 Seu.
950 1641 983 1675 l.
1007 1642 1098 1675 V.rat
1123 1642 1154 1676 1.
1178 1641 1283 1675 Acad.
1305 1629 1431 1676 Fraiic.
1447 1645 1621 1676 mutatum
1643 1641 1680 1676 in
1701 1643 1754 1676 ἰπ-

394 1701 537 1743 terficit,
560 1699 692 1733 scilicet
723 1703 761 1733 ut
790 1703 995 1744 congrueret
1025 1711 1106 1734 cum
1138 1711 1340 1745 praegresso
1370 1705 1491 1742 necat,
1519 1711 1607 1744 quae
1635 1712 1757 1736 caussa

396 1758 623 1794 Gerlachium
646 1770 782 1802 quoque
804 1760 935 1802 movit,
959 1763 997 1793 ut
1019 1759 1054 1793 in
1076 1760 1130 1794 ed.
1153 1760 1235 1794 min.
1273 1771 1432 1804 praeseus
1463 1760 1640 1804 reciperet.
1685 1761 1755 1796 Sed

393 1819 588 1864 perfectum
623 1822 658 1852 et
689 1829 852 1862 praeseus
881 1819 1087 1854 historicum
1118 1830 1220 1862 saepe
1251 1820 1288 1854 in
1320 1821 1440 1854 eadem
1472 1820 1612 1863 periodo
1649 1821 1754 1856 simul

394 1878 519 1913 heberi
546 1877 621 1923 iam
652 1889 756 1921 supra
787 1878 983 1913 monuimus
1013 1880 1057 1914 ad
1082 1891 1112 1913 c.
1144 1880 1229 1921 xu,
1262 1879 1296 1915 4.
1341 1880 1428 1923 Apte
1452 1880 1587 1915 eortius
1609 1882 1755 1917 contulit

394 1938 473 1973 Liv.
506 1938 576 1978 IV,
603 1937 651 1978 7,
680 1938 713 1971 1.
747 1939 991 1983 magistratum
1022 1940 1036 1972 ι’
1045 1944 1183 1974 neunt
1218 1941 1259 1974 A.
1291 1941 1528 1984 Semproniae,
1551 1939 1594 1975 L.
1617 1942 1753 1982 Atilius,

400 1999 439 2034 T.
475 1990 660 2038 Caecilius,
694 2009 834 2042 qnorum
864 1999 902 2031 in
934 1999 1147 2044 magistratu
1181 1999 1360 2034 concordia
1393 1999 1484 2034 domi
1502 2011 1624 2044 pacem
1647 2002 1752 2037 etiam

388 2059 482 2103 soris
501 2058 735 2102 praebuit.
1799 2102 1801 2107 Α

487 2116 629 2152 xxvll.
683 2117 716 2160 ἕ.
741 2116 772 2150 l.
827 2117 1003 2162 cognitum
1033 2118 1104 2162 est]
1142 2117 1277 2153 Cottius
1311 2117 1354 2152 de
1383 2117 1482 2153 codd.
1511 2119 1582 2154 sui·
1613 2131 1753 2163 prorsus

394 2179 498 2215 nilons
519 2182 569 2212 est
591 2176 726 2218 omisit3
747 2177 808 2210 sed
831 2188 938 2220 quum
961 2188 1076 2211 omnes
1099 2178 1262 2219 Gmteri,
1291 2178 1439 2220 Wassii,
1471 2178 1650 2214 Gerlachii
1672 2191 1752 2214 cum

394 2237 535 2274 relicuis
569 2239 723 2279 teneant,
755 2248 824 2270 uon
846 2236 990 2270 dubium
1012 2241 1080 2281 est,
1113 2237 1194 2282 quin
1215 2237 1251 2272 in
1274 2238 1442 2273 Cottianie
1465 2249 1601 2282 quoque
1621 2239 1752 2276 habea-

395 2302 464 2334 tur.
509 2298 606 2332 Unus
628 2297 705 2330 Vat.
728 2295 762 2330 5.
785 2307 853 2330 non
876 2297 1054 2342 agnoscit,
1077 2296 1175 2332 cuius
1196 2298 1399 2332 auctoritate
1422 2297 1649 2341 Get-lachim,
1670 2298 1754 2334 licet

395 2357 433 2392 ἰιι
463 2361 594 2392 textum
623 2357 810 2400 receperit,
844 2356 880 2391 in
917 2358 1122 2392 Commentt·
1154 2369 1188 2402 p.
1211 2358 1291 2394 254.
1310 2358 1491 2393 delendum
1513 2362 1636 2392 censet.
1681 2358 1752 2393 Sed

393 2417 451 2452 vir
479 2416 657 2452 mutabilis
687 2416 806 2451 iudicii
836 2416 903 2451 sibi
933 2417 970 2451 in
999 2418 1051 2452 ed.
1076 2418 1264 2453 novissima
1284 2430 1352 2453 non
1374 2416 1532 2453 constitit.
1554 2437 1600 2443 -—
1622 2417 1752 2462 Coepta

394 2477 555 2523 plurimis
586 2476 792 2520 optimisque
823 2476 922 2511 libris
952 2477 1130 2519 firmatum
1161 2478 1223 2512 alii
1254 2479 1363 2526 coepjt
1384 2478 1512 2512 habent
1536 2489 1577 2512 ex
1599 2477 1751 2521 interpo-

394 2536 524 2572 latione
544 2537 757 2576 ecribarum.
780 2537 841 2581 qui
861 2537 1000 2581 passiva
1023 2538 1135 2572 forma
1157 2538 1376 2572 offenderent.
1421 2537 1490 2572 Sed
1512 2548 1554 2572 ea
1577 2537 1660 2572 eatis
1681 2538 1751 2571 t're-

396 2608 504 2642 que-e
525 2600 599 2638 est,
622 2597 684 2631 ubi
705 2597 894 2632 infinitivus
913 2597 1044 2642 passivi
1064 2597 1108 2631 ab
1134 2597 1279 2641 coepisse
1294 2597 1402 2631 verbo
1415 2597 1550 2640 pendet.
1565 2608 1599 2632 v.
1616 2597 1751 2641 Zumpt.

401 2657 558 2690 Gramm.
582 2657 656 2690 Lat.
688 2659 720 2699 §.
748 2656 804 2692 59.
829 2669 862 2700 p.
884 2657 965 2691 2⁰1.
988 2649 1041 2691 ed.
1065 2658 1120 2691 lv.
1145 2657 1216 2691 Cic.
1240 2658 1338 2691 Brut.
1360 2668 1390 2691 c.
1413 2656 1460 2696 ⁷,
1487 2656 1546 2692 26.
1570 2657 1612 2689 de
1634 2656 1694 2691 Or.
1723 2657 1749 2698 1,

402 2715 467 2759 87,
491 2716 570 2751 168.
596 2716 748 2754 Gen-lo.
773 2717 868 2753 Voss.
889 2718 933 2751 de
955 2717 1102 2763 Analog.
1127 2717 1186 2759 ΠΙ,
1207 2715 1264 2753 39.
1288 2728 1320 2760 p.
1345 2715 1422 2751 158.
1443 2716 1496 2751 ed.
1520 2716 1563 2750 ll.
1586 2715 1751 2751 Veehuer.
