1826 3276
402 170 488 211 316
553 218 555 220 ¹
765 162 812 206 (3.
841 162 1405 208 SALLUSTl-CRISPI

402 275 612 323 Metellus
659 289 796 334 quum
843 276 1072 320 acerrume
1122 290 1219 321 rem
1269 281 1447 337 gereret
1456 280 1760 337 ,mclamorem
1797 300 1800 303 Ὗ

402 373 608 419 hostilem
653 368 715 414 abv
754 375 883 429 tergo
925 371 1131 430 accepit3
1175 371 1337 416 deinde
1385 388 1599 431 convorso
1644 389 1760 433 equo

404 466 711 511 animadvortit
752 465 906 526 fugam
949 464 1008 517 ad
1052 480 1100 510 se
1145 481 1322 510 vorsum
1361 468 1463 511 fieri
1476 500 1490 522 ,
1535 471 1647 527 quae
1663 492 1670 502 ·
1689 485 1760 513 res

370 563 626 607 5indicabat
668 561 895 622 popularis
933 576 1043 608 esse.
1121 561 1262 621 Igitur
1304 564 1545 620 equitatum
1567 560 1762 607 omnem

400 658 461 703 ad
494 664 638 702 castra
666 671 862 716 propere
896 657 1050 713 mittit,
1076 671 1138 719 ac
1172 658 1315 700 statim
1349 657 1400 704 G.
1433 657 1628 702 Marium
1643 663 1762 701 'cum

403 754 657 798 cohortibus
691 752 932 807 sociorum,
982 767 1174 810 eumque
1217 753 1461 812 lacrumans
1494 768 1578 812 per
1609 752 1762 796 amici-
1801 761 1807 769 '

401 851 508 894 tiam
551 863 725 908 perque
769 847 1087 906 rempublicam
1124 848 1349 905 obsecrat,
1393 864 1450 892 ne
1484 863 1618 907 quam
1653 862 1763 890 con-

400 938 623 990 tumeliam
670 955 900 987 remanere
939 941 983 985 in
1014 943 1205 986 exercitu
1240 945 1427 1004 victore,
1467 950 1579 988 neve
1623 941 1759 986 hostis

364 1041 562 1086 oinuitos
606 1039 728 1082 abire
774 1038 896 1083 sinat.
972 1037 1054 1081 Ille
1097 1037 1220 1081 brevi
1262 1039 1471 1082 mandata
1512 1038 1670 1090 efficit3
1717 1042 1762 1079 at

397 1135 613 1198 Iugurtha
644 1133 915 1183 munimento
951 1139 1195 1177 castrorum
1223 1134 1483 1194 impeditus,
1519 1147 1656 1192 quum
1689 1130 1763 1175 alii

395 1273 586 1318 scripturae
602 1269 834 1314 discrepantia
857 1268 1004 1304 ostendit
1023 1270 1089 1304 has
1111 1269 1196 1306 duas
1218 1281 1320 1304 voces
1343 1282 1365 1305 ει
1385 1244 1508 1305 scribis
1528 1269 1662 1304 additas
1676 1278 1762 1302 esse.

396 1335 488 1369 Nam
511 1333 547 1367 in
569 1332 649 1366 Seu.
674 1331 708 1364 1.
734 1331 812 1365 Vin.
837 1330 870 1364 1.
893 1330 998 1364 Acad.
1023 1329 1138 1365 StruV.
1162 1331 1233 1365 Ine.
1257 1331 1289 1364 1.
1314 1331 1458 1365 Eecard.
1475 1330 1592 1368 Guelf.
1611 1330 1642 1363 1.
1666 1328 1701 1363 2.
1723 1327 1759 1363 7.
1796 1339 1801 1342 ’

394 1395 508 1430 Puris.
530 1405 563 1427 x.
588 1404 620 1427 z.
651 1389 834 1424 Einsiedel.
857 1389 945 1424 Tur.
967 1391 1002 1424 1.
1035 1394 1070 1424 et
1092 1391 1196 1424 Bern.
1219 1390 1253 1423 3.
1291 1397 1343 1425 est
1371 1402 1392 1423 v
1407 1391 1447 1424 el
1477 1391 1684 1429 tumultum3
1721 1387 1760 1422 in

394 1455 507 1491 Paris.
531 1454 573 1488 Ι).
595 1457 642 1486 ut
663 1456 772 1490 tum.;
795 1449 831 1483 in
854 1450 930 1483 cod.
953 1449 1142 1495 Bongarsii
1165 1454 1200 1485 et
1222 1450 1319 1486 Flor.
1341 1449 1376 1484 3.
1402 1450 1553 1484 veluti
1584 1454 1691 1488 tuma
1721 1447 1759 1481 in

394 1515 508 1551 Paris.
542 1514 583 1547 Ε.
613 1516 647 1546 et
677 1511 759 1544 Bas.
791 1509 826 1543 4.
867 1510 1048 1544 clamorem
1078 1512 1260 1545 tumultum
1276 1522 1290 1550 ‚-
1319 1510 1377 1543 sed
1410 1521 1433 1543 a
1464 1509 1570 1544 Fabr.
1601 1508 1635 1543 1.
1661 1507 1696 1544 2.
1725 1511 1760 1542 et
1788 1510 1789 1513 ’

395 1574 540 1609 Gom-Iit.
564 1573 664 1616 plane
697 1570 842 1611 absunt,
868 1568 934 1611 'qui
966 1570 1040 1603 sine
1071 1570 1175 1603 dubio
1207 1581 1327 1602 veram
1353 1570 1535 1603 lectionem
1564 1571 1758 1611 servarunt,

394 1645 501 1680 quam
530 1629 785 1676 quodammodo
813 1628 918 1662 etiam
939 1629 1154 1663 confirmant
1183 1630 1272 1673 Reg.
1303 1629 1446 1663 Bulliol.
1467 1632 1504 1662 et
1533 1626 1644 1663 Laud.
1665 1628 1699 1662 ὃ.
1723 1627 1758 1662 in

394 1693 520 1738 quibu·
553 1691 734 1725 tumultum
768 1689 923 1723 hostilem
954 1689 1057 1722 deest.
1090 1688 1258 1722 Weissius
1283 1692 1399 1723 tamen
1431 1691 1468 1722 et
1489 1689 1602 1723 Faber
1625 1688 1760 1732 glossae

393 1755 511 1789 locum
532 1751 566 1785 in
590 1753 751 1784 contextu
773 1752 1023 1784 concesserunt.
1038 1767 1084 1773 -
1107 1749 1176 1783 Pro
1200 1750 1252 1783 ab
1274 1754 1376 1794 tergo
1399 1749 1519 1783 Bon-oi.
1541 1749 1574 1782 1.
1596 1748 1631 1782 2.
1654 1748 1756 1782 Misn-

394 1817 430 1849 et
452 1811 602 1847 Goerlit.
626 1822 649 1844 a
673 1815 796 1855 terg03
819 1819 926 1852 quam
949 1808 1212 1853 praepositionis
1239 1809 1388 1842 formam
1409 1808 1513 1857 ceteri
1534 1808 1632 1844 codd.
1656 1818 1756 1852 prue-

391 1875 518 1914 beant,
546 1871 694 1905 editores
725 1871 794 1903 no'n
823 1872 1038 1903 annotarunt.
1082 1869 1179 1902 Idem
1202 1869 1334 1903 factum
1365 1872 1418 1903 est
1449 1868 1485 1903 in
1514 1879 1600 1903 ,voce
1622 1869 1754 1914 deinde,

394 1946 456 1980 pro
480 1944 550 1976 qua
575 1931 712 1965 Cortius
734 1933 769 1964 et
800 1929 1007 1963 Gerlachius
1031 1940 1111 1962 cum
1131 1929 1270 1963 reiicuis
1292 1929 1451 1964 omnibus
1473 1929 1554 1962 dein
1581 1928 1755 1963 exhibent.

393 1995 462 2029 Sed
495 2003 602 2036 quum
634 1990 771 2024 Con-tius
802 1990 893 2022 hanc
926 1989 1075 2022 formam
1106 1988 1307 2032 saepissime
1335 1988 1408 2022 sine
1438 1987 1539 2022 codd.
1560 1998 1623 2030 pro
1645 1988 1756 2022 ultera

393 2052 562 2089 invexerit
584 2051 651 2094 (cf.
676 2050 803 2091 XXIV,
825 2050 860 2082 6.
885 2049 1000 2090 XXV,
1024 2047 1058 2082 5.
1081 2049 1239 2091 XXXIV,
1254 2048 1334 2092 1.),
1358 2047 1477 2082 Leidd.
1499 2051 1616 2082 autem
1638 2058 1755 2081 omnes

393 2126 474 2148 cum
496 2111 620 2146 nostris
643 2110 766 2144 deinde
790 2109 996 2152 praebeant,
1019 2119 1087 2142 non
1109 2107 1254 2142 dubium
1277 2108 1421 2150 videtur,
1443 2107 1525 2151 quin
1547 2105 1651 2141 ceteri
1671 2117 1756 2150 quo-

392 2186 481 2219 que,
505 2182 715 2217 quamquam
740 2169 829 2203 nihil
851 2171 1056 2202 monuerunt
1078 2167 1246 2210 editores,
1270 2169 1306 2202 in
1329 2179 1370 2202 eo
1392 2167 1612 2202 consentiant.
1637 2186 1680 2192 -
1702 2168 1755 2200 De

391 2233 509 2270 verbis
532 2233 579 2267 ad
601 2242 637 2266 se
658 2241 792 2264 vorsum
814 2239 848 2265 v.
871 2229 916 2262 ad
939 2229 1015 2262 Cat.
1039 2228 1126 2269 LVI,
1148 2229 1182 2265 4.
1204 2240 1239 2271 p.
1258 2227 1338 2262 295.
1353 2229 1430 2272 lug.
1453 2228 1576 2268 LXIX,
1591 2227 1624 2261 l.
1638 2225 1752 2261 Hand.

393 2297 450 2330 de
459 2288 1084 2332 Paruumhatt.vo1.1.p.179.et
1108 2288 1187 2322 188.

484 2356 518 2396 §-
549 2352 583 2387 5.
640 2350 772 2394 mittit]
813 2350 896 2383 Bas.
929 2348 961 2383 1.
993 2347 1028 2381 4.
1058 2348 1163 2381 Fabr.
1187 2347 1221 2382 1.
1251 2347 1286 2382 2.
1328 2347 1434 2382 Acad.
1462 2346 1578 2381 Struv.
1609 2344 1751 2379 Eccnrd.

396 2415 512 2448 Guelf.
536 2414 570 2447 1.
601 2412 636 2446 4.
669 2411 724 2444 lo.
749 2410 805 2443 11.
835 2409 912 2444 ErI.
943 2408 1032 2442 Tur.
1065 2409 1098 2443 1.
1131 2407 1277 2442 Goon-Iit.
1313 2407 1416 2441 Misn.
1436 2406 1562 2440 ·.BeroI
1592 2405 1625 2438 1.
1653 2404 1688 2438 2.
1718 2407 1754 2438 et

393 2485 511 2509 omnes
529 2472 649 2506 Leidd.
673 2469 822 2514 exceptis
846 2470 890 2503 G.
915 2472 949 2502 et
971 2469 1015 2502 K.
1038 2469 1130 2523 misit
1153 2469 1292 2509 habent,
1315 2468 1406 2510 quod
1430 2465 1631 2500 Gerlachins
1657 2475 1751 2498 rece-

393 2534 455 2579 pit.
507 2533 575 2567 Sed
605 2531 811 2566 assentimur
842 2529 961 2564 Cottio
992 2527 1160 2562 iudicanti
1197 2528 1381 2572 vuigatam
1407 2525 1500 2559 haud
1532 2523 1752 2557 mediocriter

391 2594 574 2630 sustentari
603 2603 745 2637 propere
776 2589 965 2631 vocabulo,
997 2588 1124 2631 quippe
1159 2599 1227 2630 qno
1256 2585 1421 2620 sententia
1443 2585 1522 2618 talis
1545 2584 1690 2624 evadat,
1713 2589 1751 2618 ut

392 2664 552 2698 praesens
575 2657 708 2695 tempus
730 2649 898 2685 celeritati
920 2649 1160 2693 exprimendae
1183 2647 1284 2681 valde
1314 2645 1611 2680 accommodatum
1633 2643 1750 2677 vidon-

394 2717 462 2749 tur.
485 2731 530 2738 --
552 2712 663 2746 Verba
686 2722 728 2744 ac
753 2711 870 2745 statim
900 2709 937 2743 G.
963 2709 1114 2743 Marium
1135 2720 1175 2742 ex
1199 2717 1399 2752 praegresso
1418 2705 1694 2751 mittit-pendere
1715 2703 1752 2738 in
