1826 3276
384 193 468 234 594
740 185 785 227 C.
816 184 1136 229 SALLUSTI
1167 185 1388 231 CRISPI

678 240 683 259 t

385 305 445 348 de
477 292 589 362 pace
624 304 669 344 et
710 297 768 342 de
817 299 1129 344 communibus
1165 301 1298 346 rebus
1339 303 1484 348 multis
1521 304 1737 354 disseruit.

384 397 585 454 Denique
618 394 718 454 regi
749 394 973 454 patefecit,
1007 394 1130 453 quod
1155 396 1430 455 polliceatur,
1465 406 1662 444 senatum
1696 409 1747 446 et

382 490 913 551 populum-'Romanum‚
946 491 1155 548 quoniam
1187 493 1377 551 'amplius
1411 495 1541 539 armis
1575 496 1753 540 valuis-·
1813 547 1818 558 ‘

382 589 500 644 sent,
543 600 633 630 non
674 585 720 629 in
761 585 949 645 gratiam
986 583 1240 639 habituros;
1273 586 1542 632 faciundum·
1562 590 1740 648 aliquid,

381 682 504 742 quod
537 682 710 725 illorum
743 679 884 739 magis
918 694 1052 738 quam
1085 694 1164 724 sua
1197 680 1394 727 retulisse
1419 683 1654 743 uideretur.
1688 685 1742 728 Id

382 778 498 823 adeo
531 777 577 821 in
617 780 829 836 promptu
874 790 993 832 esse,
1038 775 1245 838 quoniam
1289 776 1533 837 Iugurthae
1564 779 1741 839 copiam

379 944 496 978 batur.
542 941 642 975 Certe
670 939 873 974 incredibile
903 941 968 980 est,
996 939 1027 973 si
1056 938 1240 973 Sallustius
1270 939 1306 973 ἰη
1331 941 1454 985 gratia
1475 941 1677 986 scripsisset,
1699 943 1743 976 li-

378 1002 516 1037 brarios
538 1013 601 1045 pro
615 1011 666 1035 ‘eo
688 1000 725 1033 in
747 999 902 1044 gratiam
927 1008 1105 1039 exarasse,
1133 998 1224 1042 quod
1245 1009 1313 1032 uon
1335 1000 1418 1034 satis
1438 1003 1632 1044 reputantes
1653 1002 1745 1036 Lan-

379 1060 459 1104 gius
480 1062 514 1093 ct
536 1059 724 1092 Muellerus
747 1058 783 1091 in
805 1058 928 1103 gratia
950 1055 1138 1091 ediderunt.
1169 1058 1329 1093 Ceterum
1354 1060 1558 1094 Gerlachius
1581 1050 1619 1095 ut
1640 1072 1744 1095 accu-
1765 1102 1767 1107 Ι

379 1119 528 1153 sativum
553 1117 719 1162 explicet,
743 1117 779 1151 in
803 1118 1008 1153 Commentt.
1034 1129 1068 1161 p.
1092 1117 1173 1152 334.
1197 1123 1375 1163 comparat
1409 1119 1514 1153 Catil.
1535 1120 1630 1161 XIX,
1653 1119 1687 1156 3.
1711 1122 1746 1154 et

379 1179 456 1223 lug.
480 1178 592 1220 CXII,
616 1178 670 1219 3.,
703 1187 791 1220 quae
821 1178 980 1222 exempla
1006 1178 1089 1220 quid
1110 1179 1255 1221 probent
1276 1189 1378 1213 nemo
1400 1182 1536 1223 praeter
1555 1179 1669 1223 ipsum
1690 1179 1745 1213 iu-

379 1237 567 1280 tellexerit3
597 1247 678 1271 uam
710 1241 910 1281 corruptum
938 1241 989 1271 est
1019 1238 1188 1278 alterum,
1221 1225 1369 1274 alterum
1400 1238 1504 1273 alieni
1522 1239 1675 1283 generis.
1698 1257 1743 1264 —·

382 1296 506 1340 Quod
530 1314 574 1322 —
603 1297 822 1331 retulisse
855 1297 1030 1331 videretur
1058 1297 1265 1331 laumannus
1296 1298 1346 1331 ita
1370 1297 1508 1340 *dictum
1541 1293 1673 1338 censet,
1706 1299 1746 1330 ut

372 1360 495 1400 facere
522 1357 565 1392 ad
587 1357 770 1391 relativum
801 1358 1027 1400 supplendum
1061 1357 1118 1390 sit.
1171 1356 1278 1391 Nobis
1309 1356 1399 1390 nihil
1425 1343 1745 1401 videtur'supplen-

379 1417 482 1459 dum,
514 1428 621 1460 quum
650 1417 757 1449 verba
783 1419 890 1459 refert
922 1418 1024 1459 atque
1047 1415 1188 1449 interest
1209 1427 1277 1450 non
1299 1427 1433 1459 semper
1454 1416 1661 1451 infinitivum
1684 1419 1746 1451 aut

378 1476 618 1510 accusativum
634 1487 661 1509 c.
681 1475 805 1511 infinit.
825 1477 1009 1519 postulent,
1031 1479 1070 1510 ut
1093 1475 1259 1519 praecipit
1282 1475 1461 1518 Zumptius
1485 1476 1642 1510 Gramm.
1666 1476 1745 1510 Lat.

379 1538 412 1578 §.
443 1536 500 1577 73,
535 1535 590 1571 13.
623 1548 659 1579 p.
692 1535 772 1569 352.
803 1536 858 1570 ed.
889 1536 959 1576 1V.‚
989 1536 1048 1568 sed
1079 1535 1251 1568 interdum
1283 1534 1389 1568 etiam
1422 1545 1502 1568 cum
1531 1534 1745 1573 nominativo

379 1592 592 1636 pronominis
626 1597 687 1628 aut
718 1594 923 1629 substantivi
955 1595 1224 1639 coniungantur3
1253 1594 1297 1627 cf.
1329 1594 1399 1628 Cic.
1425 1595 1511 1637 Epp.
1543 1595 1587 1628 ad
1609 1594 1745 1629 Famm.

378 1652 420 1694 V,
452 1652 509 1694 20,
543 1650 599 1689 15.
647 1654 727 1688 Non
759 1655 903 1699 ascripsi
931 1656 996 1696 id,
1029 1655 1143 1699 quod
1172 1659 1235 1688 tua
1257 1654 1344 1688 nihil
1366 1653 1612 1697 referebat.
1661 1654 1744 1690 Ter.

378 1712 528 1756 Adelph.
552 1713 591 1756 V,
615 1713 649 1756 4,
672 1714 730 1748 27.
778 1715 827 1748 Id
850 1726 927 1748 mea
949 1716 1086 1749 minime
1108 1718 1235 1756 refert,
1269 1714 1326 1757 qui
1352 1724 1426 1747 sum
1444 1718 1537 1748 ‘natu
1558 1714 1743 1748 maximus.

380 1772 452 1806 Cic.
485 1773 572 1822 Epp.
607 1774 652 1807 ad
682 1775 786 1809 Attio.
818 1776 878 1816 Ill,
908 1774 963 1817 19,
994 1774 1040 1808 in.
1080 1774 1140 1807 Ἰπ
1164 1774 1306 1818 Epirum
1330 1774 1377 1807 aa
1400 1778 1435 1807 te
1457 1774 1567 1808 statui
1587 1785 1641 1807 me
1664 1785 1744 1807 con·
1790 1764 1797 1766 ’ἓ

374 1835 492 1877 ferre,
523 1843 592 1866 ποπ.
623 1845 689 1877 quo
719 1844 798 1868 mea
828 1835 1077 1869 interesset
1107 1834 1171 1867 loci
1203 1838 1387 1874 natura,
1410 1833 1470 1867 sed
1491 1839 1555 1867 ete.
1581 1833 1673 1883 ΡΙίη.
1696 1833 1743 1866 Η.

380 1892 425 1927 N.
448 1892 581 1936 XVIII,
614 1893 671 1927 21.
721 1894 908 1928 Plurimum
938 1897 1085 1937 refert
1109 1894 1172 1927 soli
1194 1893 1354 1935 cuiusque
1375 1893 1513 1928 ratio.
1545 1892 1672 1927 Sensus
1693 1895 1745 1926 est

380 1952 509 1998 igitur:
541 1952 735 1988 faciendum
767 1963 840 1988 esse
870 1953 1010 1996 aliquid,
1042 1953 1133 1995 quod
1154 1951 1268 1996 magis
1292 1953 1336 1985 ob
1359 1951 1543 1986 utilitatem
1567 1953 1745 1986 Romano-

382 2024 473 2055 rum,
496 2024 600 2056 quam
623 2015 667 2047 ob
690 2024 790 2047 suum
813 2013 1033 2047 commodum
1054 2015 1247 2055 susceptum
1269 2011 1461 2052 videretur3
1485 2023 1590 2055 quam
1611 2015 1754 2046 senten--

382 2072 470 2108 tiam
491 2074 587 2107 haud
613 2075 796 2108 obscuram
819 2082 886 2107 non
908 2072 1155 2116 explanandam
1179 2070 1349 2104 duxissem
1364 2096 1373 2114 ‚
1393 2069 1458 2104 nisi
1480 2071 1630 2104 viderem
1652 2071 1744 2104 Lan-

383 2133 484 2178 gium
507 2145 645 2178 prorsus
667 2145 689 2169 a
711 2145 794 2168 vero
817 2134 991 2173 aberrare,
1013 2133 1100 2165 haec
1122 2133 1360 2165 annotantem:
1384 2133 1540 2173 referret,
1561 2130 1652 2173 quod
1675 2129 1743 2163 Ro-

384 2193 497 2228 manis
526 2193 660 2238 potius,
695 2204 801 2237 quam
830 2193 897 2227 sibi
928 2192 1012 2227 utile
1044 2194 1165 2225 esset..“
1186 2209 1232 2215 -—
1262 2191 1314 2224 In
1340 2195 1548 2235 promptu
1571 2201 1642 2224 esse
1664 2189 1688 2223 i.
1713 2200 1743 2222 e.

378 2254 533 2298 faci-le
568 2265 658 2295 esse3
689 2253 810 2286 eodem
837 2264 937 2286 sensu
970 2251 1114 2286 Tacitus
1146 2250 1231 2284 dixit.
1259 2255 1453 2294 promptum
1482 2254 1554 2290 est,
1585 2250 1632 2284 ef.
1654 2249 1745 2289 XIV,

384 2312 444 2356 57,
479 2312 512 2346 1.
561 2313 816 2358 Promptum
841 2314 915 2356 fuit
944 2312 1074 2355 Rufum
1109 2311 1250 2345 Fenium
1283 2311 1492 2344 imminuere.
1523 2309 1597 2351 XV,
1629 2309 1686 2352 41,
1711 2309 1744 2342 1.

348 2359 352 2363 .
386 2373 555 2406 Domuum
586 2378 621 2408 et
649 2374 840 2408 insularum
871 2377 905 2407 et
934 2373 1132 2416 templorum
1162 2381 1339 2404 numerum
1368 2370 1454 2403 inire
1477 2368 1572 2403 haud
1598 2378 1745 2412 prom-

384 2438 510 2477 ptum
535 2435 657 2476 fuerit.
681 2452 726 2458 --
758 2434 810 2467 De
838 2443 903 2467 usu
931 2433 989 2466 ille
1019 2430 1230 2475 pronominis
1258 2430 1294 2463 iu
1325 2429 1479 2463 oratione
1496 2428 1640 2472 'obliqua
1662 2427 1746 2462 satis

386 2491 525 2537 egimus
548 2494 592 2528 ad
616 2505 646 2527 c.
668 2491 762 2535 LVI,
785 2492 820 2526 4.
843 2511 889 2518 —-
913 2493 1008 2526 Tum:
1031 2494 1110 2525 aute
1128 2492 1218 2525 ultro
1240 2488 1395 2531 Cortius,
1431 2499 1537 2531 quum
1567 2487 1604 2521 in
1628 2487 1744 2522 Guell'.

387 2550 446 2585 12.
470 2552 585 2586 deesse
605 2553 757 2595 vidisset,
779 2552 968 2587 inconsulto
987 2550 1129 2594 expulit,
1152 2561 1218 2584 nou
1240 2552 1412 2584 assecutus
1433 2547 1598 2592 tempori·
1619 2546 1745 2581 diversi

388 2611 637 2655 oppositionem
660 2612 762 2646 istam
786 2611 995 2656 particulam
1026 2610 1208 2655 flagitares
1242 2621 1330 2654 quae
1358 2608 1528 2653 oppositio
1549 2607 1622 2646 nisi,
1639 2617 1746 2650 quae-

389 2670 457 2705 sita
478 2675 514 2705 et
538 2671 580 2704 do
601 2671 768 2706 industria
788 2671 945 2706 instituta
967 2674 1070 2712 esset,
1101 2681 1169 2704 uon
1189 2669 1294 2704 scribi
1317 2668 1480 2712 potuisset
1500 2679 1608 2709 nune,
1637 2677 1743 2710 quum

390 2729 524 2766 dicendi
551 2742 634 2768 usus
652 2732 690 2766 iu
710 2731 774 2768 tali
793 2743 883 2767 nexu
904 2732 1053 2776 postulet
1081 2734 1182 2774 tunc,
1215 2733 1254 2764 ut
1277 2728 1348 2764 iam
1371 2728 1508 2772 saepius
1528 2726 1744 2767 monuimus3
