1826 3276
486 185 847 251 weuRTHA.
881 205 1012 251 cAP.
1043 205 1222 250 xcvn.
1435 211 1533 253 ωε

133 334 228 373 ctus
264 325 478 371 Bocchus
515 340 618 370 cum
651 339 823 386 magna
848 323 1129 369 multitudine
1150 305 1416 384 Iugurtham
1452 341 1532 372 ac-

131 425 265 471 cedit.
325 424 395 468 lta
429 423 667 468 amborum
702 422 897 467 exercitu
932 402 1173 468 coniuncto
1209 420 1421 482 Marium,
1442 422 1533 470 iam

131 523 178 566 in
212 521 402 566 hiberna
435 520 821 580 proficiscentem,
858 519 931 563 vix
967 518 1143 563 decima
1166 504 1309 579 ⁴parte
1345 518 1420 564 die
1454 536 1531 565 re·-

129 617 268 675 1icua,
311 617 551 673 invadunt,
596 618 680 661 rati
724 622 931 673 noctem,
979 631 1096 675 quae
1141 616 1231 660 iam
1267 617 1448 675 aderat,
1486 626 1531 663 et

128 714 255 758 victis
293 714 377 758 sibi
413 714 854 773 munimento‘fore‚
892 720 937 757 et
975 714 1012 758 si
1046 715 1253 759 vicissent
1287 716 1412 758 nullo
1448 716 1529 760 im-

126 811 416 872 pedimento,
450 813 553 871 quia
587 813 791 856 locorum
829 811 1016 855 scientes
1049 819 1198 866 erant3
1236 818 1392 856 contra
1426 814 1527 857 Ro-

127 909 268 953 manis
304 915 544 968 utrumque
574 924 725 954 casum
761 909 804 952 in
841 909 1037 954 tenebris
1074 908 1378 958 difficiliorem
1412 910 1526 956 fore.

124 1048 184 1092 ll,
209 1047 266 1083 16.
317 1048 560 1094 agnitionem
596 1049 889 1094 amphiboliarum
925 1049 1141 1084 arbitramur
1172 1061 1241 1083 non
1267 1049 1368 1085 modo
1391 1051 1473 1085 nul
1483 1052 1527 1086 10

125 1100 403 1145 adiumento
436 1122 530 1152 esse,
573 1112 635 1146 sed
667 1112 784 1156 potius
817 1112 1013 1145 maximo
1045 1111 1394 1155 impedimento.
1455 1111 1526 1147 Sed

121 1169 201 1215 quis
233 1182 302 1205 uon
333 1171 428 1206 videt
459 1173 494 1207 in
519 1173 575 1208 his
598 1173 756 1207 obtinere
779 1170 1000 1212 ablativum,
1033 1183 1138 1215 quem
1162 1172 1303 1216 dicunt,
1328 1174 1526 1218 qualitatis,

121 1231 183 1276 qui
214 1230 250 1266 in
284 1231 477 1269 tritissimis
507 1235 690 1269 structuris
722 1234 884 1269 habetur.
932 1233 1002 1268 Sed
1035 1232 1066 1267 is
1099 1244 1200 1268 casus
1231 1245 1301 1268 non
1330 1240 1443 1279 potest
1466 1247 1526 1279 per

121 1305 197 1328 esse
231 1293 379 1328 verbum
417 1307 498 1330 cum
532 1297 654 1331 dativo
687 1295 890 1335 conciliari,
923 1299 961 1329 ut
991 1293 1210 1339 significetur
1234 1294 1290 1337 id,
1317 1308 1383 1340 quo
1406 1296 1528 1340 aliqua

118 1365 187 1396 res,
211 1354 256 1389 ad
275 1354 384 1389 aliam
409 1366 483 1390 rem
510 1356 569 1391 vel
585 1367 772 1400 personam
795 1357 920 1399 relata,
943 1356 1132 1400 pertineat.
1179 1356 1268 1400 Quis
1285 1357 1379 1392 enim
1405 1359 1527 1394 Latine

121 1415 344 1451 dixit=›haec
367 1427 424 1450 res
447 1417 535 1450 mihi
551 1420 604 1450 est
626 1407 760 1463 magnit
784 1416 956 1451 lactitid?
977 1416 1099 1460 Quare
1122 1428 1230 1460 quum
1254 1430 1295 1452 ex
1314 1421 1394 1462 sore
1418 1421 1526 1454 verbo

67 1496 70 1498 -
119 1482 158 1511 et
194 1477 262 1512 sibi
291 1468 499 1526 pronomine
530 1476 664 1521 puriter
701 1477 913 1511 munimento
949 1477 1098 1521 pendeat
1130 1483 1236 1521 atque
1259 1480 1354 1513 nullo
1378 1480 1526 1525 impedi-

119 1543 254 1581 mento,
287 1538 523 1573 certissimum
546 1541 598 1572 est
620 1538 710 1572 haec
733 1538 835 1572 tertio
858 1549 942 1572 casu
967 1533 1049 1572 esse'
1063 1538 1199 1582 posita,
1224 1539 1281 1574 cui
1305 1541 1356 1575 rei
1378 1541 1526 1577 minime

120 1600 238 1634 obstat
271 1601 389 1642 nullo,
421 1609 492 1642 qua
526 1598 721 1642 antiquiore
759 1598 977 1643 pronominis
1015 1600 1131 1634 forma
1166 1612 1230 1635 cur
1261 1601 1451 1638 Sallustius
1473 1604 1525 1640 uti

118 1673 188 1696 uon
211 1660 383 1706 potuerit,
414 1659 542 1694 idonea
563 1670 690 1694 caussa
712 1671 782 1693 non
804 1659 1037 1705 intelligitur3
1062 1661 1107 1695 cf.
1132 1661 1303 1698 Priscian.
1328 1664 1386 1708 Vl,
1410 1664 1445 1704 7,
1463 1666 1523 1700 36.

119 1734 155 1767 p.
172 1721 257 1757 243.
292 1722 358 1757 Kr.
414 1720 646 1755 Vetustissimi
683 1720 794 1756 soient
824 1721 979 1755 omnium
1014 1722 1051 1755 in
1076 1723 1220 1757 —ius
1261 1726 1525 1761 terminantium
1562 1723 1569 1728 ’

118 1780 312 1830 genitivum
327 1809 338 1826 ,
364 1783 472 1819 etiam
498 1782 572 1818 ini
594 1781 792 1827 genitivum
817 1785 852 1816 et
876 1782 912 1815 in
941 1794 961 1816 ο
985 1783 1144 1818 dativum
1176 1784 1214 1818 in
1235 1796 1366 1830 genere
1389 1799 1523 1823 mascu-

117 1847 189 1881 lino
219 1851 255 1880 et
285 1849 408 1880 neutro
436 1847 604 1890 proferre.
643 1843 718 1876 Cic.
742 1854 777 1887 p.
802 1842 896 1877 Mur.
919 1854 949 1876 c.
973 1843 1031 1887 12,
1050 1843 1109 1878 26.
1159 1845 1206 1879 Ei
1229 1858 1361 1891 quoque
1384 1860 1525 1883 carmen

119 1907 343 1951 compositum
387 1912 440 1941 est
469 1916 575 1951 quum
615 1905 737 1939 ceteris
781 1903 883 1938 rebus
925 1905 1135 1946 absurdum,
1178 1912 1251 1941 tum
1285 1921 1366 1943 vero
1398 1912 1524 1945 nullo

116 1969 222 2003 usui
247 1968 414 2012 utrisque.
459 1967 649 2001 Praeterea
673 1976 740 1999 non
762 1965 1000 2009 improbabile
1020 1966 1159 2000 videtur
1182 1973 1362 2003 auctorem
1388 1971 1431 2005 ad
1450 1972 1525 2006 evi-

117 2029 261 2064 tandam
284 2027 563 2073 eaeofflonium,
587 2038 693 2071 quam
719 2028 733 2062 i
757 2029 896 2062 litterae
921 2039 1108 2063 concursus
1132 2029 1240 2064 habet
1256 2055 1267 2071 ,
1298 2033 1392 2071 nullo
1417 2043 1523 2076 quam

116 2091 206 2124 nulli
225 2090 380 2124 seribere
402 2089 583 2124 maluisse.
605 2107 650 2134 —7
674 2090 714 2122 Si
737 2090 918 2131 viaissent,
945 2099 1035 2133 quae
1059 2090 1169 2124 verba
1191 2093 1402 2135 respondent
1425 2094 1525 2128 victis

121 2151 333 2196 participio,
362 2150 551 2186 Sallustius
571 2161 639 2184 non
662 2150 749 2185 dixit
773 2150 941 2185 orationis
966 2150 1159 2185 variandae
1183 2163 1310 2186 caussa
1324 2179 1333 2195 ‚
1358 2153 1418 2187 sed
1442 2155 1525 2198 quia

117 2211 214 2248 deest
245 2211 472 2257 participium
506 2211 593 2255 perf.
633 2211 755 2246 activi.
786 2229 833 2235 —--
881 2212 991 2245 casus
1021 2211 1060 2247 h.
1092 2213 1116 2247 l.
1144 2224 1264 2257 ⁴neque
1294 2214 1524 2256 infortunium

59 2288 64 2289 ⁷
122 2275 322 2321 significat,
346 2279 385 2309 ut
405 2285 436 2306 c.
455 2272 586 2314 xxm,
610 2272 657 2314 2.,
681 2284 795 2324 neque
819 2273 1036 2306 commodam
1054 2275 1280 2317 occasionem,
1305 2281 1343 2310 ut
1359 2288 1387 2311 c.
1413 2278 1523 2320 XXV,

118 2337 166 2378 9.,
191 2337 251 2370 sed
274 2337 366 2380 quod
391 2335 531 2368 fortuna
554 2334 658 2368 dante
681 2334 780 2378 quasi
806 2334 841 2367 in
863 2339 1073 2368 tesserarum
1098 2335 1181 2369 ludo
1204 2337 1388 2380 ceciderit,
1414 2350 1523 2382 quam

117 2401 329 2442 potestatem
358 2395 460 2430 verbi
492 2395 619 2429 cadere
649 2395 908 2429 illustravimus
941 2396 985 2429 ad
1019 2395 1127 2430 Catil.
1161 2409 1190 2430 c.
1224 2398 1309 2439 XX,
1343 2397 1377 2432 2.
1405 2411 1438 2443 p.
1463 2398 1522 2434 96.

116 2458 245 2492 Sensus
267 2463 319 2492 est
342 2457 472 2503 igitur:
498 2459 754 2500 utrumcunque
776 2456 955 2491 cecidisset
979 2475 1022 2483 -—
1050 2457 1229 2492 difficilius
1254 2458 1340 2492 fore.
1363 2479 1408 2485 —
1436 2461 1526 2494 Fore

117 2523 195 2564 pud
217 2519 448 2562 difficiliorem
472 2518 508 2552 in
532 2522 698 2562 quattuor
721 2517 820 2552 codd.
846 2521 898 2551 est
920 2522 1002 2552 ante
1024 2519 1326 2562 comparativum3
1355 2524 1435 2554 octo
1462 2520 1526 2555 alii
1577 2522 1581 2526 '

118 2579 196 2614 eius
218 2579 300 2615 loco
322 2579 455 2631 habent
482 2591 576 2622 esse,
599 2579 635 2614 in
660 2577 775 2614 tribus
797 2588 883 2612 vero
906 2578 1055 2612 verbum
1079 2579 1181 2623 plane
1205 2580 1310 2622 deest,
1345 2582 1435 2615 unde
1464 2594 1524 2616 su-

119 2638 230 2683 spicio
253 2639 318 2683 fit,
351 2639 519 2675 librarios
550 2640 585 2674 id
615 2638 795 2681 intulisse,
827 2638 1032 2683 praesertim
1065 2650 1174 2683 quum
1187 2640 1313 2675 <oratio
1339 2653 1380 2675 eo
1403 2642 1524 2676 addito

119 2701 278 2746 paullum
300 2701 447 2748 langere
468 2701 651 2744 videatur,
673 2700 800 2735 eodem
822 2698 883 2733 vix
906 2709 1126 2746 praegresso.
1173 2700 1244 2736 Sed
1267 2713 1376 2746 quum
1399 2703 1526 2747 optimi

119 2762 218 2796 codd.
249 2772 371 2797 omnes
404 2766 440 2798 et
470 2767 652 2808 praeterea
685 2771 728 2795 ex
746 2759 871 2795 ceteris
894 2759 1055 2805 plerique
1084 2759 1123 2795 in
1146 2762 1294 2808 vulgata
1316 2763 1523 2808 conspirent,

119 2820 297 2860 noluimus
319 2823 480 2860 Curtium
504 2823 659 2869 imitari,
684 2821 746 2868 qui
769 2820 894 2867 cupide
918 2820 1046 2858 omisit.

443 2910 445 2913 ·
1125 2894 1191 2939 33
1214 2898 1238 2923 *
