<?xml version="1.0" encoding="UTF-8"?>
<!DOCTYPE html PUBLIC "-//W3C//DTD XHTML 1.0 Transitional//EN"
    "http://www.w3.org/TR/xhtml1/DTD/xhtml1-transitional.dtd">
<html xmlns="http://www.w3.org/1999/xhtml" xml:lang="en" lang="en">
 <head>
  <title>
</title>
<meta http-equiv="Content-Type" content="text/html;charset=utf-8" />
  <meta name='ocr-system' content='tesseract 3.04.00' />
  <meta name='ocr-capabilities' content='ocr_page ocr_carea ocr_par ocr_line ocrx_word'/>
</head>
<body>
  <div class='ocr_page' id='page_1' title='image "./operaquaesupers02salluoft/operaquaesupers02salluoft_0133.png"; bbox 0 0 1826 3276; ppageno 0'>
   <div class='ocr_carea' id='block_1_1' title="bbox 442 147 1516 196">
    <p class='ocr_par' dir='ltr' id='par_1_1' title="bbox 442 147 1516 196">
     <span class='ocr_line' id='line_1_1' title="bbox 442 147 1516 196; baseline 0.001 -2"><span class='ocrx_word' id='word_1_1' title='bbox 442 148 816 194; x_wconf 83' lang='lat' dir='ltr'>IUGURTHA.</span> <span class='ocrx_word' id='word_1_2' title='bbox 875 147 1001 191; x_wconf 78' lang='lat' dir='ltr'>GAP.</span> <span class='ocrx_word' id='word_1_3' title='bbox 1031 148 1195 193; x_wconf 85' lang='lat' dir='ltr'>xvm.</span> <span class='ocrx_word' id='word_1_4' title='bbox 1432 153 1516 196; x_wconf 88' lang='lat'>111</span> 
     </span>
    </p>
   </div>
   <div class='ocr_carea' id='block_1_2' title="bbox 50 248 1554 427">
    <p class='ocr_par' dir='ltr' id='par_1_2' title="bbox 50 248 1554 427">
     <span class='ocr_line' id='line_1_2' title="bbox 114 248 1554 336; baseline -0.001 -23"><span class='ocrx_word' id='word_1_5' title='bbox 114 269 282 314; x_wconf 78' lang='lat' dir='ltr'>Persae</span> <span class='ocrx_word' id='word_1_6' title='bbox 308 248 429 336; x_wconf 58' lang='lat' dir='ltr'>intra</span> <span class='ocrx_word' id='word_1_7' title='bbox 464 266 703 312; x_wconf 82' lang='lat' dir='ltr'>Oceanum</span> <span class='ocrx_word' id='word_1_8' title='bbox 737 267 910 327; x_wconf 78' lang='lat' dir='ltr'>magis3</span> <span class='ocrx_word' id='word_1_9' title='bbox 950 266 1090 327; x_wconf 80' lang='lat' dir='ltr'><strong>hique</strong></span> <span class='ocrx_word' id='word_1_10' title='bbox 1137 268 1290 312; x_wconf 83' lang='lat' dir='ltr'>alveos</span> <span class='ocrx_word' id='word_1_11' title='bbox 1334 267 1554 319; x_wconf 83' lang='lat' dir='ltr'>navium5</span> 
     </span>
     <span class='ocr_line' id='line_1_3' title="bbox 50 364 1514 427; baseline -0.001 -16"><span class='ocrx_word' id='word_1_12' title='bbox 50 423 54 427; x_wconf 20' lang='grc' dir='ltr'>ι</span> <span class='ocrx_word' id='word_1_13' title='bbox 113 366 314 411; x_wconf 82' lang='lat' dir='ltr'>invorsos</span> <span class='ocrx_word' id='word_1_14' title='bbox 352 381 440 426; x_wconf 87' lang='lat' dir='ltr'>pro</span> <span class='ocrx_word' id='word_1_15' title='bbox 482 366 674 427; x_wconf 85' lang='lat' dir='ltr'>tuguriis</span> <span class='ocrx_word' id='word_1_16' title='bbox 717 364 942 424; x_wconf 81' lang='lat' dir='ltr'>habuere,</span> <span class='ocrx_word' id='word_1_17' title='bbox 987 366 1096 425; x_wconf 89' lang='lat' dir='ltr'>quia</span> <span class='ocrx_word' id='word_1_18' title='bbox 1141 381 1291 425; x_wconf 87' lang='lat' dir='ltr'>neque</span> <span class='ocrx_word' id='word_1_19' title='bbox 1327 367 1514 411; x_wconf 85' lang='lat' dir='ltr'>materia</span> 
     </span>
    </p>
   </div>
   <div class='ocr_carea' id='block_1_3' title="bbox 112 463 1515 525">
    <p class='ocr_par' dir='ltr' id='par_1_3' title="bbox 112 463 1515 525">
     <span class='ocr_line' id='line_1_4' title="bbox 112 463 1515 525; baseline 0.001 -17"><span class='ocrx_word' id='word_1_20' title='bbox 112 465 159 509; x_wconf 86' lang='lat' dir='ltr'>in</span> <span class='ocrx_word' id='word_1_21' title='bbox 203 465 326 525; x_wconf 83' lang='lat' dir='ltr'>agris</span> <span class='ocrx_word' id='word_1_22' title='bbox 343 497 358 522; x_wconf 85' lang='lat'>‚</span> <span class='ocrx_word' id='word_1_23' title='bbox 402 479 554 524; x_wconf 87' lang='lat' dir='ltr'>neque</span> <span class='ocrx_word' id='word_1_24' title='bbox 599 464 658 508; x_wconf 87' lang='lat' dir='ltr'>ab</span> <span class='ocrx_word' id='word_1_25' title='bbox 704 463 921 525; x_wconf 83' lang='lat' dir='ltr'>Hispanis</span> <span class='ocrx_word' id='word_1_26' title='bbox 967 463 1150 509; x_wconf 86' lang='lat' dir='ltr'>emundi</span> <span class='ocrx_word' id='word_1_27' title='bbox 1196 470 1274 509; x_wconf 87' lang='lat' dir='ltr'>aut</span> <span class='ocrx_word' id='word_1_28' title='bbox 1310 465 1515 510; x_wconf 82' lang='lat' dir='ltr'>mutandi</span> 
     </span>
    </p>
   </div>
   <div class='ocr_carea' id='block_1_4' title="bbox 80 607 1514 2803">
    <p class='ocr_par' dir='ltr' id='par_1_4' title="bbox 80 607 1514 2803">
     <span class='ocr_line' id='line_1_5' title="bbox 111 607 1514 655; baseline 0.001 -11"><span class='ocrx_word' id='word_1_29' title='bbox 111 609 163 654; x_wconf 83' lang='lat' dir='ltr'>V,</span> <span class='ocrx_word' id='word_1_30' title='bbox 186 608 269 646; x_wconf 75' lang='grc'>409.</span> <span class='ocrx_word' id='word_1_31' title='bbox 291 612 327 644; x_wconf 85' lang='lat' dir='ltr'>et</span> <span class='ocrx_word' id='word_1_32' title='bbox 348 609 395 644; x_wconf 72' lang='lat' dir='ltr'>ad</span> <span class='ocrx_word' id='word_1_33' title='bbox 417 609 484 651; x_wconf 81' lang='lat' dir='ltr'>VI,</span> <span class='ocrx_word' id='word_1_34' title='bbox 509 607 592 644; x_wconf 77' lang='lat'>304.</span> <span class='ocrx_word' id='word_1_35' title='bbox 616 607 678 652; x_wconf 82' lang='lat' dir='ltr'>qui</span> <span class='ocrx_word' id='word_1_36' title='bbox 709 608 902 642; x_wconf 82' lang='lat' dir='ltr'>Varronem</span> <span class='ocrx_word' id='word_1_37' title='bbox 935 609 1047 645; x_wconf 74' lang='lat' dir='ltr'>refert</span> <span class='ocrx_word' id='word_1_38' title='bbox 1077 610 1291 645; x_wconf 73' lang='lat' dir='ltr'>iuueniorem</span> <span class='ocrx_word' id='word_1_39' title='bbox 1320 610 1514 655; x_wconf 73' lang='lat' dir='ltr'>explicasse</span> 
     </span>
     <span class='ocr_line' id='line_1_6' title="bbox 111 669 1514 715; baseline 0.001 -10"><span class='ocrx_word' id='word_1_40' title='bbox 111 682 182 705; x_wconf 76' lang='lat' dir='ltr'>aon</span> <span class='ocrx_word' id='word_1_41' title='bbox 199 671 289 706; x_wconf 73' lang='lat' dir='ltr'>satis</span> <span class='ocrx_word' id='word_1_42' title='bbox 305 670 487 712; x_wconf 64' lang='lat' dir='ltr'>tanmem,</span> <span class='ocrx_word' id='word_1_43' title='bbox 511 669 588 704; x_wconf 84' lang='lat' dir='ltr'>sive</span> <span class='ocrx_word' id='word_1_44' title='bbox 610 669 744 704; x_wconf 76' lang='lat' dir='ltr'>iutra</span> <span class='ocrx_word' id='word_1_45' title='bbox 768 670 939 705; x_wconf 79' lang='lat' dir='ltr'>invenem.</span> <span class='ocrx_word' id='word_1_46' title='bbox 964 670 1049 704; x_wconf 82' lang='lat' dir='ltr'>Inde</span> <span class='ocrx_word' id='word_1_47' title='bbox 1064 671 1110 705; x_wconf 89' lang='lat' dir='ltr'>ad</span> <span class='ocrx_word' id='word_1_48' title='bbox 1125 682 1186 706; x_wconf 84' lang='lat' dir='ltr'>eas</span> <span class='ocrx_word' id='word_1_49' title='bbox 1210 683 1266 706; x_wconf 81' lang='lat' dir='ltr'>res</span> <span class='ocrx_word' id='word_1_50' title='bbox 1290 672 1514 715; x_wconf 78' lang='lat' dir='ltr'>translatum,</span> 
     </span>
     <span class='ocr_line' id='line_1_7' title="bbox 80 716 1513 780; baseline 0.001 -13"><span class='ocrx_word' id='word_1_51' title='bbox 80 716 90 725; x_wconf 74' lang='lat'>.</span> <span class='ocrx_word' id='word_1_52' title='bbox 109 743 203 777; x_wconf 82' lang='lat' dir='ltr'>quae</span> <span class='ocrx_word' id='word_1_53' title='bbox 232 731 390 767; x_wconf 71' lang='lat' dir='ltr'>sensibus</span> <span class='ocrx_word' id='word_1_54' title='bbox 419 729 685 774; x_wconf 83' lang='lat' dir='ltr'>percipiuntur,</span> <span class='ocrx_word' id='word_1_55' title='bbox 717 734 753 765; x_wconf 88' lang='lat' dir='ltr'>et</span> <span class='ocrx_word' id='word_1_56' title='bbox 783 730 939 765; x_wconf 85' lang='lat' dir='ltr'>maxime</span> <span class='ocrx_word' id='word_1_57' title='bbox 960 731 1004 765; x_wconf 90' lang='lat' dir='ltr'>de</span> <span class='ocrx_word' id='word_1_58' title='bbox 1027 732 1100 765; x_wconf 84' lang='lat' dir='ltr'>loco</span> <span class='ocrx_word' id='word_1_59' title='bbox 1124 731 1260 766; x_wconf 86' lang='lat' dir='ltr'>dictum</span> <span class='ocrx_word' id='word_1_60' title='bbox 1283 733 1379 767; x_wconf 79' lang='lat' dir='ltr'>intra</span> <span class='ocrx_word' id='word_1_61' title='bbox 1402 733 1513 780; x_wconf 83' lang='lat' dir='ltr'>sigui-</span> 
     </span>
     <span class='ocr_line' id='line_1_8' title="bbox 109 790 1513 838; baseline 0.001 -10"><span class='ocrx_word' id='word_1_62' title='bbox 109 794 193 828; x_wconf 80' lang='lat' dir='ltr'>ficat</span> <span class='ocrx_word' id='word_1_63' title='bbox 210 791 509 838; x_wconf 67' lang='lat' dir='ltr'>propinquitatem</span> <span class='ocrx_word' id='word_1_64' title='bbox 532 790 610 826; x_wconf 86' lang='lat' dir='ltr'>eius</span> <span class='ocrx_word' id='word_1_65' title='bbox 631 791 706 834; x_wconf 86' lang='lat' dir='ltr'>rei,</span> <span class='ocrx_word' id='word_1_66' title='bbox 730 803 823 836; x_wconf 80' lang='lat' dir='ltr'>quae</span> <span class='ocrx_word' id='word_1_67' title='bbox 846 792 942 827; x_wconf 75' lang='lat' dir='ltr'>intra</span> <span class='ocrx_word' id='word_1_68' title='bbox 962 792 1072 826; x_wconf 83' lang='lat' dir='ltr'>aliam</span> <span class='ocrx_word' id='word_1_69' title='bbox 1089 803 1160 827; x_wconf 72' lang='lat' dir='ltr'>esse</span> <span class='ocrx_word' id='word_1_70' title='bbox 1183 793 1334 837; x_wconf 80' lang='lat' dir='ltr'>dicitur,</span> <span class='ocrx_word' id='word_1_71' title='bbox 1363 797 1403 829; x_wconf 91' lang='lat' dir='ltr'>ut</span> <span class='ocrx_word' id='word_1_72' title='bbox 1419 796 1513 830; x_wconf 68' lang='lat' dir='ltr'>locus</span> 
     </span>
     <span class='ocr_line' id='line_1_9' title="bbox 108 852 1510 898; baseline 0 -8"><span class='ocrx_word' id='word_1_73' title='bbox 108 856 207 891; x_wconf 72' lang='lat' dir='ltr'>iutra</span> <span class='ocrx_word' id='word_1_74' title='bbox 222 865 392 889; x_wconf 70' lang='lat' dir='ltr'>comanam</span> <span class='ocrx_word' id='word_1_75' title='bbox 408 865 478 888; x_wconf 86' lang='lat' dir='ltr'>non</span> <span class='ocrx_word' id='word_1_76' title='bbox 502 852 548 888; x_wconf 79' lang='lat' dir='ltr'>sit</span> <span class='ocrx_word' id='word_1_77' title='bbox 570 853 609 887; x_wconf 87' lang='lat' dir='ltr'>iu</span> <span class='ocrx_word' id='word_1_78' title='bbox 630 853 708 897; x_wconf 78' lang='lat' dir='ltr'>ipso</span> <span class='ocrx_word' id='word_1_79' title='bbox 731 864 886 896; x_wconf 84' lang='lat' dir='ltr'>oceano,</span> <span class='ocrx_word' id='word_1_80' title='bbox 909 853 970 888; x_wconf 83' lang='lat' dir='ltr'>sed</span> <span class='ocrx_word' id='word_1_81' title='bbox 993 853 1054 898; x_wconf 84' lang='lat' dir='ltr'>qui</span> <span class='ocrx_word' id='word_1_82' title='bbox 1076 865 1187 898; x_wconf 82' lang='lat' dir='ltr'>prope</span> <span class='ocrx_word' id='word_1_83' title='bbox 1209 855 1255 889; x_wconf 87' lang='lat' dir='ltr'>ab</span> <span class='ocrx_word' id='word_1_84' title='bbox 1285 866 1417 890; x_wconf 88' lang='lat' dir='ltr'>oceano</span> <span class='ocrx_word' id='word_1_85' title='bbox 1440 856 1510 891; x_wconf 83' lang='lat' dir='ltr'>ab-</span> 
     </span>
     <span class='ocr_line' id='line_1_10' title="bbox 106 914 1512 961; baseline 0 -9"><span class='ocrx_word' id='word_1_86' title='bbox 106 915 167 953; x_wconf 74' lang='lat' dir='ltr'>sit.</span> <span class='ocrx_word' id='word_1_87' title='bbox 188 915 242 951; x_wconf 81' lang='lat' dir='ltr'>lta</span> <span class='ocrx_word' id='word_1_88' title='bbox 264 914 388 950; x_wconf 79' lang='lat' dir='ltr'>Livius</span> <span class='ocrx_word' id='word_1_89' title='bbox 411 915 530 959; x_wconf 80' lang='lat' dir='ltr'>XXV,</span> <span class='ocrx_word' id='word_1_90' title='bbox 565 915 633 958; x_wconf 90' lang='lat'>11,</span> <span class='ocrx_word' id='word_1_91' title='bbox 654 914 690 951; x_wconf 77' lang='lat'>7.</span> <span class='ocrx_word' id='word_1_92' title='bbox 715 917 819 959; x_wconf 78' lang='lat' dir='ltr'>sessa</span> <span class='ocrx_word' id='word_1_93' title='bbox 842 915 969 961; x_wconf 75' lang='lat' dir='ltr'>ingens</span> <span class='ocrx_word' id='word_1_94' title='bbox 996 915 1124 958; x_wconf 73' lang='lat' dir='ltr'>ducta,</span> <span class='ocrx_word' id='word_1_95' title='bbox 1161 919 1197 950; x_wconf 82' lang='lat' dir='ltr'>et</span> <span class='ocrx_word' id='word_1_96' title='bbox 1221 917 1356 951; x_wconf 85' lang='lat' dir='ltr'>vallum</span> <span class='ocrx_word' id='word_1_97' title='bbox 1383 917 1512 952; x_wconf 78' lang='lat' dir='ltr'>intra</span> 
     </span>
     <span class='ocr_line' id='line_1_11' title="bbox 109 975 1511 1023; baseline 0.001 -10"><span class='ocrx_word' id='word_1_98' title='bbox 109 989 209 1013; x_wconf 82' lang='lat' dir='ltr'>eam</span> <span class='ocrx_word' id='word_1_99' title='bbox 235 977 406 1023; x_wconf 76' lang='lat' dir='ltr'>erigitur,</span> <span class='ocrx_word' id='word_1_100' title='bbox 436 976 462 1014; x_wconf 87' lang='lat' dir='ltr'>i.</span> <span class='ocrx_word' id='word_1_101' title='bbox 485 988 517 1012; x_wconf 88' lang='lat' dir='ltr'>e.</span> <span class='ocrx_word' id='word_1_102' title='bbox 542 977 588 1012; x_wconf 85' lang='lat' dir='ltr'>ad</span> <span class='ocrx_word' id='word_1_103' title='bbox 612 976 745 1012; x_wconf 82' lang='lat' dir='ltr'>fossam</span> <span class='ocrx_word' id='word_1_104' title='bbox 768 988 916 1019; x_wconf 81' lang='lat' dir='ltr'>versus,</span> <span class='ocrx_word' id='word_1_105' title='bbox 940 975 1017 1011; x_wconf 85' lang='lat' dir='ltr'>sive</span> <span class='ocrx_word' id='word_1_106' title='bbox 1036 987 1080 1011; x_wconf 80' lang='lat' dir='ltr'>ea</span> <span class='ocrx_word' id='word_1_107' title='bbox 1102 980 1227 1021; x_wconf 78' lang='lat' dir='ltr'>parte,</span> <span class='ocrx_word' id='word_1_108' title='bbox 1258 989 1351 1023; x_wconf 84' lang='lat' dir='ltr'>quae</span> <span class='ocrx_word' id='word_1_109' title='bbox 1369 979 1414 1013; x_wconf 85' lang='lat' dir='ltr'>ad</span> <span class='ocrx_word' id='word_1_110' title='bbox 1438 979 1511 1014; x_wconf 75' lang='lat' dir='ltr'>tos-</span> 
     </span>
     <span class='ocr_line' id='line_1_12' title="bbox 107 1038 1509 1084; baseline 0.001 -10"><span class='ocrx_word' id='word_1_111' title='bbox 107 1050 186 1074; x_wconf 66' lang='lat' dir='ltr'>tam</span> <span class='ocrx_word' id='word_1_112' title='bbox 219 1042 356 1084; x_wconf 76' lang='lat' dir='ltr'>spectat</span> <span class='ocrx_word' id='word_1_113' title='bbox 386 1050 501 1083; x_wconf 82' lang='lat' dir='ltr'>neque</span> <span class='ocrx_word' id='word_1_114' title='bbox 531 1039 685 1072; x_wconf 89' lang='lat' dir='ltr'>multum</span> <span class='ocrx_word' id='word_1_115' title='bbox 715 1038 763 1072; x_wconf 85' lang='lat' dir='ltr'>ab</span> <span class='ocrx_word' id='word_1_116' title='bbox 796 1049 841 1073; x_wconf 84' lang='lat' dir='ltr'>ea</span> <span class='ocrx_word' id='word_1_117' title='bbox 877 1039 987 1073; x_wconf 78' lang='lat' dir='ltr'>abest.</span> <span class='ocrx_word' id='word_1_118' title='bbox 1024 1038 1098 1073; x_wconf 88' lang='lat' dir='ltr'>Cic.</span> <span class='ocrx_word' id='word_1_119' title='bbox 1122 1050 1159 1083; x_wconf 86' lang='lat' dir='ltr'>p.</span> <span class='ocrx_word' id='word_1_120' title='bbox 1181 1038 1277 1074; x_wconf 84' lang='lat' dir='ltr'>Sext.</span> <span class='ocrx_word' id='word_1_121' title='bbox 1306 1051 1335 1074; x_wconf 91' lang='lat' dir='ltr'>c.</span> <span class='ocrx_word' id='word_1_122' title='bbox 1360 1039 1427 1083; x_wconf 75' lang='lat'>27,</span> <span class='ocrx_word' id='word_1_123' title='bbox 1449 1039 1509 1075; x_wconf 84' lang='lat'>58.</span> 
     </span>
     <span class='ocr_line' id='line_1_13' title="bbox 106 1092 1512 1146; baseline 0 -10"><span class='ocrx_word' id='word_1_124' title='bbox 106 1092 316 1136; x_wconf 61' lang='lat' dir='ltr'>Antiochum</span> <span class='ocrx_word' id='word_1_125' title='bbox 344 1100 445 1136; x_wconf 69' lang='lat' dir='ltr'>illum</span> <span class='ocrx_word' id='word_1_126' title='bbox 477 1100 653 1146; x_wconf 68' lang='lat' dir='ltr'>Magnum</span> <span class='ocrx_word' id='word_1_127' title='bbox 677 1100 829 1134; x_wconf 68' lang='lat' dir='ltr'>maiores</span> <span class='ocrx_word' id='word_1_128' title='bbox 851 1099 962 1134; x_wconf 72' lang='lat' dir='ltr'>nostri</span> <span class='ocrx_word' id='word_1_129' title='bbox 996 1100 1010 1134; x_wconf 73' lang='lat' dir='ltr'>z·</span> <span class='ocrx_word' id='word_1_130' title='bbox 1018 1112 1043 1134; x_wconf 82' lang='lat' dir='ltr'><strong><em>n</em></strong></span> <span class='ocrx_word' id='word_1_131' title='bbox 1056 1105 1135 1135; x_wconf 86' lang='lat' dir='ltr'>tra</span> <span class='ocrx_word' id='word_1_132' title='bbox 1162 1106 1360 1137; x_wconf 82' lang='lat' dir='ltr'>montem</span> <span class='ocrx_word' id='word_1_133' title='bbox 1385 1103 1419 1137; x_wconf 83' lang='lat' dir='ltr'><em>T</em></span> <span class='ocrx_word' id='word_1_134' title='bbox 1428 1114 1512 1137; x_wconf 81' lang='lat' dir='ltr'>aa·</span> 
     </span>
     <span class='ocr_line' id='line_1_14' title="bbox 105 1159 1512 1209; baseline 0.001 -11"><span class='ocrx_word' id='word_1_135' title='bbox 105 1174 203 1198; x_wconf 76' lang='lat' dir='ltr'>ram</span> <span class='ocrx_word' id='word_1_136' title='bbox 228 1174 382 1209; x_wconf 80' lang='lat' dir='ltr'>regnare</span> <span class='ocrx_word' id='word_1_137' title='bbox 410 1162 585 1196; x_wconf 70' lang='lat' dir='ltr'>iusserunt</span> <span class='ocrx_word' id='word_1_138' title='bbox 598 1186 610 1203; x_wconf 96' lang='lat'>,</span> <span class='ocrx_word' id='word_1_139' title='bbox 643 1161 669 1195; x_wconf 87' lang='lat' dir='ltr'>i.</span> <span class='ocrx_word' id='word_1_140' title='bbox 693 1171 724 1194; x_wconf 89' lang='lat' dir='ltr'>e.</span> <span class='ocrx_word' id='word_1_141' title='bbox 747 1159 915 1195; x_wconf 80' lang='lat' dir='ltr'><strong>Antiochi</strong></span> <span class='ocrx_word' id='word_1_142' title='bbox 938 1172 1089 1206; x_wconf 84' lang='lat' dir='ltr'>regnum</span> <span class='ocrx_word' id='word_1_143' title='bbox 1113 1174 1224 1207; x_wconf 73' lang='lat' dir='ltr'>unque</span> <span class='ocrx_word' id='word_1_144' title='bbox 1246 1163 1291 1198; x_wconf 86' lang='lat' dir='ltr'>ad</span> <span class='ocrx_word' id='word_1_145' title='bbox 1314 1163 1429 1199; x_wconf 85' lang='lat' dir='ltr'>Tauri</span> <span class='ocrx_word' id='word_1_146' title='bbox 1455 1165 1512 1200; x_wconf 84' lang='lat' dir='ltr'>vi·-</span> 
     </span>
     <span class='ocr_line' id='line_1_15' title="bbox 104 1221 1512 1269; baseline 0.001 -10"><span class='ocrx_word' id='word_1_147' title='bbox 104 1223 287 1260; x_wconf 70' lang='lat' dir='ltr'>ciuitatem</span> <span class='ocrx_word' id='word_1_148' title='bbox 317 1222 494 1269; x_wconf 82' lang='lat' dir='ltr'>pertinere</span> <span class='ocrx_word' id='word_1_149' title='bbox 522 1222 721 1257; x_wconf 81' lang='lat' dir='ltr'>voluerunt.</span> <span class='ocrx_word' id='word_1_150' title='bbox 758 1222 804 1256; x_wconf 87' lang='lat' dir='ltr'>id.</span> <span class='ocrx_word' id='word_1_151' title='bbox 830 1221 867 1256; x_wconf 85' lang='lat' dir='ltr'>in</span> <span class='ocrx_word' id='word_1_152' title='bbox 890 1222 989 1257; x_wconf 82' lang='lat' dir='ltr'>Verr.</span> <span class='ocrx_word' id='word_1_153' title='bbox 1023 1225 1096 1266; x_wconf 84' lang='lat'>111,</span> <span class='ocrx_word' id='word_1_154' title='bbox 1122 1223 1189 1266; x_wconf 83' lang='lat'>89,</span> <span class='ocrx_word' id='word_1_155' title='bbox 1214 1224 1297 1260; x_wconf 75' lang='lat'>207.</span> <span class='ocrx_word' id='word_1_156' title='bbox 1322 1227 1416 1260; x_wconf 67' lang='lat' dir='ltr'>locus</span> <span class='ocrx_word' id='word_1_157' title='bbox 1439 1227 1512 1261; x_wconf 77' lang='lat' dir='ltr'>in-</span> 
     </span>
     <span class='ocr_line' id='line_1_16' title="bbox 87 1285 1512 1332; baseline 0.002 -13"><span class='ocrx_word' id='word_1_158' title='bbox 87 1291 184 1323; x_wconf 54' lang='lat' dir='ltr'>tra</span> <span class='ocrx_word' id='word_1_159' title='bbox 206 1296 428 1321; x_wconf 74' lang='lat' dir='ltr'>oceanum</span> <span class='ocrx_word' id='word_1_160' title='bbox 443 1285 518 1319; x_wconf 79' lang='lat' dir='ltr'>iam</span> <span class='ocrx_word' id='word_1_161' title='bbox 543 1285 660 1319; x_wconf 70' lang='lat' dir='ltr'>nathae</span> <span class='ocrx_word' id='word_1_162' title='bbox 694 1288 766 1327; x_wconf 75' lang='lat' dir='ltr'>est,</span> <span class='ocrx_word' id='word_1_163' title='bbox 797 1295 908 1329; x_wconf 79' lang='lat' dir='ltr'>neque</span> <span class='ocrx_word' id='word_1_164' title='bbox 933 1289 1008 1319; x_wconf 83' lang='lat' dir='ltr'>tam</span> <span class='ocrx_word' id='word_1_165' title='bbox 1037 1286 1272 1331; x_wconf 74' lang='lat' dir='ltr'>longinquus,</span> <span class='ocrx_word' id='word_1_166' title='bbox 1296 1298 1407 1332; x_wconf 79' lang='lat' dir='ltr'>neque</span> <span class='ocrx_word' id='word_1_167' title='bbox 1434 1292 1512 1322; x_wconf 87' lang='lat' dir='ltr'>tam</span> 
     </span>
     <span class='ocr_line' id='line_1_17' title="bbox 103 1345 1511 1393; baseline 0.001 -11"><span class='ocrx_word' id='word_1_168' title='bbox 103 1347 325 1389; x_wconf 68' lang='lat' dir='ltr'>reconditus,</span> <span class='ocrx_word' id='word_1_169' title='bbox 357 1356 425 1391; x_wconf 79' lang='lat' dir='ltr'>quo</span> <span class='ocrx_word' id='word_1_170' title='bbox 453 1357 522 1380; x_wconf 83' lang='lat' dir='ltr'>non</span> <span class='ocrx_word' id='word_1_171' title='bbox 548 1351 745 1380; x_wconf 76' lang='lat' dir='ltr'>nostrorum</span> <span class='ocrx_word' id='word_1_172' title='bbox 772 1345 950 1380; x_wconf 77' lang='lat' dir='ltr'>hominum</span> <span class='ocrx_word' id='word_1_173' title='bbox 981 1347 1087 1381; x_wconf 73' lang='lat' dir='ltr'>libido</span> <span class='ocrx_word' id='word_1_174' title='bbox 1112 1348 1351 1392; x_wconf 74' lang='lat' dir='ltr'>iniquitasque</span> <span class='ocrx_word' id='word_1_175' title='bbox 1377 1359 1511 1393; x_wconf 82' lang='lat' dir='ltr'>perva-</span> 
     </span>
     <span class='ocr_line' id='line_1_18' title="bbox 103 1406 1512 1451; baseline 0.001 -6"><span class='ocrx_word' id='word_1_176' title='bbox 103 1409 211 1451; x_wconf 61' lang='lat' dir='ltr'>neret,</span> <span class='ocrx_word' id='word_1_177' title='bbox 234 1407 260 1443; x_wconf 86' lang='lat' dir='ltr'>i.</span> <span class='ocrx_word' id='word_1_178' title='bbox 284 1418 318 1443; x_wconf 87' lang='lat' dir='ltr'>e.</span> <span class='ocrx_word' id='word_1_179' title='bbox 341 1407 440 1442; x_wconf 78' lang='lat' dir='ltr'>locus</span> <span class='ocrx_word' id='word_1_180' title='bbox 463 1417 595 1442; x_wconf 82' lang='lat' dir='ltr'>oceano</span> <span class='ocrx_word' id='word_1_181' title='bbox 619 1406 868 1442; x_wconf 80' lang='lat' dir='ltr'>conterminus.</span> <span class='ocrx_word' id='word_1_182' title='bbox 897 1407 947 1445; x_wconf 82' lang='lat' dir='ltr'>cf.</span> <span class='ocrx_word' id='word_1_183' title='bbox 976 1407 1069 1442; x_wconf 74' lang='lat' dir='ltr'>Gen.</span> <span class='ocrx_word' id='word_1_184' title='bbox 1099 1409 1188 1450; x_wconf 79' lang='grc' dir='ltr'>ΧΠ,</span> <span class='ocrx_word' id='word_1_185' title='bbox 1216 1408 1277 1443; x_wconf 80' lang='grc'><strong>13.</strong></span> <span class='ocrx_word' id='word_1_186' title='bbox 1303 1410 1348 1444; x_wconf 84' lang='lat' dir='ltr'>G.</span> <span class='ocrx_word' id='word_1_187' title='bbox 1371 1410 1512 1447; x_wconf 85' lang='lat' dir='ltr'>Ludov.</span> 
     </span>
     <span class='ocr_line' id='line_1_19' title="bbox 103 1467 1510 1517; baseline 0.001 -11"><span class='ocrx_word' id='word_1_188' title='bbox 103 1470 246 1506; x_wconf 81' lang='lat' dir='ltr'>Waleh.</span> <span class='ocrx_word' id='word_1_189' title='bbox 268 1468 439 1505; x_wconf 77' lang='lat' dir='ltr'>Emendd.</span> <span class='ocrx_word' id='word_1_190' title='bbox 462 1468 567 1505; x_wconf 77' lang='lat' dir='ltr'>mw.</span> <span class='ocrx_word' id='word_1_191' title='bbox 589 1480 621 1506; x_wconf 83' lang='lat' dir='ltr'>e.</span> <span class='ocrx_word' id='word_1_192' title='bbox 643 1469 719 1503; x_wconf 82' lang='lat' dir='ltr'>vu.</span> <span class='ocrx_word' id='word_1_193' title='bbox 742 1481 778 1514; x_wconf 87' lang='lat' dir='ltr'>p.</span> <span class='ocrx_word' id='word_1_194' title='bbox 804 1467 885 1503; x_wconf 78' lang='lat'>134.</span> <span class='ocrx_word' id='word_1_195' title='bbox 918 1468 1077 1504; x_wconf 84' lang='lat' dir='ltr'>Gronov.</span> <span class='ocrx_word' id='word_1_196' title='bbox 1101 1469 1303 1507; x_wconf 77' lang='lat' dir='ltr'>Observatt.</span> <span class='ocrx_word' id='word_1_197' title='bbox 1326 1471 1365 1515; x_wconf 90' lang='lat'>1,</span> <span class='ocrx_word' id='word_1_198' title='bbox 1390 1471 1447 1506; x_wconf 94' lang='grc'><strong>10.</strong></span> <span class='ocrx_word' id='word_1_199' title='bbox 1471 1483 1510 1517; x_wconf 87' lang='lat' dir='ltr'>p.</span> 
     </span>
     <span class='ocr_line' id='line_1_20' title="bbox 101 1528 1511 1581; baseline 0.001 -15"><span class='ocrx_word' id='word_1_200' title='bbox 101 1530 152 1566; x_wconf 76' lang='lat'>⁶22</span> <span class='ocrx_word' id='word_1_201' title='bbox 173 1541 226 1576; x_wconf 73' lang='lat' dir='ltr'>oq.</span> <span class='ocrx_word' id='word_1_202' title='bbox 258 1530 316 1567; x_wconf 80' lang='lat' dir='ltr'>ed.</span> <span class='ocrx_word' id='word_1_203' title='bbox 345 1528 442 1581; x_wconf 71' lang='lat' dir='ltr'>Iaips.</span> <span class='ocrx_word' id='word_1_204' title='bbox 465 1531 631 1567; x_wconf 80' lang='lat' dir='ltr'>Ceterum</span> <span class='ocrx_word' id='word_1_205' title='bbox 653 1541 736 1566; x_wconf 88' lang='lat' dir='ltr'>eum</span> <span class='ocrx_word' id='word_1_206' title='bbox 769 1529 902 1566; x_wconf 80' lang='lat' dir='ltr'>Persae</span> <span class='ocrx_word' id='word_1_207' title='bbox 934 1541 1079 1565; x_wconf 73' lang='lat' dir='ltr'>cursum</span> <span class='ocrx_word' id='word_1_208' title='bbox 1108 1534 1275 1578; x_wconf 84' lang='lat' dir='ltr'>tenuere,</span> <span class='ocrx_word' id='word_1_209' title='bbox 1305 1537 1353 1571; x_wconf 72' lang='lat' dir='ltr'>ut</span> <span class='ocrx_word' id='word_1_210' title='bbox 1375 1533 1511 1568; x_wconf 73' lang='lat' dir='ltr'>fretum</span> 
     </span>
     <span class='ocr_line' id='line_1_21' title="bbox 101 1590 1510 1638; baseline 0.002 -11"><span class='ocrx_word' id='word_1_211' title='bbox 101 1591 271 1627; x_wconf 72' lang='lat' dir='ltr'>Herculia</span> <span class='ocrx_word' id='word_1_212' title='bbox 292 1590 526 1636; x_wconf 72' lang='lat' dir='ltr'>tmnsgressi,</span> <span class='ocrx_word' id='word_1_213' title='bbox 548 1591 697 1627; x_wconf 76' lang='lat' dir='ltr'>navibus</span> <span class='ocrx_word' id='word_1_214' title='bbox 720 1602 764 1626; x_wconf 83' lang='lat' dir='ltr'>ea</span> <span class='ocrx_word' id='word_1_215' title='bbox 785 1590 931 1626; x_wconf 77' lang='lat' dir='ltr'>Africae</span> <span class='ocrx_word' id='word_1_216' title='bbox 953 1597 1075 1637; x_wconf 87' lang='lat' dir='ltr'>parte,</span> <span class='ocrx_word' id='word_1_217' title='bbox 1098 1605 1190 1638; x_wconf 85' lang='lat' dir='ltr'>quae</span> <span class='ocrx_word' id='word_1_218' title='bbox 1212 1598 1265 1629; x_wconf 81' lang='lat' dir='ltr'>est</span> <span class='ocrx_word' id='word_1_219' title='bbox 1287 1593 1381 1629; x_wconf 86' lang='lat' dir='ltr'>inter</span> <span class='ocrx_word' id='word_1_220' title='bbox 1403 1595 1510 1630; x_wconf 83' lang='lat' dir='ltr'>Mau-</span> 
     </span>
     <span class='ocr_line' id='line_1_22' title="bbox 101 1651 1509 1699; baseline 0.002 -11"><span class='ocrx_word' id='word_1_221' title='bbox 101 1652 277 1688; x_wconf 75' lang='lat' dir='ltr'>retaniam</span> <span class='ocrx_word' id='word_1_222' title='bbox 298 1651 530 1697; x_wconf 71' lang='lat' dir='ltr'>Tingitanum</span> <span class='ocrx_word' id='word_1_223' title='bbox 549 1655 585 1688; x_wconf 86' lang='lat' dir='ltr'>et</span> <span class='ocrx_word' id='word_1_224' title='bbox 605 1653 819 1688; x_wconf 81' lang='lat' dir='ltr'>Fortunatas</span> <span class='ocrx_word' id='word_1_225' title='bbox 841 1653 977 1688; x_wconf 69' lang='lat' dir='ltr'>Insulas</span> <span class='ocrx_word' id='word_1_226' title='bbox 991 1678 1000 1695; x_wconf 94' lang='lat'>‚</span> <span class='ocrx_word' id='word_1_227' title='bbox 1025 1655 1267 1699; x_wconf 81' lang='lat' dir='ltr'>appellerent3</span> <span class='ocrx_word' id='word_1_228' title='bbox 1289 1655 1370 1690; x_wconf 88' lang='lat' dir='ltr'>inde</span> <span class='ocrx_word' id='word_1_229' title='bbox 1392 1656 1430 1691; x_wconf 88' lang='lat' dir='ltr'>in</span> <span class='ocrx_word' id='word_1_230' title='bbox 1452 1657 1509 1691; x_wconf 89' lang='lat' dir='ltr'>in-</span> 
     </span>
     <span class='ocr_line' id='line_1_23' title="bbox 101 1712 1511 1762; baseline 0.002 -12"><span class='ocrx_word' id='word_1_231' title='bbox 101 1714 269 1750; x_wconf 81' lang='lat' dir='ltr'>teriorem</span> <span class='ocrx_word' id='word_1_232' title='bbox 291 1712 435 1748; x_wconf 74' lang='lat' dir='ltr'>Africae</span> <span class='ocrx_word' id='word_1_233' title='bbox 457 1716 594 1757; x_wconf 85' lang='lat' dir='ltr'>partem</span> <span class='ocrx_word' id='word_1_234' title='bbox 617 1713 731 1756; x_wconf 84' lang='lat' dir='ltr'>versi,</span> <span class='ocrx_word' id='word_1_235' title='bbox 755 1713 818 1748; x_wconf 83' lang='lat' dir='ltr'>ubi</span> <span class='ocrx_word' id='word_1_236' title='bbox 853 1714 1087 1750; x_wconf 79' lang='lat' dir='ltr'>Gaetulorum</span> <span class='ocrx_word' id='word_1_237' title='bbox 1110 1717 1227 1760; x_wconf 80' lang='lat' dir='ltr'>sedes,</span> <span class='ocrx_word' id='word_1_238' title='bbox 1247 1721 1371 1762; x_wconf 83' lang='lat' dir='ltr'>postea</span> <span class='ocrx_word' id='word_1_239' title='bbox 1393 1722 1511 1754; x_wconf 78' lang='lat' dir='ltr'>terras</span> 
     </span>
     <span class='ocr_line' id='line_1_24' title="bbox 101 1774 1508 1821; baseline 0.003 -11"><span class='ocrx_word' id='word_1_240' title='bbox 101 1775 373 1821; x_wconf 67' lang='lat' dir='ltr'>septentrionem</span> <span class='ocrx_word' id='word_1_241' title='bbox 397 1784 518 1808; x_wconf 78' lang='lat' dir='ltr'>versus</span> <span class='ocrx_word' id='word_1_242' title='bbox 539 1774 625 1809; x_wconf 84' lang='lat' dir='ltr'>sitas</span> <span class='ocrx_word' id='word_1_243' title='bbox 657 1774 875 1810; x_wconf 80' lang='lat' dir='ltr'>invaserunt.</span> <span class='ocrx_word' id='word_1_244' title='bbox 909 1795 955 1801; x_wconf 93' lang='lat'><strong>—</strong></span> <span class='ocrx_word' id='word_1_245' title='bbox 980 1777 1052 1811; x_wconf 87' lang='lat' dir='ltr'>Pro</span> <span class='ocrx_word' id='word_1_246' title='bbox 1075 1779 1229 1813; x_wconf 78' lang='lat' dir='ltr'>materia</span> <span class='ocrx_word' id='word_1_247' title='bbox 1252 1779 1441 1815; x_wconf 81' lang='lat' dir='ltr'>Putschius</span> <span class='ocrx_word' id='word_1_248' title='bbox 1464 1792 1508 1814; x_wconf 85' lang='lat' dir='ltr'>ex</span> 
     </span>
     <span class='ocr_line' id='line_1_25' title="bbox 99 1834 1506 1882; baseline 0.003 -11"><span class='ocrx_word' id='word_1_249' title='bbox 99 1835 347 1882; x_wconf 67' lang='lat' dir='ltr'>Bon-ganiana</span> <span class='ocrx_word' id='word_1_250' title='bbox 376 1834 471 1870; x_wconf 85' lang='lat' dir='ltr'>libro</span> <span class='ocrx_word' id='word_1_251' title='bbox 502 1835 611 1870; x_wconf 81' lang='lat' dir='ltr'>scribi</span> <span class='ocrx_word' id='word_1_252' title='bbox 645 1837 726 1871; x_wconf 85' lang='lat' dir='ltr'>vult</span> <span class='ocrx_word' id='word_1_253' title='bbox 761 1837 948 1879; x_wconf 78' lang='lat' dir='ltr'>materies,</span> <span class='ocrx_word' id='word_1_254' title='bbox 981 1839 1159 1882; x_wconf 87' lang='lat' dir='ltr'>quomodo</span> <span class='ocrx_word' id='word_1_255' title='bbox 1191 1839 1300 1874; x_wconf 83' lang='lat' dir='ltr'>etiam</span> <span class='ocrx_word' id='word_1_256' title='bbox 1324 1840 1362 1875; x_wconf 89' lang='lat' dir='ltr'>in</span> <span class='ocrx_word' id='word_1_257' title='bbox 1387 1841 1506 1875; x_wconf 82' lang='lat' dir='ltr'>Guelf.</span> 
     </span>
     <span class='ocr_line' id='line_1_26' title="bbox 100 1897 1506 1945; baseline 0.004 -13"><span class='ocrx_word' id='word_1_258' title='bbox 100 1897 157 1933; x_wconf 84' lang='grc'><strong>10.</strong></span> <span class='ocrx_word' id='word_1_259' title='bbox 182 1901 218 1933; x_wconf 88' lang='lat' dir='ltr'>et</span> <span class='ocrx_word' id='word_1_260' title='bbox 239 1897 278 1932; x_wconf 87' lang='lat' dir='ltr'>in</span> <span class='ocrx_word' id='word_1_261' title='bbox 297 1897 452 1933; x_wconf 79' lang='lat' dir='ltr'>Eceard.</span> <span class='ocrx_word' id='word_1_262' title='bbox 475 1908 523 1931; x_wconf 91' lang='lat' dir='ltr'>m.</span> <span class='ocrx_word' id='word_1_263' title='bbox 547 1909 619 1932; x_wconf 83' lang='lat' dir='ltr'>sec.</span> <span class='ocrx_word' id='word_1_264' title='bbox 644 1897 798 1942; x_wconf 83' lang='lat' dir='ltr'>legitur,</span> <span class='ocrx_word' id='word_1_265' title='bbox 822 1908 968 1942; x_wconf 85' lang='lat' dir='ltr'>prorsus</span> <span class='ocrx_word' id='word_1_266' title='bbox 1000 1903 1122 1934; x_wconf 84' lang='lat' dir='ltr'>contra</span> <span class='ocrx_word' id='word_1_267' title='bbox 1157 1905 1336 1945; x_wconf 86' lang='lat' dir='ltr'>receptam</span> <span class='ocrx_word' id='word_1_268' title='bbox 1370 1901 1506 1945; x_wconf 86' lang='lat' dir='ltr'>opinio-</span> 
     </span>
     <span class='ocr_line' id='line_1_27' title="bbox 99 1958 1506 2008; baseline 0.004 -15"><span class='ocrx_word' id='word_1_269' title='bbox 99 1970 181 1994; x_wconf 86' lang='lat' dir='ltr'>nem</span> <span class='ocrx_word' id='word_1_270' title='bbox 203 1958 356 1993; x_wconf 78' lang='lat' dir='ltr'>materia</span> <span class='ocrx_word' id='word_1_271' title='bbox 379 1961 515 1993; x_wconf 87' lang='lat' dir='ltr'>tantum</span> <span class='ocrx_word' id='word_1_272' title='bbox 539 1959 583 1993; x_wconf 88' lang='lat' dir='ltr'>de</span> <span class='ocrx_word' id='word_1_273' title='bbox 615 1959 722 1994; x_wconf 85' lang='lat' dir='ltr'>rebus</span> <span class='ocrx_word' id='word_1_274' title='bbox 754 1959 932 2003; x_wconf 85' lang='lat' dir='ltr'>corporeis</span> <span class='ocrx_word' id='word_1_275' title='bbox 964 1963 998 1994; x_wconf 84' lang='lat' dir='ltr'>et</span> <span class='ocrx_word' id='word_1_276' title='bbox 1031 1959 1187 1994; x_wconf 84' lang='lat' dir='ltr'>maxime</span> <span class='ocrx_word' id='word_1_277' title='bbox 1219 1961 1263 1996; x_wconf 86' lang='lat' dir='ltr'>de</span> <span class='ocrx_word' id='word_1_278' title='bbox 1294 1962 1394 2008; x_wconf 86' lang='lat' dir='ltr'>ligno</span> <span class='ocrx_word' id='word_1_279' title='bbox 1422 1963 1506 2006; x_wconf 91' lang='lat' dir='ltr'>dici,</span> 
     </span>
     <span class='ocr_line' id='line_1_28' title="bbox 98 2019 1506 2068; baseline 0.004 -13"><span class='ocrx_word' id='word_1_280' title='bbox 98 2022 191 2056; x_wconf 84' lang='lat' dir='ltr'>unde</span> <span class='ocrx_word' id='word_1_281' title='bbox 213 2019 347 2064; x_wconf 77' lang='lat' dir='ltr'>aliquid</span> <span class='ocrx_word' id='word_1_282' title='bbox 368 2019 452 2062; x_wconf 83' lang='lat' dir='ltr'>fiat,</span> <span class='ocrx_word' id='word_1_283' title='bbox 475 2021 659 2056; x_wconf 75' lang='lat' dir='ltr'>materiem</span> <span class='ocrx_word' id='word_1_284' title='bbox 683 2022 854 2056; x_wconf 76' lang='lat' dir='ltr'>translate</span> <span class='ocrx_word' id='word_1_285' title='bbox 875 2022 919 2056; x_wconf 89' lang='lat' dir='ltr'>de</span> <span class='ocrx_word' id='word_1_286' title='bbox 941 2022 986 2056; x_wconf 83' lang='lat' dir='ltr'>iis</span> <span class='ocrx_word' id='word_1_287' title='bbox 1009 2033 1100 2067; x_wconf 86' lang='lat' dir='ltr'>quae</span> <span class='ocrx_word' id='word_1_288' title='bbox 1125 2022 1261 2068; x_wconf 82' lang='lat' dir='ltr'>ingenii</span> <span class='ocrx_word' id='word_1_289' title='bbox 1284 2024 1375 2068; x_wconf 81' lang='lat' dir='ltr'>sint,</span> <span class='ocrx_word' id='word_1_290' title='bbox 1401 2036 1506 2060; x_wconf 82' lang='lat' dir='ltr'>usur-</span> 
     </span>
     <span class='ocr_line' id='line_1_29' title="bbox 99 2079 1514 2128; baseline 0.005 -14"><span class='ocrx_word' id='word_1_291' title='bbox 99 2080 204 2126; x_wconf 61' lang='grc' dir='ltr'>μεὶς</span> <span class='ocrx_word' id='word_1_292' title='bbox 235 2079 283 2115; x_wconf 76' lang='lat' dir='ltr'>ef.</span> <span class='ocrx_word' id='word_1_293' title='bbox 315 2080 451 2117; x_wconf 82' lang='lat' dir='ltr'>Fronto</span> <span class='ocrx_word' id='word_1_294' title='bbox 485 2083 530 2118; x_wconf 91' lang='lat' dir='ltr'>de</span> <span class='ocrx_word' id='word_1_295' title='bbox 551 2082 740 2119; x_wconf 81' lang='lat' dir='ltr'>differentt.</span> <span class='ocrx_word' id='word_1_296' title='bbox 769 2084 892 2118; x_wconf 88' lang='lat' dir='ltr'>verbb.</span> <span class='ocrx_word' id='word_1_297' title='bbox 915 2095 953 2128; x_wconf 88' lang='lat' dir='ltr'>p.</span> <span class='ocrx_word' id='word_1_298' title='bbox 971 2082 1053 2118; x_wconf 83' lang='lat'>481.</span> <span class='ocrx_word' id='word_1_299' title='bbox 1087 2084 1142 2118; x_wconf 89' lang='lat' dir='ltr'>ed.</span> <span class='ocrx_word' id='word_1_300' title='bbox 1167 2084 1256 2120; x_wconf 79' lang='lat' dir='ltr'>Mai.</span> <span class='ocrx_word' id='word_1_301' title='bbox 1282 2085 1447 2123; x_wconf 74' lang='lat' dir='ltr'>Davisius</span> <span class='ocrx_word' id='word_1_302' title='bbox 1471 2091 1514 2122; x_wconf 34' lang='lat' dir='ltr'>et.</span> 
     </span>
     <span class='ocr_line' id='line_1_30' title="bbox 99 2141 1506 2189; baseline 0.003 -11"><span class='ocrx_word' id='word_1_303' title='bbox 99 2141 324 2186; x_wconf 80' lang='lat' dir='ltr'>Oudendorp.</span> <span class='ocrx_word' id='word_1_304' title='bbox 341 2142 387 2176; x_wconf 80' lang='lat' dir='ltr'>ad</span> <span class='ocrx_word' id='word_1_305' title='bbox 411 2143 512 2179; x_wconf 83' lang='lat' dir='ltr'>Caes.</span> <span class='ocrx_word' id='word_1_306' title='bbox 535 2143 582 2179; x_wconf 87' lang='lat' dir='ltr'>B.</span> <span class='ocrx_word' id='word_1_307' title='bbox 609 2144 654 2179; x_wconf 88' lang='lat' dir='ltr'>G.</span> <span class='ocrx_word' id='word_1_308' title='bbox 678 2146 748 2188; x_wconf 84' lang='lat'><strong>111,</strong></span> <span class='ocrx_word' id='word_1_309' title='bbox 771 2145 842 2188; x_wconf 82' lang='grc'>29,</span> <span class='ocrx_word' id='word_1_310' title='bbox 866 2145 902 2180; x_wconf 91' lang='grc'><strong>1.</strong></span> <span class='ocrx_word' id='word_1_311' title='bbox 925 2145 1103 2182; x_wconf 83' lang='lat' dir='ltr'>Drakenb.</span> <span class='ocrx_word' id='word_1_312' title='bbox 1127 2146 1174 2180; x_wconf 89' lang='lat' dir='ltr'>ad</span> <span class='ocrx_word' id='word_1_313' title='bbox 1197 2146 1276 2182; x_wconf 83' lang='lat' dir='ltr'>Liv.</span> <span class='ocrx_word' id='word_1_314' title='bbox 1301 2147 1349 2189; x_wconf 86' lang='lat' dir='ltr'>V,</span> <span class='ocrx_word' id='word_1_315' title='bbox 1374 2146 1444 2189; x_wconf 81' lang='lat'>55,</span> <span class='ocrx_word' id='word_1_316' title='bbox 1468 2147 1506 2183; x_wconf 82' lang='grc'>3.</span> 
     </span>
     <span class='ocr_line' id='line_1_31' title="bbox 99 2202 1505 2251; baseline 0.002 -12"><span class='ocrx_word' id='word_1_317' title='bbox 99 2204 185 2239; x_wconf 82' lang='lat' dir='ltr'>otto</span> <span class='ocrx_word' id='word_1_318' title='bbox 221 2203 268 2239; x_wconf 73' lang='lat' dir='ltr'>ed</span> <span class='ocrx_word' id='word_1_319' title='bbox 297 2202 370 2237; x_wconf 85' lang='lat' dir='ltr'>Cic.</span> <span class='ocrx_word' id='word_1_320' title='bbox 403 2205 447 2238; x_wconf 91' lang='lat' dir='ltr'>de</span> <span class='ocrx_word' id='word_1_321' title='bbox 476 2204 556 2239; x_wconf 81' lang='lat' dir='ltr'>Fin.</span> <span class='ocrx_word' id='word_1_322' title='bbox 590 2205 663 2249; x_wconf 87' lang='lat'>111,</span> <span class='ocrx_word' id='word_1_323' title='bbox 698 2205 767 2251; x_wconf 90' lang='grc'>18,</span> <span class='ocrx_word' id='word_1_324' title='bbox 801 2206 859 2242; x_wconf 84' lang='grc'><strong>61.</strong></span> <span class='ocrx_word' id='word_1_325' title='bbox 891 2211 927 2242; x_wconf 84' lang='lat' dir='ltr'>et</span> <span class='ocrx_word' id='word_1_326' title='bbox 959 2206 1222 2242; x_wconf 84' lang='lat' dir='ltr'>Lindemannus</span> <span class='ocrx_word' id='word_1_327' title='bbox 1266 2208 1301 2242; x_wconf 88' lang='lat' dir='ltr'>in</span> <span class='ocrx_word' id='word_1_328' title='bbox 1335 2207 1505 2242; x_wconf 84' lang='lat' dir='ltr'>Seehodii</span> 
     </span>
     <span class='ocr_line' id='line_1_32' title="bbox 97 2263 1506 2310; baseline 0.001 -10"><span class='ocrx_word' id='word_1_329' title='bbox 97 2265 253 2300; x_wconf 62' lang='lat' dir='ltr'>miscell.</span> <span class='ocrx_word' id='word_1_330' title='bbox 277 2263 364 2299; x_wconf 85' lang='lat' dir='ltr'>Crit.</span> <span class='ocrx_word' id='word_1_331' title='bbox 388 2264 433 2299; x_wconf 88' lang='lat'>11.</span> <span class='ocrx_word' id='word_1_332' title='bbox 458 2277 493 2310; x_wconf 89' lang='lat' dir='ltr'>p.</span> <span class='ocrx_word' id='word_1_333' title='bbox 517 2265 575 2302; x_wconf 82' lang='grc'>93.</span> <span class='ocrx_word' id='word_1_334' title='bbox 600 2265 671 2301; x_wconf 88' lang='lat' dir='ltr'>Sed</span> <span class='ocrx_word' id='word_1_335' title='bbox 703 2279 773 2303; x_wconf 87' lang='lat' dir='ltr'>nou</span> <span class='ocrx_word' id='word_1_336' title='bbox 805 2271 970 2303; x_wconf 84' lang='lat' dir='ltr'>accurate</span> <span class='ocrx_word' id='word_1_337' title='bbox 999 2273 1178 2305; x_wconf 85' lang='lat' dir='ltr'>servatum</span> <span class='ocrx_word' id='word_1_338' title='bbox 1210 2280 1285 2304; x_wconf 79' lang='lat' dir='ltr'>esse</span> <span class='ocrx_word' id='word_1_339' title='bbox 1316 2268 1506 2303; x_wconf 83' lang='lat' dir='ltr'>discrimen</span> 
     </span>
     <span class='ocr_line' id='line_1_33' title="bbox 97 2325 1504 2375; baseline 0.004 -14"><span class='ocrx_word' id='word_1_340' title='bbox 97 2325 181 2368; x_wconf 86' lang='lat' dir='ltr'>alii,</span> <span class='ocrx_word' id='word_1_341' title='bbox 218 2337 261 2362; x_wconf 85' lang='lat' dir='ltr'>ae</span> <span class='ocrx_word' id='word_1_342' title='bbox 290 2337 371 2360; x_wconf 83' lang='lat' dir='ltr'>mea</span> <span class='ocrx_word' id='word_1_343' title='bbox 398 2327 570 2363; x_wconf 83' lang='lat' dir='ltr'>sententia</span> <span class='ocrx_word' id='word_1_344' title='bbox 603 2329 743 2372; x_wconf 84' lang='lat' dir='ltr'>verius,</span> <span class='ocrx_word' id='word_1_345' title='bbox 766 2330 1022 2373; x_wconf 84' lang='lat' dir='ltr'>observarunt,</span> <span class='ocrx_word' id='word_1_346' title='bbox 1047 2332 1146 2366; x_wconf 84' lang='lat' dir='ltr'>velut</span> <span class='ocrx_word' id='word_1_347' title='bbox 1167 2331 1245 2366; x_wconf 87' lang='lat' dir='ltr'>Iani</span> <span class='ocrx_word' id='word_1_348' title='bbox 1269 2331 1354 2365; x_wconf 84' lang='lat' dir='ltr'>Lex.</span> <span class='ocrx_word' id='word_1_349' title='bbox 1377 2331 1504 2375; x_wconf 87' lang='lat' dir='ltr'>philol.</span> 
     </span>
     <span class='ocr_line' id='line_1_34' title="bbox 96 2386 1502 2439; baseline 0.004 -16"><span class='ocrx_word' id='word_1_350' title='bbox 96 2387 176 2424; x_wconf 77' lang='lat' dir='ltr'>crit.</span> <span class='ocrx_word' id='word_1_351' title='bbox 200 2399 235 2433; x_wconf 90' lang='lat' dir='ltr'>p.</span> <span class='ocrx_word' id='word_1_352' title='bbox 259 2387 365 2422; x_wconf 78' lang='grc'><strong>1063.</strong></span> <span class='ocrx_word' id='word_1_353' title='bbox 388 2386 505 2422; x_wconf 77' lang='lat' dir='ltr'>Kraft.</span> <span class='ocrx_word' id='word_1_354' title='bbox 528 2388 574 2422; x_wconf 90' lang='lat' dir='ltr'>ad</span> <span class='ocrx_word' id='word_1_355' title='bbox 596 2389 731 2426; x_wconf 82' lang='lat' dir='ltr'>Mureti</span> <span class='ocrx_word' id='word_1_356' title='bbox 766 2395 873 2426; x_wconf 84' lang='lat' dir='ltr'>oratt.</span> <span class='ocrx_word' id='word_1_357' title='bbox 896 2403 933 2436; x_wconf 88' lang='lat' dir='ltr'>p.</span> <span class='ocrx_word' id='word_1_358' title='bbox 957 2392 1039 2428; x_wconf 74' lang='lat'>2⁴1⁰.</span> <span class='ocrx_word' id='word_1_359' title='bbox 1072 2394 1266 2439; x_wconf 85' lang='lat' dir='ltr'>Bergman.</span> <span class='ocrx_word' id='word_1_360' title='bbox 1297 2392 1346 2427; x_wconf 88' lang='lat' dir='ltr'>ad</span> <span class='ocrx_word' id='word_1_361' title='bbox 1375 2393 1502 2428; x_wconf 85' lang='lat' dir='ltr'>Ruhn-</span> 
     </span>
     <span class='ocr_line' id='line_1_35' title="bbox 95 2447 1503 2499; baseline 0.006 -17"><span class='ocrx_word' id='word_1_362' title='bbox 95 2447 191 2483; x_wconf 77' lang='lat' dir='ltr'>kenii</span> <span class='ocrx_word' id='word_1_363' title='bbox 214 2447 277 2485; x_wconf 81' lang='lat' dir='ltr'>vit.</span> <span class='ocrx_word' id='word_1_364' title='bbox 299 2461 336 2493; x_wconf 88' lang='lat' dir='ltr'>p.</span> <span class='ocrx_word' id='word_1_365' title='bbox 358 2447 441 2483; x_wconf 83' lang='lat'>419.</span> <span class='ocrx_word' id='word_1_366' title='bbox 463 2449 564 2484; x_wconf 83' lang='lat' dir='ltr'>Idem</span> <span class='ocrx_word' id='word_1_367' title='bbox 587 2453 759 2487; x_wconf 81' lang='lat' dir='ltr'>testantur</span> <span class='ocrx_word' id='word_1_368' title='bbox 782 2456 944 2488; x_wconf 81' lang='lat' dir='ltr'>veterum</span> <span class='ocrx_word' id='word_1_369' title='bbox 967 2455 1150 2499; x_wconf 84' lang='lat' dir='ltr'>exempla,</span> <span class='ocrx_word' id='word_1_370' title='bbox 1175 2459 1216 2490; x_wconf 89' lang='lat' dir='ltr'>ut</span> <span class='ocrx_word' id='word_1_371' title='bbox 1240 2454 1314 2489; x_wconf 86' lang='lat' dir='ltr'>Cic.</span> <span class='ocrx_word' id='word_1_372' title='bbox 1339 2454 1375 2489; x_wconf 86' lang='lat' dir='ltr'>in</span> <span class='ocrx_word' id='word_1_373' title='bbox 1400 2455 1503 2490; x_wconf 85' lang='lat' dir='ltr'>Verr.</span> 
     </span>
     <span class='ocr_line' id='line_1_36' title="bbox 97 2508 1502 2561; baseline 0.006 -19"><span class='ocrx_word' id='word_1_374' title='bbox 97 2509 149 2551; x_wconf 84' lang='lat' dir='ltr'>V,</span> <span class='ocrx_word' id='word_1_375' title='bbox 175 2508 242 2552; x_wconf 85' lang='grc'>18,</span> <span class='ocrx_word' id='word_1_376' title='bbox 264 2509 324 2546; x_wconf 70' lang='lat'>47.</span> <span class='ocrx_word' id='word_1_377' title='bbox 347 2509 481 2544; x_wconf 75' lang='lat' dir='ltr'>relicua</span> <span class='ocrx_word' id='word_1_378' title='bbox 499 2515 551 2544; x_wconf 82' lang='lat' dir='ltr'>est</span> <span class='ocrx_word' id='word_1_379' title='bbox 569 2513 814 2554; x_wconf 48' lang='grc' dir='ltr'>’παίει-ἰωὴ·</span> <span class='ocrx_word' id='word_1_380' title='bbox 847 2514 939 2548; x_wconf 81' lang='lat' dir='ltr'>hanc</span> <span class='ocrx_word' id='word_1_381' title='bbox 969 2514 1166 2561; x_wconf 76' lang='lat' dir='ltr'>Rhegim‘s,</span> <span class='ocrx_word' id='word_1_382' title='bbox 1201 2521 1243 2551; x_wconf 81' lang='lat' dir='ltr'>ut</span> <span class='ocrx_word' id='word_1_383' title='bbox 1268 2515 1337 2560; x_wconf 78' lang='lat' dir='ltr'>ipsi</span> <span class='ocrx_word' id='word_1_384' title='bbox 1367 2516 1502 2557; x_wconf 76' lang='lat' dir='ltr'>dicuat,</span> 
     </span>
     <span class='ocr_line' id='line_1_37' title="bbox 92 2570 1499 2622; baseline 0.006 -18"><span class='ocrx_word' id='word_1_385' title='bbox 92 2570 250 2615; x_wconf 75' lang='lat' dir='ltr'>publice,</span> <span class='ocrx_word' id='word_1_386' title='bbox 271 2572 363 2616; x_wconf 80' lang='lat' dir='ltr'>quod</span> <span class='ocrx_word' id='word_1_387' title='bbox 382 2572 588 2607; x_wconf 79' lang='lat' dir='ltr'>Mamertini</span> <span class='ocrx_word' id='word_1_388' title='bbox 614 2579 707 2609; x_wconf 81' lang='lat' dir='ltr'>mat</span> <span class='ocrx_word' id='word_1_389' title='bbox 719 2574 816 2610; x_wconf 75' lang='lat' dir='ltr'>eric</span> <span class='ocrx_word' id='word_1_390' title='bbox 828 2586 863 2609; x_wconf 92' lang='lat' dir='ltr'>m</span> <span class='ocrx_word' id='word_1_391' title='bbox 886 2587 956 2609; x_wconf 76' lang='lat' dir='ltr'>noa</span> <span class='ocrx_word' id='word_1_392' title='bbox 973 2576 1100 2610; x_wconf 79' lang='lat' dir='ltr'>habent</span> <span class='ocrx_word' id='word_1_393' title='bbox 1114 2601 1124 2620; x_wconf 91' lang='lat'>,</span> <span class='ocrx_word' id='word_1_394' title='bbox 1149 2576 1379 2622; x_wconf 73' lang='lat' dir='ltr'>imperavisti.</span> <span class='ocrx_word' id='word_1_395' title='bbox 1404 2578 1499 2612; x_wconf 84' lang='lat' dir='ltr'>Gon-</span> 
     </span>
     <span class='ocr_line' id='line_1_38' title="bbox 95 2632 1496 2676; baseline 0.003 -9"><span class='ocrx_word' id='word_1_396' title='bbox 95 2635 152 2668; x_wconf 79' lang='lat' dir='ltr'>tra</span> <span class='ocrx_word' id='word_1_397' title='bbox 173 2632 252 2670; x_wconf 74' lang='lat' dir='ltr'>IaiV.</span> <span class='ocrx_word' id='word_1_398' title='bbox 279 2633 434 2676; x_wconf 80' lang='lat' dir='ltr'>XXXV,</span> <span class='ocrx_word' id='word_1_399' title='bbox 459 2633 528 2676; x_wconf 86' lang='lat'>12,</span> <span class='ocrx_word' id='word_1_400' title='bbox 553 2634 611 2669; x_wconf 91' lang='grc'><strong>10.</strong></span> <span class='ocrx_word' id='word_1_401' title='bbox 634 2641 712 2670; x_wconf 82' lang='lat' dir='ltr'>erat</span> <span class='ocrx_word' id='word_1_402' title='bbox 739 2637 848 2671; x_wconf 79' lang='lat' dir='ltr'>etiam</span> <span class='ocrx_word' id='word_1_403' title='bbox 875 2637 987 2671; x_wconf 79' lang='lat' dir='ltr'>maior</span> <span class='ocrx_word' id='word_1_404' title='bbox 1013 2638 1166 2673; x_wconf 79' lang='lat' dir='ltr'>orationi</span> <span class='ocrx_word' id='word_1_405' title='bbox 1192 2639 1419 2674; x_wconf 77' lang='lat' dir='ltr'>materia.</span> <span class='ocrx_word' id='word_1_406' title='bbox 1443 2638 1496 2672; x_wconf 84' lang='lat' dir='ltr'>Id.</span> 
     </span>
     <span class='ocr_line' id='line_1_39' title="bbox 95 2693 1497 2743; baseline 0.004 -16"><span class='ocrx_word' id='word_1_407' title='bbox 95 2693 230 2737; x_wconf 79' lang='lat' dir='ltr'><strong>xxvl,</strong></span> <span class='ocrx_word' id='word_1_408' title='bbox 262 2693 330 2738; x_wconf 75' lang='lat'>35,</span> <span class='ocrx_word' id='word_1_409' title='bbox 360 2694 394 2728; x_wconf 92' lang='grc'>4.</span> <span class='ocrx_word' id='word_1_410' title='bbox 425 2695 504 2731; x_wconf 89' lang='lat' dir='ltr'>Non</span> <span class='ocrx_word' id='word_1_411' title='bbox 538 2700 591 2731; x_wconf 84' lang='lat' dir='ltr'>est</span> <span class='ocrx_word' id='word_1_412' title='bbox 621 2696 733 2742; x_wconf 86' lang='lat' dir='ltr'>igitur</span> <span class='ocrx_word' id='word_1_413' title='bbox 766 2697 860 2742; x_wconf 85' lang='lat' dir='ltr'>quod</span> <span class='ocrx_word' id='word_1_414' title='bbox 889 2698 982 2743; x_wconf 86' lang='lat' dir='ltr'>apud</span> <span class='ocrx_word' id='word_1_415' title='bbox 1018 2699 1228 2736; x_wconf 84' lang='lat' dir='ltr'>Sallustium</span> <span class='ocrx_word' id='word_1_416' title='bbox 1263 2698 1497 2743; x_wconf 77' lang='lat' dir='ltr'>paucissimo·</span> 
     </span>
     <span class='ocr_line' id='line_1_40' title="bbox 93 2754 934 2803; baseline 0.007 -16"><span class='ocrx_word' id='word_1_417' title='bbox 93 2754 194 2790; x_wconf 77' lang='lat' dir='ltr'>codd.</span> <span class='ocrx_word' id='word_1_418' title='bbox 217 2754 433 2792; x_wconf 81' lang='lat' dir='ltr'>relicuorum</span> <span class='ocrx_word' id='word_1_419' title='bbox 454 2756 655 2793; x_wconf 82' lang='lat' dir='ltr'>auctoritati</span> <span class='ocrx_word' id='word_1_420' title='bbox 682 2759 934 2803; x_wconf 81' lang='lat' dir='ltr'>praeferamus.</span> 
     </span>
    </p>
   </div>
  </div>
 </body>
</html>
