1826 3276
431 183 514 224 478
787 179 834 222 G.
862 178 1186 222 SALLUSTI
1214 179 1433 224 CRISPI

430 295 694 352 castellaque
737 293 902 336 munita
943 292 1090 349 adire,
1131 293 1293 352 partim
1330 295 1399 350 vi,
1435 295 1522 339 alia
1553 301 1673 341 metu
1706 301 1784 339 aut

391 389 623 448 2praemia
652 388 912 432 ostentando
943 393 1146 437 avortere
1175 389 1232 432 ab
1266 389 1482 437 hostibus.
1544 390 1612 434 Ac
1638 391 1783 449 primo

431 482 673 526 mediocria
717 482 930 547 gerebat,
975 483 1236 527 existumans
1281 483 1545 542 Iugurtham
1589 485 1649 529 ob
1682 488 1803 528 suos'

392 577 629 624 3tutandos
664 577 708 620 in
741 592 895 621 manus
930 582 1175 630 venturum.
1241 578 1335 622 Sed
1368 548 1598 622 nbixmum
1623 579 1783 638 procul

403 672 580 716 'abesse
621 679 666 716 et
708 673 801 716 aliis
837 671 1025 731 negotiis
1060 673 1272 716 intentum
1311 666 1510 735 accepit,
1541 673 1707 718 maiora
1740 679 1785 716 et

387 767 561 827 4magis
599 782 759 828 aspera
793 766 980 827 aggredi
1010 773 1184 827 tempus
1223 767 1363 811 visum
1387 772 1464 813 est.
1532 768 1642 811 Erat
1673 768 1784 811 inter

419 862 608 922 ingentis
647 863 899 907 solitudines
945 862 1164 922 oppidum
1208 877 1420 923 magnum
1455 868 1588 921 atque
1620 863 1784 918 valens,

422 958 598 1002 nomine
644 956 817 1019 Capsa,
863 957 984 1002 cuius
1019 957 1222 1002 conditor
1261 957 1477 1014 Hercules
1510 957 1652 1017 Libys
1685 967 1783 1001 ine-

424 1113 458 1148 3.
494 1112 611 1148 Tacit.
643 1113 778 1150 mator.
799 1116 867 1158 lv,
889 1115 947 1158 71,
969 1117 1056 1150 extr.
1107 1114 1154 1150 Ut
1183 1120 1360 1150 uentum
1391 1115 1437 1150 in
1466 1125 1638 1156 manus,
1659 1115 1784 1150 detur-

420 1174 495 1208 bati
524 1175 810 1219 praecipitantur.
843 1175 978 1210 Annali·
1004 1175 1058 1219 11,
1081 1173 1147 1216 80,
1178 1173 1212 1208 4.
1267 1176 1311 1210 Ut
1346 1166 1512 1210 uenere
1542 1175 1589 1210 in
1617 1186 1782 1215 manns,

417 1239 556 1269 vertunt
578 1239 683 1280 terga
707 1236 838 1270 Cilices.
861 1254 907 1261 —
930 1236 1030 1269 illam
1052 1234 1191 1269 (lortius
1212 1235 1308 1269 nulla
1325 1234 1530 1269 anctoritate
1549 1233 1699 1275 delevst3
1720 1245 1782 1268 ue-

417 1303 484 1337 que
505 1293 598 1328 idem
620 1294 886 1338 intemperantes
909 1305 1032 1328 manus
1065 1293 1230 1329 abstinuit
1253 1305 1274 1328 a
1304 1294 1436 1329 voculis
1458 1294 1574 1339 magis
1593 1297 1628 1328 et
1649 1297 1722 1336 est,
1744 1292 1783 1326 in

416 1353 603 1397 posteriore
635 1365 720 1388 voce
759 1364 936 1387 assensum
965 1356 1086 1389 nactus
1118 1352 1298 1388 Gerlachii
1329 1352 1363 1385 in
1395 1353 1601 1388 eom-nonu.
1634 1365 1668 1397 p.
1700 1351 1782 1387 32⁰.

414 1417 556 1456 propter
584 1413 666 1446 Ven-
689 1412 734 1454 1.,
757 1424 969 1456 quamquam
999 1413 1035 1447 in
1058 1413 1112 1448 ed.
1143 1412 1228 1447 min.
1258 1411 1438 1457 vulgatam
1459 1423 1577 1446 rursus
1597 1411 1781 1456 amplecti-

415 1476 482 1506 tur.
506 1491 552 1498 -—-
575 1473 756 1518 Aggredi,
780 1473 871 1516 quod
897 1473 1021 1507 volunt
1052 1482 1115 1516 pro
1139 1470 1375 1517 aggrediendi
1405 1469 1536 1505 dietum
1557 1483 1654 1513 esse,
1675 1482 1782 1515 quam

414 1534 608 1566 structurae
637 1531 807 1566 rationem
838 1531 968 1566 habeat
1001 1530 1176 1576 intelliges
1208 1541 1251 1564 ex
1289 1531 1371 1564 nota
1399 1530 1445 1564 ad
1474 1530 1551 1566 eat.
1588 1531 1711 1573 XXX,
1745 1530 1788 1569 5.

417 1591 563 1634 Tempus
596 1591 689 1624 enim
720 1590 928 1635 praegnanti
954 1601 1054 1624 semu
1086 1594 1138 1624 est
1167 1593 1392 1634 opportunum
1422 1593 1582 1633 temptum
1612 1601 1647 1625 ν.
1670 1591 1714 1624 ad
1745 1601 1777 1626 e.

413 1649 570 1691 nxnx,
592 1648 627 1683 τ.
646 1650 907 1686 Drakenborch.
929 1651 974 1685 ιιι
1004 1649 1081 1684 niv.
1104 1649 1162 1691 vl,
1185 1649 1243 1691 18,
1266 1648 1325 1684 12.
1346 1649 1442 1692 XXI,
1463 1648 1522 1692 54,
1543 1649 1579 1688 2.
1601 1650 1683 1686 Ter.
1705 1650 1780 1688 ne-

412 1720 486 1754 eyr.
511 1710 570 1751 w,
596 1709 630 1751 2,
653 1710 710 1746 21.

501 1771 534 1812 §-
559 1769 593 1806 4.
639 1770 779 1814 valens]
819 1769 946 1804 Velm
977 1764 1140 1812 oppidum
1175 1767 1338 1803 Bromius
1369 1767 1414 1802 ad
1448 1767 1535 1812 Nep.
1556 1768 1710 1804 namne.
1732 1769 1776 1810 11,

412 1828 446 1863 4.
479 1830 659 1863 commode
689 1830 951 1874 interpretatur:
973 1839 1080 1872 quum
1114 1826 1221 1861 armis
1253 1831 1290 1862 et
1315 1827 1471 1870 viribus,
1493 1830 1569 1863 tum
1590 1829 1713 1873 opibus
1735 1840 1779 1864 ae

411 1889 542 1924 divitiis
560 1893 690 1932 potens.
716 1908 760 1916 —
794 1890 845 1923 De
871 1889 985 1933 Capsa
1015 1889 1102 1922 urbe
1116 1911 1128 1928 ‚
1159 1887 1196 1921 in
1226 1887 1382 1932 Byzacio
1411 1886 1500 1921 inter
1520 1886 1720 1931 Bagrada-a
1741 1889 1778 1927 et

411 1948 595 1983 Tritonem
617 1948 705 1990 sita,
737 1949 782 1982 οἳ.
806 1948 1012 1982 Strabonem
1035 1947 1142 1990 xvll,
1166 1947 1213 1991 3.,
1236 1946 1297 1990 qui
1318 1957 1397 1981 eam
1427 1944 1471 1982 τὰ
1505 1943 1778 1992 γαζοφυλάκιον

410 2011 479 2045 τοῦ
508 2007 730 2055 Ἰουγούρθα
758 2008 932 2050 nominat,
962 2011 998 2042 et
1025 2006 1197 2041 Mannerti
1228 2007 1431 2052 Ganga-aph.
1455 2006 1579 2040 Graec.
1611 2009 1648 2040 et
1671 2006 1775 2040 Rom.

411 2071 515 2104 Tom.
540 2071 583 2104 X.
615 2071 656 2104 P.
680 2069 725 2105 11.
754 2079 789 2113 p.
813 2067 883 2103 344
905 2078 978 2111 sqq.
1002 2085 1050 2094 —
1079 2067 1244 2100 Hercules
1275 2067 1378 2110 Libys
1408 2076 1433 2100 a
1462 2065 1586 2100 Servio
1609 2065 1654 2100 ad
1677 2065 1775 2110 Virg-

410 2129 495 2163 Aen.
520 2130 608 2172 Vlss,
629 2128 710 2165 564.
736 2128 862 2162 dicitur
883 2127 1020 2170 Libyan.
1058 2126 1150 2161 Num
1171 2126 1216 2160 ad
1237 2125 1386 2160 eandem
1409 2125 1452 2160 de
1473 2136 1516 2159 eo
1538 2125 1696 2170 fabulam
1716 2125 1777 2160 hie

409 2189 635 2235 respiciatur,
669 2200 773 2233 quam
809 2187 995 2223 Sallustius
1016 2196 1120 2230 supra
1150 2197 1180 2220 c.
1202 2186 1328 2229 xvm,
1351 2186 1388 2221 2.
1410 2189 1684 2227 memoraverat,
1708 2185 1773 2219 du-

408 2249 506 2283 bium
538 2253 599 2284 est.
645 2249 763 2293 Neque
791 2252 915 2284 tamen
946 2246 1115 2282 Hercules
1145 2245 1249 2289 Libys
1281 2257 1361 2280 cum
1393 2234 1564 2280 Mueller-o
1585 2249 1620 2280 et
1641 2245 1774 2280 Weisio

409 2309 653 2354 intelligendus
678 2313 730 2345 est
762 2309 974 2356 Aegyptius,
1007 2307 1067 2342 sed
1095 2305 1208 2351 potius
1234 2307 1357 2350 Tyrius
1378 2306 1440 2341 ille
1462 2305 1537 2341 sive
1559 2305 1770 2346 Phoenicem,

409 2367 452 2400 de
473 2380 543 2411 quo
567 2379 599 2402 v.
629 2369 761 2404 Herod.
783 2370 837 2410 11,
860 2368 917 2403 44.
941 2366 1085 2402 mador.
1113 2366 1150 2407 Ι,
1173 2377 1206 2410 p.
1228 2366 1327 2408 2623
1360 2366 1450 2402 unde
1470 2367 1563 2410 patet
1583 2365 1652 2399 hae
1673 2364 1772 2399 fama

410 2427 499 2460 nihil
531 2428 626 2462 aliud
649 2428 861 2474 significari,
894 2427 961 2462 nisi
982 2427 1152 2470 Capsam,
1184 2429 1225 2460 ut
1247 2426 1398 2470 plurima
1418 2425 1491 2462 alia
1511 2424 1649 2460 Africae
1673 2424 1771 2469 oppi-

407 2487 473 2529 da,
497 2487 704 2522 Phoenicius
729 2489 836 2523 fnisse
859 2487 1026 2532 originis,
1057 2487 1148 2531 quod
1177 2487 1329 2530 apertius
1350 2487 1456 2521 etiam
1477 2484 1606 2520 iudicat
1628 2484 1771 2519 Orosius
1790 2520 1796 2525 ,

408 2547 458 2587 V,
493 2546 571 2588 15..
603 2548 647 2581 ab
682 2549 834 2582 Hercule
867 2548 1033 2583 Phoenice
1062 2546 1234 2580 conditam
1265 2557 1339 2581 esse
1368 2546 1516 2581 tradens.
1544 2545 1591 2578 ef.
1620 2546 1768 2579 Hecu-en.

407 2607 542 2641 ldeen
565 2610 629 2640 etc.
654 2607 699 2641 T.
724 2609 752 2642 Ι.
776 2610 815 2643 P.
839 2609 882 2645 11.
915 2620 952 2652 p.
973 2606 1020 2640 26
1041 2616 1114 2650 sqq.
1160 2606 1320 2641 Ceterum
1349 2605 1440 2653 quod
1468 2603 1654 2639 Sallustius
1683 2603 1768 2639 dicit

409 2668 681 2710 memorabatur,
715 2678 782 2700 non
814 2672 1042 2709 memoratur,
1073 2677 1115 2700 eo
1143 2666 1316 2706 declarat,
1346 2665 1430 2708 sibi,
1464 2675 1566 2708 quum
1589 2665 1626 2699 in
1649 2665 1768 2707 Africa

407 2732 493 2763 esset
510 2737 697 2771 rerumque
717 2726 959 2772 antiquitatem
970 2726 1169 2771 inquireret,
1188 2726 1235 2762 ab
1257 2724 1377 2761 incolis
1401 2724 1452 2760 ita
1474 2727 1656 2760 narratum
1670 2734 1766 2764 θῆσθε
