1826 3276
380 163 464 203 aaa
742 159 786 202 o
815 158 1136 202 SALLUSTI
1165 152 1390 212 cRISPl'

382 277 555 334 integra
597 273 712 316 fama
763 264 931 330 potior*
962 273 1065 330 fuit,
1116 272 1342 334 improbus
1394 277 1734 338 intestabilisque

383 370 567 413 videtur.

517 460 718 506 LXVIII.
787 459 996 505 Metellus
1041 467 1276 520 postquam
1321 464 1378 508 de
1418 464 1550 509 rebus
1583 465 1737 526 Vagae

388 558 492 601 actis
529 555 766 614 comperit,
799 555 1040 615 paullisper
1074 539 1265 602 moestus
1301 573 1326 602 e
1361 558 1738 618 conspectuabit3

387 652 572 709 deinde,
614 650 689 694 ubi
732 650 796 693 ira
839 657 883 693 et
925 651 1156 710 aegritudo
1195 625 1416 712 'permixta
1458 660 1556 699 sunt
1575 685 1590 709 ‚
1643 669 1742 698 cum

349 761 592 803 2maxuma
628 760 734 788 cura
766 745 905 788 ultum
938 746 1002 790 ire
1035 747 1208 791 iniurias
1243 748 1431 793 festinat.
1482 749 1742 808 Legionem,
1801 754 1813 771 ²

385 856 537 900 'rm-pilii
560 857 684 899 fugam
706 853 800 888 casui
823 854 949 888 deberi.
995 856 1126 890 Eodem
1157 857 1260 891 modo
1289 868 1392 901 saepe
1414 862 1476 892 aut
1497 858 1669 901 particula
1689 858 1744 892 bi·-

385 916 549 951 membris
571 915 694 948 effecta
723 914 859 948 videtur
888 914 1134 959 interrogatio,
1169 927 1259 958 quae
1282 916 1427 960 simplex
1449 907 1582 956 tantuin
1605 922 1674 960 est,
1697 917 1745 952 si-

386 977 524 1020 quidem
547 975 756 1009 vocabulum
785 986 846 1018 per
867 980 930 1010 aut
954 975 1108 1008 additum
1130 986 1198 1009 non
1219 987 1261 1010 ex
1286 976 1520 1021 interrogandi
1542 978 1642 1011 uerbo
1664 988 1746 1021 pen-

386 1037 461 1076 det,
486 1035 544 1068 sed
568 1035 803 1069 tantummodo
820 1034 856 1068 in
877 1035 950 1068 eius
974 1036 1108 1077 locum,
1144 1036 1187 1068 de
1209 1046 1277 1078 quo
1301 1036 1495 1079 quaeritur,
1519 1037 1746 1071 substituitur.

386 1096 432 1129 οἳ.
456 1095 526 1128 Cic.
557 1095 600 1128 de
623 1094 695 1129 off.
717 1093 791 1136 111,
813 1093 878 1135 13,
901 1093 959 1130 54.
1007 1096 1164 1137 Quaero,
1196 1095 1227 1128 si
1251 1095 1337 1129 haee
1367 1096 1572 1139 emptoribus
1593 1097 1752 1131 venditor«

386 1166 452 1187 non
485 1154 628 1195 dixerit,
667 1165 763 1188 nam
798 1154 973 1188 iniuste
1015 1158 1092 1188 ant
1127 1153 1325 1197 improbe
1349 1153 1558 1198 fecerit?
1589 1154 1658 1189 Hic
1679 1166 1747 1189 non

385 1214 474 1247 duae
504 1218 581 1247 sunt
609 1212 887 1258 interrogationis
909 1216 1042 1257 partes,
1073 1223 1222 1256 quarum
1243 1214 1354 1248 altera
1378 1214 1421 1248 nd
1446 1213 1671 1256 iniustitiam,
1694 1215 1747 1249 al—

386 1278 461 1308 tera
482 1274 525 1308 ad
548 1273 804 1316 improbitatem
827 1277 979 1317 spectet,
1003 1274 1062 1306 sed
1095 1273 1222 1306 iniuste
1251 1279 1331 1308 aut
1362 1274 1511 1318 improbe
1532 1284 1652 1316 voces,
1675 1274 1748 1309 iam

386 1337 484 1375 ante,
520 1343 623 1376 quam
655 1333 698 1367 ad
727 1344 809 1367 nam
844 1333 1072 1373 referrentur,
1105 1332 1294 1375 discretae,
1318 1335 1480 1376 tanquam
1503 1345 1573 1368 nna
1594 1334 1692 1369 notio
1713 1338 1748 1369 et

389 1391 596 1426 coniunctim
620 1403 662 1424 ex
684 1391 955 1437 interrogatione
977 1391 1133 1435 pendent.
1167 1391 1279 1427 Tacit.
1311 1391 1397 1426 Ann.
1415 1393 1474 1434 lv,
1496 1393 1554 1435 1⁷,
1575 1393 1608 1428 2.
1655 1395 1748 1428 Acci-

386 1456 439 1486 tos
471 1452 646 1495 pontifices
667 1456 886 1495 percontatus
910 1457 982 1493 est,
1014 1463 1096 1486 num
1124 1453 1160 1485 id
1174 1451 1330 1496 precibus
1353 1453 1569 1496 Agrippinae
1600 1458 1662 1488 aut
1684 1454 1749 1487 mi-

389 1511 442 1545 m‘s
465 1510 688 1557 tribuissent?
718 1510 743 1545 i.
771 1522 802 1544 e.
836 1522 919 1545 num
948 1511 984 1544 id
1018 1511 1229 1556 Agrippinae
1260 1511 1472 1554 tribuissent,
1503 1511 1660 1555 precanti
1688 1515 1751 1547 aut

389 1570 546 1604 minanti.
591 1571 693 1604 Patet
722 1568 831 1614 igitur
863 1574 926 1604 aut
956 1569 992 1602 in
1021 1568 1315 1603 enunciationibus
1343 1569 1634 1615 interrogantibus
1663 1571 1752 1606 nibil

390 1631 434 1664 ad
456 1630 566 1674 ipsam
593 1629 898 1673 interrogationem
921 1627 1100 1671 pertinere,
1124 1628 1182 1661 sed
1205 1628 1326 1661 eadem
1349 1628 1383 1662 vi
1406 1629 1553 1673 positum
1576 1641 1661 1672 esse,
1683 1642 1751 1675 qua

389 1689 426 1723 in
450 1688 649 1722 universum
671 1688 732 1722 uni
753 1688 884 1722 notioni
907 1687 1054 1722 alteram
1085 1687 1283 1730 substituit,
1306 1688 1349 1723 de
1369 1700 1438 1733 qna
1459 1700 1493 1724 v-
1515 1690 1560 1724 ad
1581 1701 1611 1724 c.
1633 1690 1694 1735 111,
1716 1691 1750 1725 2.

389 1748 497 1790 LXII,
519 1748 552 1782 1.

480 1809 549 1842 nisi
568 1826 615 1836 -
640 1807 800 1852 videtur]
838 1807 918 1842 Nisi
950 1806 1157 1841 Gerlachins
1190 1807 1442 1842 adversativam
1470 1810 1506 1843 et
1536 1809 1751 1854 exceptivam

390 1867 462 1902 vim
495 1869 626 1902 habere
654 1871 789 1909 censet;
821 1869 882 1902 scd
913 1867 1015 1902 istam
1046 1867 1254 1911 particulam
1284 1878 1365 1900 cum
1393 1867 1529 1902 videtur
1560 1868 1668 1902 verbo
1690 1878 1751 1912 per

391 1927 530 1972 ellipsin
554 1931 656 1971 atque
677 1929 914 1963 attractionem
936 1928 1106 1970 quandam
1130 1926 1295 1962 contineri
1316 1938 1421 1970 supra
1442 1926 1512 1961 iam
1536 1927 1684 1962 diximus
1705 1928 1751 1962 ad

391 1998 423 2022 c.
445 1987 569 2029 xxiv,
591 1986 624 2023 5.
670 1986 789 2029 Neque
812 1985 904 2019 enim
927 1987 1037 2021 videri
1059 1987 1246 2030 excipitur,
1278 1987 1335 2020 sed
1357 1987 1391 2021 id
1404 2011 1416 2029 ,
1439 1987 1530 2030 quod
1553 1987 1666 2021 minus
1687 1987 1749 2022 du-

390 2046 489 2081 bium
511 2050 619 2088 esset,
641 2045 809 2089 excipitur
826 2057 868 2080 ex
890 2056 951 2088 eo,
985 2046 1078 2090 quod
1099 2057 1221 2090 parum
1243 2049 1330 2080 esset
1363 2049 1588 2090 compertum.
1634 2045 1752 2090 Quare

318 2144 325 2149 5
390 2117 498 2150 quum
533 2106 635 2150 plena
667 2106 821 2140 oratione
849 2105 900 2140 ita
933 2105 1114 2139 dicendum
1149 2105 1284 2139 fuisset:
1317 2103 1384 2139 nisi
1414 2105 1476 2139 hoe
1508 2109 1640 2147 comat
1663 2117 1752 2147 eam,

392 2165 475 2210 quia
497 2185 542 2190 —
572 2165 660 2209 fnit,
699 2165 898 2209 improbum
928 2165 1225 2209 intestabilemque
1257 2164 1388 2206 videri,
1417 2164 1600 2200 Sallustius
1626 2165 1752 2200 omisso

370 2226 509 2271 „priore
532 2226 640 2259 verbo
663 2226 753 2258 unde
774 2224 949 2269 sequentia
970 2226 1117 2269 pendere
1138 2225 1326 2267 debebant,
1351 2224 1465 2269 ipsum
1487 2225 1597 2260 videri
1616 2224 1660 2259 ad
1685 2225 1753 2259 nini

393 2286 511 2321 retulit
542 2289 576 2319 et
609 2284 707 2318 finito
741 2287 895 2327 tempore
924 2285 1049 2328 posuit.
1105 2285 1220 2319 Simul
1249 2288 1345 2328 patet
1373 2295 1498 2329 param
1533 2283 1753 2328 conperimus

392 2356 493 2380 sensu
514 2344 710 2379 indefinitae
736 2343 894 2379 dictionis
918 2345 1122 2389 capiendum
1152 2355 1245 2386 esse,
1277 2344 1376 2387 quasi
1397 2343 1442 2379 sit
1461 2353 1585 2389 pamm
1608 2346 1752 2381 constat.

393 2405 447 2438 De
474 2408 641 2448 potestate
669 2405 854 2449 comperi-re
885 2403 983 2438 verbi
1020 2415 1054 2439 v,
1086 2404 1129 2438 ad
1158 2416 1188 2437 c.
1221 2404 1328 2444 xvn,
1358 2403 1392 2437 2.
1417 2421 1464 2429 --
1486 2404 1630 2447 Integra
1645 2404 1757 2453 fama

397 2474 516 2498 omues
538 2464 619 2498 libri
642 2468 776 2508 teuent,
807 2464 955 2508 exceptis
984 2464 1052 2497 Ine.
1076 2464 1108 2497 1.
1132 2467 1166 2498 et
1195 2464 1300 2498 Fabr.
1323 2463 1358 2498 2.
1381 2463 1440 2507 qni
1462 2463 1551 2496 haee
1572 2462 1678 2496 verba
1699 2461 1754 2496 in-

398 2534 499 2557 verso
531 2524 650 2557 ordine
683 2525 858 2560 exhibent.
911 2525 1000 2558 Eum
1034 2523 1192 2566 Coi-tius,
1233 2527 1394 2567 tanquam
1425 2522 1514 2556 mori
1543 2521 1753 2557 Sallustiano

399 2582 515 2628 magis
536 2594 750 2628 congruum,
781 2588 910 2618 temere
934 2582 970 2616 in
1001 2586 1132 2616 textum
1163 2583 1309 2626 recepit3
1336 2593 1417 2616 nam
1439 2581 1626 2616 sententiae
1647 2582 1698 2614 vis
1720 2580 1754 2614 in

402 2642 573 2677 adiectivo
595 2642 693 2677 inest.
738 2644 831 2677 ldem
849 2644 936 2687 fuit,
959 2642 1051 2686 quod
1075 2644 1310 2677 tantummodo
1336 2643 1370 2675 in
1395 2642 1536 2675 Eccard.
1564 2644 1598 2674 et
1620 2640 1700 2675 Sen.
1722 2639 1754 2672 1.

402 2700 522 2745 deest,
558 2701 683 2735 omisit.
709 2720 751 2728 —
785 2703 992 2738 Intestabilis
1021 2703 1161 2747 proprie
1191 2705 1262 2744 est,
1294 2701 1353 2746 qui
1385 2711 1494 2743 neque
1518 2702 1756 2747 testamentum
