1826 3276
434 184 802 229 IUGURTHA.
865 182 1003 227 cAP.
1033 182 1155 227 XIV.
1435 187 1494 229 ’Π

92 320 227 366 quam
256 318 451 366 regnum
492 318 580 364 per
612 302 760 348 scelus
803 316 1020 350 crescere.
1088 300 1259 347 Verum
1294 316 1383 362 ego
1418 301 1526 347 hiss

91 403 253 448 finibus
299 402 487 447 eiectus'
511 416 632 458 sum,
677 415 791 460 quos
843 399 1085 444 maioribus
1128 399 1239 444 meis
1290 399 1490 460 populns

90 500 323 546 Romanus
359 498 510 556 dedit,
553 497 674 544 unde
717 503 847 558 pater
882 503 927 542 et
969 511 1079 542 avus
1119 512 1246 542 mens
1280 511 1370 542 nna
1405 511 1489 542 vo-

88 597 265 644 biscum
296 597 522 657 expulere.
548 593 815 655 Syphacem
850 599 896 639 et
931 593 1328 655 Carthaginiensis.
1390 594 1488 640 Vo-

89 701 180 755 ¹stra
197 693 418 740 beneficia
445 692 554 738 mihi
580 697 739 753 erepta
769 696 894 746 sunt,
922 690 1080 735 Patres
1107 693 1369 753 conscripti,
1408 707 1488 738 vos

87 793 131 838 in
176 807 278 838 mea
318 791 474 837 iniuria
520 789 722 850 despecti
767 788 880 833 estiS.
959 787 1093 833 Eheu
1133 803 1208 832 me
1246 766 1521 834 miserum&

85 960 238 996 eiusdem
259 961 454 996 tententiae
483 964 604 1005 partes
638 957 1251 1012 grammaticexcomprehendendae
1271 962 1388 1000 erant,
1423 970 1487 1004 per

84 1033 123 1057 ee
144 1025 242 1066 patet
262 1021 400 1056 nullam
422 1021 484 1056 hic
503 1021 699 1065 particulae
722 1021 841 1055 locum
864 1031 959 1061 esse,
993 1018 1055 1053 nbi
1084 1023 1206 1054 orator
1235 1032 1366 1056 novam
1389 1020 1486 1055 ordi-

10 1092 14 1098 '
85 1087 144 1118 tur
173 1083 446 1129 argumentandi
478 1083 675 1124 rationem,
708 1093 789 1116 cum
814 1079 1002 1126 praecedd.
1030 1080 1129 1114 nullo
1163 1081 1270 1115 modo
1293 1082 1488 1116 cohaeren-

82 1150 166 1182 tem.
210 1145 287 1180 Iam
310 1145 406 1180 enim
430 1145 612 1180 Romanos
634 1144 727 1188 ipsos
751 1142 903 1178 ostendit
925 1142 1039 1176 laesos
1063 1153 1159 1186 esse,
1192 1141 1246 1177 ita
1271 1146 1321 1183 ut,
1347 1142 1487 1178 etiamsi

82 1218 148 1243 ana
169 1206 283 1252 ipsine
304 1207 437 1242 iniuria
458 1218 523 1251 per
553 1217 591 1241 ee
622 1207 780 1249 spectata
803 1202 957 1239 sufficiat
981 1203 1027 1238 ad
1051 1203 1224 1239 auxilium
1247 1204 1484 1246 obtinendum,

81 1268 157 1311 illi,
188 1268 356 1313 quoniam
388 1267 456 1313 ipsi
486 1265 641 1311 despecti
671 1266 761 1309 sint,
794 1265 991 1311 Iugurthae
1022 1266 1137 1300 scelus
1170 1266 1294 1301 ulcisci
1325 1267 1486 1304 debcant.

82 1331 202 1375 Quum
217 1330 329 1376 igitur
345 1341 436 1374 qnae
453 1340 475 1364 a
499 1341 557 1364 vv.
576 1340 693 1363 verum
711 1339 784 1374 ego·
798 1326 970 1371 incipiunt
990 1337 1090 1360 sensu
1114 1327 1290 1371 pendeant
1305 1340 1347 1363 ex
1363 1328 1485 1373 proxi-

82 1403 142 1426 me
163 1392 363 1437 praecedd„
386 1391 477 1426 haec
500 1391 589 1435 ipsa,
611 1389 686 1424 huc
708 1388 914 1433 spectantia,
940 1392 1115 1432 nequeunt
1137 1393 1299 1434 respectu
1324 1390 1484 1435 superio-

81 1464 161 1488 rum
185 1453 279 1488 dicta
306 1463 394 1488 esee.
409 1470 454 1479 —
480 1452 564 1486 Post
594 1463 655 1485 rex
687 1449 829 1485 eortius
863 1453 899 1484 et
933 1449 1144 1485 Gerlachius
1167 1463 1353 1496 perperam
1375 1452 1486 1487 inter-

80 1518 298 1560 punxerunt3
331 1525 414 1548 nam
437 1525 528 1558 quae
560 1515 753 1556 sequuntur
775 1522 844 1546 non
874 1521 967 1545 nova
991 1511 1194 1555 pracdicata
1216 1518 1314 1556 eunt,
1338 1514 1400 1548 sed
1422 1527 1484 1549 rex

81 1576 298 1611 vocabulum
321 1574 490 1610 definiunt
524 1574 669 1618 eiusque
700 1573 858 1618 priorem
883 1572 1126 1608 condicionem
1149 1574 1349 1620 declarant,
1374 1586 1483 1620 quam

82 1637 119 1671 in
142 1636 293 1672 deterius
315 1640 490 1671 mutatam
513 1635 674 1679 queritur
690 1635 885 1670 Adherbal.
933 1635 1038 1679 Quod
1061 1635 1129 1670 nisi
1157 1637 1322 1680 tenueris,
1345 1637 1483 1672 Adher-

82 1698 143 1733 bal
167 1709 205 1732 se
225 1697 310 1731 dicit
331 1698 451 1742 paullo
473 1701 555 1731 ante
576 1708 700 1742 regem
733 1696 864 1740 fuisse,
898 1708 992 1731 nunc
1021 1709 1091 1732 non
1124 1709 1217 1738 esse,
1250 1699 1344 1743 quod
1366 1699 1484 1733 dicere

82 1759 204 1795 noluit.
221 1779 269 1785 --
294 1760 517 1804 Dcsormatue
541 1758 718 1793 aerumnis
738 1758 898 1803 graviter
929 1759 1083 1800 dictum3
1111 1760 1308 1803 defamata
1331 1760 1426 1794 enim
1449 1764 1485 1795 et

81 1822 255 1867 deformia
278 1820 442 1855 dicuntur
461 1831 555 1864 quae
576 1830 709 1866 magna
731 1820 812 1854 labe
834 1823 995 1864 correpta
1016 1820 1155 1854 tristem
1177 1806 1484 1866 aspectum'prae-

81 1884 185 1924 bent3
219 1881 266 1917 cf.
294 1881 373 1916 Liv.
406 1881 609 1923 xxxvm,
633 1881 701 1924 53,
719 1881 775 1915 lo.
825 1879 986 1916 Asiatica
1011 1882 1144 1927 legatio
1178 1881 1392 1928 (Scipionis)
1409 1884 1484 1928 filii

80 1956 164 1980 eam
187 1944 397 1988 deformata.
422 1941 471 1977 id.
506 1943 566 1984 lx,
597 1942 633 1986 6,
659 1942 715 1977 13.
749 1947 888 1977 tantam
911 1943 1171 1978 miserationem
1187 1944 1281 1987 fecit
1306 1944 1482 1988 (consuli-

80 2007 147 2041 bus
168 2005 270 2040 illata
292 2002 528 2051 ignominia),
552 2008 590 2037 nt
614 2014 701 2037 auae
718 2004 861 2049 quisque
879 2004 1088 2038 condicionis
1110 2004 1235 2040 oblitus
1258 2006 1303 2040 ab
1329 2007 1392 2040 illa
1413 2007 1483 2041 de-

73 2067 373 2114 formatione
410 2069 537 2100 tantae
576 2066 775 2100 maiestatis
806 2066 903 2101 velut
934 2066 979 2100 ab
1011 2067 1168 2110 nefando
1210 2069 1482 2111 spectaculo

80 2134 254 2164 auerteret
285 2128 411 2163 oculeo.
443 2126 530 2161 ibid.
561 2128 595 2169 §.
618 2125 653 2164 3.
689 2128 846 2172 deforme
874 2139 1018 2174 agmen.
1052 2128 1174 2165 lustin.
1204 2128 1330 2172 Vll,3,
1350 2130 1384 2164 l.
1409 2128 1483 2166 eie.

80 2203 115 2236 p.
138 2190 242 2226 Sulla
264 2201 296 2225 e·
319 2188 379 2234 26,
399 2188 463 2226 73.
488 2207 535 2215 —
565 2188 637 2224 Pro
668 2188 791 2234 populi
824 2189 926 2225 Rom.
958 2189 1100 2224 Cottius
1132 2192 1168 2224 et
1192 2189 1405 2226 Gerlachius
1428 2190 1484 2225 in-

79 2263 183 2286 verso
215 2251 338 2286 ordine
361 2251 575 2295 scripserunt
598 2250 699 2285 Rom.
730 2261 812 2296 pop.
846 2254 973 2286 contra
1007 2262 1111 2286 usum
1142 2250 1281 2286 dicendi
1304 2255 1340 2286 et
1362 2252 1484 2288 invitis

79 2312 242 2359 plurimi·
273 2312 374 2347 codd.
400 2331 447 2338 —
467 2311 702 2347 sanissimam
736 2311 950 2357 scripturam
986 2324 1099 2359 neque
1129 2314 1243 2358 pati
1279 2315 1483 2359 cuiusquam

78 2385 228 2420 regnum
247 2386 312 2419 per
334 2374 445 2408 scelus
467 2385 690 2417 erescere,
712 2386 819 2419 qnam
838 2386 959 2409 omnes
982 2375 1125 2410 omnino
1144 2375 1352 2411 confirmant
1369 2376 1482 2418 codd.‚

46 2453 49 2460 ·
77 2436 147 2471 nisi
168 2437 260 2480 qnod
285 2436 404 2471 Gnelf.
427 2436 462 2471 6.
482 2437 563 2481 pao·
584 2436 722 2471 incuria
744 2436 915 2471 omissum
938 2436 975 2471 in
997 2436 1163 2483 margine
1183 2437 1314 2481 habet,
1332 2437 1483 2476 ,Cottius

78 2502 210 2532 temere
232 2497 412 2542 corrupit,
438 2497 569 2533 omisso
589 2498 670 2543 pati
695 2498 816 2541 verbo,
839 2509 882 2533 ac
905 2509 1055 2533 erescere
1078 2498 1116 2532 in
1139 2503 1307 2533 cresceret
1330 2502 1477 2534 mutato.

79 2557 223 2593 Scilicet
250 2562 292 2593 ut
313 2558 527 2594 Sallustium
558 2559 757 2605 elegantius
779 2559 981 2603 loquentem
1004 2561 1156 2603 faceret,
1185 2563 1398 2596 structuram
1422 2572 1479 2595 eo-

78 2620 216 2654 loecam
247 2619 386 2666 intulit,
421 2633 533 2666 neque
557 2621 729 2666 particula
759 2621 798 2655 in
820 2620 1038 2666 prohibitiva
1059 2621 1230 2657 sententia
1252 2623 1393 2667 posita,
1417 2622 1478 2657 nbi

78 2693 164 2717 neve
195 2685 332 2717 tantum
355 2686 451 2717 recte
474 2682 545 2717 dici
580 2685 705 2726 potest.
739 2682 786 2716 cf.
811 2682 856 2716 ad
880 2683 957 2717 Cat.
981 2683 1143 2726 xxxw,
1166 2683 1202 2718 2.
1226 2696 1260 2729 p.
1285 2683 1356 2719 158
1377 2695 1429 2728 sq.

169 2746 203 2788 §.
225 2743 259 2779 8.
280 2746 316 2780 et
341 2742 378 2780 9.
425 2743 480 2778 his
505 2743 657 2789 finibus]
691 2743 799 2778 Multi
831 2743 935 2779 codd.
966 2745 1029 2779 iis
1055 2746 1134 2791 sim,
1178 2745 1477 2789 quemadmodum

78 2803 184 2841 etiam
209 2804 348 2841 cortin-
369 2804 532 2850 ecripsit‚
564 2816 779 2850 quamquam
802 2805 838 2840 in
861 2805 1024 2842 omnihus
1045 2805 1119 2843 suin
1141 2806 1196 2841 his
1218 2817 1292 2840 esee
1314 2809 1474 2841 testatur.
