1826 3276
397 151 483 195 14⁰
762 147 807 189 G.
836 145 1150 194 SALLUSTI
1178 147 1395 192 GRISPI

397 275 651 322 expugnare
686 264 859 319 potest3
894 260 1010 304 vallo
1043 266 1176 320 atque
1210 262 1327 307 fossa
1359 265 1531 309 moenia
1564 264 1755 310 circum-

400 357 488 413 dat,
523 355 651 399 turris
687 355 881 414 exstruit,
917 370 1081 414 easque
1104 356 1331 415 praesidiis
1356 358 1523 414 firmat3
1551 365 1754 420 praeter—

398 468 451 495 ea
505 451 597 493 dies
642 450 874 508 noctisque
911 455 986 494 aut
1026 465 1110 510 per
1153 451 1265 508 vim,
1308 458 1382 496 aut
1418 452 1531 498 dolis
1569 459 1754 513 tentare,

397 545 701 590 defensoribus
736 545 958 589 moenium
998 545 1197 604 praemia
1229 547 1392 604 modo,
1433 521 1568 592 modo
1599 548 1755 597 formi-

394 641 542 685 dinem
577 645 818 696 ostentare,
855 654 955 684 suos
990 639 1211 685 hortando
1245 642 1304 686 ad
1337 642 1537 687 virtutem
1583 643 1756 704 arrige-

393 792 434 821 ta
460 797 515 819 res
541 789 591 818 est
617 785 660 818 ab
686 787 778 820 omni
799 797 926 830 genere
956 787 1139 820 hominum.
1163 805 1209 811 —
1237 787 1372 822 Vallum
1392 793 1495 832 atque
1505 790 1606 831 fossa
1626 786 1662 821 in
1680 786 1756 821 diu-

393 849 496 879 turna
527 843 706 879 obsidione
738 845 914 889 adhibita,
951 858 994 880 ne
1026 846 1071 881 ab
1094 847 1348 890 erumpentibus
1371 848 1534 881 damnum
1552 847 1756 891 'paterentur

393 906 598 940 obsidentes.
623 905 742 949 veget.
764 906 831 947 IV,
854 905 910 939 28.
937 906 1078 950 Propter
1096 907 1187 950 quod
1207 907 1396 940 obsidentes
1420 908 1513 940 ultra
1540 907 1668 940 iactum
1693 906 1757 942 teli

384 970 569 1010 fossam
585 966 749 1008 faciunt,
774 976 916 1010 eamque
940 977 1007 998 non
1035 966 1142 999 solum
1169 968 1298 1000 vallo
1321 971 1354 1000 et
1378 967 1537 1008 sudibus,
1561 966 1622 1000 sed
1650 966 1754 1000 etiam

389 1026 566 1060 tur-riculis
593 1026 784 1066 instruunt,
816 1030 855 1058 ut
878 1025 1127 1067 erumpentibus
1153 1036 1194 1058 ex
1226 1026 1420 1060 civitatibus
1433 1031 1567 1070 possent
1583 1026 1755 1060 obsistere.

389 1085 467 1120 Liv.
496 1085 606 1125 XXV,
628 1084 685 1125 22,
702 1083 736 1116 8.
757 1083 828 1116 Cic.
845 1084 932 1127 Epp.
950 1084 1023 1124 XV,
1039 1083 1070 1125 4,
1087 1083 1144 1118 21.
1161 1084 1271 1120 Gom.
1303 1086 1348 1121 cf.
1374 1085 1466 1120 infra
1488 1097 1518 1121 c.
1543 1086 1696 1128 LXXVI,
1721 1085 1754 1119 2.

388 1144 645 1179 Drakenborch.
665 1143 710 1176 ad
726 1141 797 1176 Liv.
817 1143 874 1185 vl,
890 1142 924 1183 8,
939 1142 962 1176 9
990 1142 1137 1176 Nitnchii
1153 1142 1289 1188 Antiqq.
1305 1145 1407 1179 Rom.
1425 1145 1467 1179 Τ.
1482 1146 1526 1181 11.
1544 1158 1581 1191 1>-
1594 1145 1755 1181 1495.-

390 1205 598 1248 Noctisque
624 1214 741 1237 omncs
764 1202 846 1235 libri
872 1203 1022 1242 firmant,
1050 1206 1191 1246 excepto
1215 1205 1286 1238 Inc.
1309 1204 1343 1238 1.
1370 1205 1404 1238 in
1429 1217 1496 1249 quo
1511 1207 1636 1250 copula
1649 1206 1755 1241 deest.

388 1266 477 1299 Eum
495 1266 633 1296 secutus
649 1267 699 1295 est
716 1262 862 1303 Cottius,
879 1267 952 1296 tam
967 1273 1088 1306 parum
1105 1262 1232 1296 iudicio
1248 1263 1313 1297 sibi
1328 1269 1496 1309 constans,
1522 1269 1571 1307 ut,
1595 1276 1703 1309 quum
1718 1265 1756 1300 in

390 1324 506 1361 Guelf.
523 1323 555 1358 9.
573 1322 652 1356 Seu.
668 1321 702 1355 2.
719 1325 752 1355 et
767 1323 891 1356 Heuss.
906 1321 1088 1356 invenisset
1101 1327 1214 1356 noctes
1231 1323 1378 1367 diesque,
1401 1324 1469 1357 hoc
1491 1335 1625 1368 quoque
1644 1335 1755 1369 genu-

388 1384 485 1418 inum
513 1394 586 1416 esse
611 1381 812 1416 affirmaret.
836 1401 882 1407 —
908 1382 1087 1416 Ostentare
1110 1382 1155 1414 ad
1178 1383 1402 1424 formidinem
1429 1384 1580 1419 relatum
1611 1395 1679 1418 non
1703 1388 1754 1419 est

389 1453 558 1488 zeugma,
595 1441 886 1485 quemadmodum
916 1442 961 1475 ad
1000 1441 1237 1486 germanicam
1277 1442 1410 1476 dicendi
1441 1443 1610 1478 rationem
1642 1443 1754 1479 videri

387 1504 518 1549 possit3
551 1513 632 1536 uam
655 1505 828 1534 ostentare
853 1502 986 1545 aliquid
1007 1505 1058 1535 est
1084 1502 1188 1535 alicui
1211 1502 1343 1546 aliquid
1361 1513 1428 1536 non
1444 1504 1558 1537 solum
1574 1504 1753 1548 conspi-

388 1563 594 1598 ciendum
618 1566 651 1595 ct
677 1561 983 1603 considerandum,
1010 1561 1070 1595 sed
1098 1561 1204 1595 etiam
1230 1563 1574 1606 exspectandum
1605 1563 1663 1596 vel
1684 1563 1751 1598 ti-

387 1623 591 1658 mendum
620 1621 807 1665 praebere,
837 1621 909 1654 sive
940 1621 1070 1664 aliquid
1102 1622 1325 1665 expetendum
1357 1622 1412 1655 vel
1434 1623 1645 1668 fugiendum
1674 1634 1753 1668 pro-

385 1695 521 1729 ponere.
546 1681 659 1716 Tacit.
684 1681 770 1714 Anu.
794 1682 879 1724 XII,
903 1680 966 1722 12,
989 1681 1023 1715 3.
1055 1685 1197 1716 vocante
1227 1668 1398 1716 Cari-hene
1424 1687 1458 1718 et
1489 1694 1562 1718 res
1591 1693 1750 1727 prom-

384 1748 491 1788 ptas
515 1745 736 1775 ostentan
751 1746 792 1774 te
818 1760 861 1765 —
890 1741 1086 1774 Armeniam
1100 1745 1232 1784 petunt.
1254 1741 1303 1775 ib.
1325 1742 1428 1785 XIII,
1463 1741 1532 1786 35,
1554 1741 1587 1776 4.
1612 1743 1752 1777 Corbulo

387 1803 526 1837 laudem
544 1802 709 1842 strenuis,
733 1802 894 1834 solatium
910 1801 1090 1842 invalidis,
1114 1793 1302 1844 exemplum
1323 1802 1472 1836 omnibus
1490 1803 1751 1837 ostendere.

386 1863 537 1899 Histoi-r.
562 1862 609 1903 V,
633 1861 699 1903 24,
721 1861 767 1897 in.
794 1861 938 1895 Cerialis
961 1860 1107 1894 Batavis
1133 1871 1274 1903 pacem,
1300 1861 1402 1895 Civili
1428 1862 1564 1896 veniam
1593 1866 1749 1896 osten-

387 1928 520 1964 tans,
561 1921 723 1954 Veledam
757 1922 972 1954 admonebat.
1002 1919 1172 1953 Similiter
1201 1920 1336 1954 Annali.
1370 1921 1411 1966 Ι,
1445 1921 1510 1963 24,
1543 1921 1579 1955 2.
1603 1922 1749 1956 Seianus

386 1983 507 2017 ceteris
522 1981 748 2024 periculorum
766 1981 1060 2024 praemiorumque
1087 1984 1360 2015 ostentator.
1393 1980 1658 2026 Angustioribus
1679 1981 1751 2026 igi-

387 2046 447 2077 tur
478 2040 604 2074 finibus
627 2040 726 2074 verbi
751 2040 984 2085 significatum
1006 2039 1263 2083 comprehendit
1285 2041 1441 2074 Dukerus
1464 2041 1506 2075 ad
1528 2041 1604 2075 Liv.
1626 2040 1693 2082 VI,
1716 2040 1750 2078 5.

388 2104 434 2145 2.,
458 2103 701 2146 interpretatus
720 2100 917 2144 promittere
936 2110 1040 2143 spem,
1060 2102 1193 2142 facere.
1220 2100 1400 2134 Ostentare
1416 2104 1530 2134 autem
1555 2101 1648 2144 apud
1669 2100 1751 2135 Sal-

385 2163 553 2205 lustium,
584 2159 724 2194 Livium
757 2163 790 2193 et
825 2158 986 2193 Tacitum
1023 2159 1159 2193 nonnisi
1198 2159 1411 2202 antiquitatis
1449 2160 1600 2203 quodam
1637 2160 1751 2194 colore

386 2223 529 2257 differre
561 2221 606 2255 ab
638 2219 814 2254 ostendere
842 2221 935 2252 recte
966 2219 1100 2253 monuit
1136 2219 1179 2253 G.
1212 2220 1341 2255 Ludov.
1370 2219 1508 2255 Walch.
1549 2219 1595 2253 ad
1634 2219 1750 2254 Tacit.

387 2282 502 2328 Agric.
522 2293 552 2316 c.
575 2281 619 2314 II.
645 2291 679 2324 p.
702 2279 781 2312 112.
808 2281 841 2317 et
865 2278 1076 2312 Boetticher.
1100 2279 1181 2313 Lex.
1219 2279 1331 2313 Tacit.
1355 2291 1388 2323 p.
1412 2279 1492 2313 336.
1515 2289 1548 2312 v.
1578 2277 1682 2312 etiam
1705 2279 1749 2312 ad

388 2342 491 2376 Catil.
524 2339 725 2380 XXXVIII,
756 2337 790 2371 1.
819 2349 854 2381 p.
890 2338 970 2373 177.
1027 2339 1187 2373 Ceterum
1227 2340 1372 2373 fortasse
1410 2337 1601 2382 simplicior
1642 2337 1748 2371 etiam

385 2405 580 2437 structurae
609 2403 712 2442 atque
744 2409 861 2431 sensus
891 2398 980 2432 ratio
1003 2398 1090 2440 erit,
1114 2398 1143 2432 si
1160 2399 1383 2441 formidinem
1407 2398 1525 2442 paullo
1546 2396 1678 2431 rariore
1696 2397 1750 2431 di-

386 2461 485 2495 cendi
514 2472 579 2494 usu
612 2460 664 2494 ita
696 2462 902 2502 usurpatum
933 2462 1082 2500 statuas,
1115 2461 1153 2492 ut
1183 2469 1251 2492 non
1273 2459 1445 2503 significet
1465 2461 1596 2492 metum
1618 2457 1746 2502 ipsum,

389 2532 459 2565 quo
491 2519 626 2554 animus
656 2521 814 2559 tenetur,
846 2518 905 2552 sed
937 2518 992 2561 id,
1022 2519 1113 2563 quod
1141 2522 1270 2553 metum
1301 2520 1358 2552 vel
1387 2517 1604 2553 formidinem
1635 2517 1750 2552 facere

390 2585 425 2614 et
447 2579 596 2613 excitare
619 2578 747 2622 possit,
775 2590 848 2612 rem
867 2581 1151 2622 formidolosam,
1178 2578 1465 2623 quemadmodum
1493 2577 1608 2610 odium
1637 2579 1671 2611 et
1693 2578 1748 2611 in-

391 2640 523 2674 vidiam
555 2638 623 2672 dici
655 2650 718 2682 pro
754 2649 792 2672 re
815 2650 903 2681 quae
926 2640 1040 2673 odium
1062 2639 1119 2672 vel
1141 2638 1306 2672 invidiam
1331 2638 1451 2672 excitet
1474 2636 1588 2671 docuit
1612 2637 1749 2671 Waich.

393 2699 556 2734 Emendd.
588 2698 686 2734 Livv.
720 2711 749 2732 e.
787 2699 846 2732 XI.
878 2711 911 2742 p.
935 2699 1012 2732 226.
1038 2700 1082 2731 cf.
1106 2699 1182 2743 lug.
1204 2697 1398 2739 LXXXIX,
1424 2697 1456 2730 1.
1481 2697 1602 2730 Consul
1624 2696 1750 2740 oppida
