1826 3276
365 141 448 181 876
730 133 774 174 C.
805 129 1119 173 SALLUSTI
1146 130 1358 174 CRISPI

369 251 428 295 ad
463 244 639 308 tempus
681 259 769 290 non
812 244 929 288 venit
949 276 963 300 ‚
1008 248 1237 301 metusque
1266 247 1380 288 *rem
1422 220 1714 307 impediebat,

369 344 616 398 Bomilcar,
669 338 797 383 simul
845 328 1031 397 cupidus
1071 338 1249 398 incepta
1295 339 1499 397 patrandi
1512 373 1526 398 ,
1578 347 1626 387 et
1658 343 1717 387 ti-
1768 319 1775 374 v>

372 453 495 483 more
544 436 636 479 soci
676 433 825 478 anxius
844 464 859 488 ,
913 447 971 476 ne
1013 433 1172 476 omisso
1222 438 1370 478 vetere
1413 435 1592 479 consilio
1637 450 1720 484 uo-

374 547 480 576 vum
520 533 777 587 quaereret,
822 528 984 571 litteras
1026 526 1085 571 ad
1121 543 1222 571 eum
1257 542 1341 588 per
1378 526 1576 574 homines
1607 528 1722 574 fide-

374 627 425 670 lis
458 625 609 681 mittit,
643 624 688 667 in
723 622 819 682 quis
852 622 1078 666 mollitiem
1111 622 1446 688 socordiamque
1479 623 1559 668 viri
1590 638 1725 668 accu-

379 761 471 795 enim
493 761 567 795 vim
588 760 717 795 habent
738 757 937 792 interiectae
965 757 1212 794 enunciationis
1240 759 1410 804 quippe
1439 763 1549 794 metue
1568 770 1643 795 rem
1664 760 1726 794 im—

373 819 546 865 pediebat.
592 819 644 853 ne
666 818 726 853 tali
748 823 944 862 temporum
966 817 1175 860 mutatione,
1209 830 1277 854 non
1299 820 1344 854 ab
1372 819 1548 864 elegantia
1567 819 1729 862 quadam,

374 879 434 914 sed
464 879 510 913 ab
540 883 701 913 accurata
730 877 905 923 cogitandi
936 877 1138 921 dicendique
1166 878 1300 913 ratione
1321 878 1521 922 repetenda,
1551 878 1618 912 nisi
1639 879 1731 912 hanc

375 940 488 983 ipsam
518 938 728 983 elegantiam
760 948 884 972 vocare
915 937 1022 979 velis,
1061 938 1230 981 quaedam
1259 937 1408 972 diximus
1427 938 1473 973 ad
1487 977 1490 980 ,
1503 937 1604 972 Catil.
1627 939 1672 979 X,
1695 938 1729 972 1.

376 1011 410 1043 p.
437 997 493 1033 51.
541 999 614 1040 Que
645 998 835 1042 particulae
871 998 944 1031 vim
973 997 1215 1041 explicativam
1247 997 1426 1042 tetigimus
1446 998 1491 1032 ad
1510 1008 1541 1042 ‚⁰-
1564 997 1609 1037 11,
1629 996 1664 1031 3.
1684 1015 1731 1024 -—

378 1058 487 1092 Simul
504 1076 545 1083 —
564 1062 598 1092 et
621 1068 684 1101 pro
708 1062 741 1092 et
757 1076 802 1082 —
831 1062 864 1091 ct
886 1056 1037 1100 positum
1069 1067 1143 1090 esse
1173 1057 1342 1090 monitum
1372 1057 1445 1090 iam
1475 1057 1520 1091 ad
1542 1068 1572 1090 c.
1596 1057 1732 1099 XLVII,

377 1118 410 1152 2.
430 1136 473 1142 —
497 1117 566 1151 Pro
589 1118 732 1161 cupidus
752 1117 787 1150 in
809 1117 928 1150 multis
944 1116 1042 1150 codd.
1064 1115 1195 1160 legitur
1217 1116 1442 1160 cupidinibus,
1465 1126 1553 1159 quae
1573 1126 1734 1160 perversa

379 1176 550 1219 scriptura
572 1176 627 1209 vel
647 1188 690 1211 ex
711 1186 827 1210 errore
851 1175 969 1217 fluxit,
1001 1175 1113 1209 scriba
1136 1175 1253 1219 aliquo
1275 1175 1417 1219 cupidus
1444 1186 1510 1219 pro
1531 1175 1735 1220 compendio

378 1235 548 1270 scribendi
572 1239 735 1279 putante,
758 1236 815 1269 vel
837 1235 1095 1279 interpolationi
1116 1236 1277 1276 debetur,
1309 1245 1352 1268 eo
1374 1233 1518 1269 consilio
1540 1234 1672 1277 factae,
1697 1237 1736 1269 ut

379 1295 450 1329 hoc
471 1295 682 1329 vocabulum
704 1295 924 1337 responderet
946 1295 1100 1338 sequenti
1132 1295 1262 1329 timore.
1307 1294 1468 1328 Ceterum
1491 1293 1592 1328 timor
1613 1295 1737 1329 socii

380 1366 448 1389 non
471 1360 521 1389 est
543 1357 643 1390 timor
666 1354 719 1388 de
748 1355 838 1387 soci
846 1366 886 1396 ο,
908 1355 967 1388 sed
990 1355 1112 1395 timor,
1141 1365 1205 1398 quo
1228 1353 1336 1387 socius
1359 1353 1615 1398 exagitabatur,
1637 1353 1737 1398 geni-

382 1414 454 1447 tivo
477 1413 622 1447 subiecti
647 1415 811 1456 potestate
834 1413 957 1456 posito.
1001 1414 1188 1447 Praeterea
1209 1413 1268 1446 hic
1290 1413 1386 1446 locus
1403 1415 1535 1446 tantum
1558 1412 1676 1453 abest,
1697 1415 1738 1447 ut

382 1472 584 1515 discrimen,
622 1471 713 1516 quod
744 1472 970 1507 Doederlinus
998 1472 1034 1506 in
1056 1472 1246 1517 Synonym.
1269 1472 1344 1506 Lat.
1370 1471 1444 1504 Vol.
1463 1470 1508 1503 ll.
1538 1481 1573 1513 p.
1594 1470 1664 1504 191
1684 1482 1736 1514 sq.

383 1536 483 1567 acute
512 1532 631 1566 docuit
660 1531 749 1564 inter
779 1532 935 1565 timorem
964 1535 998 1566 et
1028 1537 1152 1566 metum
1175 1532 1356 1572 interesse,
1387 1530 1507 1572 tollat,
1535 1533 1575 1564 ut
1596 1530 1740 1575 egregie

381 1591 571 1625 confirmet.
617 1591 707 1625 Nam
739 1603 848 1635 quum
877 1597 987 1625 metus
1017 1592 1090 1625 eius
1119 1592 1183 1633 sit,
1215 1590 1275 1634 qui
1305 1593 1426 1624 cautus
1448 1600 1489 1623 ac
1511 1589 1676 1633 providus
1696 1591 1740 1625 de

382 1652 499 1685 futuro
521 1651 615 1684 malo
639 1650 786 1694 cogitet,
818 1655 852 1684 et
882 1651 974 1694 quod
1003 1650 1071 1694 ipsi
1093 1651 1259 1684 damnum
1281 1649 1401 1683 afferri
1426 1649 1532 1692 possit
1553 1650 1741 1694 perpendat

384 1714 487 1754 atque
517 1710 728 1752 consideret,
760 1711 863 1745 timor
892 1722 975 1744 vero
1008 1710 1104 1752 eius,
1136 1710 1197 1753 qui
1229 1709 1372 1754 ignavia
1401 1712 1436 1743 et
1458 1709 1642 1743 formidine
1662 1721 1739 1744 eor-

383 1773 504 1813 reptus
526 1770 618 1804 malo
642 1770 782 1804 obviam
810 1771 861 1804 ire
883 1781 952 1804 non
982 1771 1127 1812 audeat,
1158 1769 1342 1803 Sallustius
1362 1768 1557 1802 Nabdalsae
1578 1768 1646 1812 ipsi
1668 1780 1740 1804 me·-

384 1833 458 1864 tum
487 1827 593 1862 fuisse
615 1829 719 1871 dicit,
751 1830 876 1874 quippe
906 1829 966 1874 qui
987 1831 1162 1872 reputaret
1194 1840 1298 1872 quam
1323 1827 1549 1872 perniciosum
1571 1827 1637 1862 sibi
1658 1840 1741 1862 con-

384 1888 499 1922 silium
533 1888 734 1923 insidiarum
764 1891 953 1935 Iugurthae
986 1889 1228 1922 struendarum
1258 1889 1404 1922 evadere
1440 1891 1575 1931 posset,
1614 1887 1740 1932 quique

384 1948 453 1981 hac
477 1948 686 1992 cogitatione
707 1950 751 1982 ad
768 1960 842 1983 rem
865 1948 1087 1982 omittendam
1105 1952 1371 1990 permoveretur.
1414 1945 1593 1980 Bomilcar
1613 1950 1741 1990 autem,

385 2010 458 2041 tam
480 2006 643 2050 providae
664 2019 768 2055 curae
791 2009 925 2043 nescius
948 2011 983 2041 et
1003 2007 1105 2041 simul
1127 2006 1326 2051 indignatus
1348 2007 1390 2040 de
1410 2006 1498 2042 socii
1519 2007 1744 2050 cunctatione,

387 2066 531 2100 eandem
553 2077 627 2101 rem
652 2068 696 2101 ad
719 2069 871 2102 timorem
893 2067 1017 2108 refert,
1040 2066 1100 2110 qui
1121 2066 1263 2110 ignavia
1285 2070 1417 2100 constat
1446 2069 1481 2101 et
1501 2065 1656 2100 animum
1678 2067 1741 2102 im-

388 2126 516 2159 bellem
549 2130 584 2160 et
617 2127 719 2160 valde
753 2128 937 2162 demissum
968 2126 1098 2169 prodit3
1133 2127 1178 2160 ad
1209 2137 1315 2169 quam
1350 2126 1442 2159 vocis
1464 2125 1536 2160 vim
1559 2127 1743 2170 praecipue

388 2184 551 2228 pertinet,
581 2186 672 2228 quod
702 2187 762 2220 ille
793 2187 830 2220 in
859 2186 986 2221 litteris
1007 2186 1052 2219 ad
1075 2185 1287 2220 Nabdalsam
1314 2184 1402 2218 datis
1434 2186 1676 2221 mollitiem
1699 2191 1742 2222 et

388 2245 641 2279 socordiam
663 2246 732 2279 vin·
752 2251 901 2280 accusat.
947 2247 1063 2289 Quare
1086 2246 1188 2280 timor
1209 2247 1344 2288 semper
1369 2244 1500 2288 aliquid
1522 2245 1744 2290 ignominiosi

389 2303 515 2347 habet,
539 2310 648 2339 metus
670 2305 840 2339 interdum
864 2306 949 2340 adeo
971 2306 1170 2349 prudentiae
1193 2308 1269 2345 est;
1302 2304 1462 2346 timidus,
1494 2305 1552 2339 cui
1573 2304 1672 2340 fortis
1692 2309 1744 2340 est

390 2363 584 2406 oppositus,
606 2375 742 2409 semper
765 2365 1024 2409 vituperandus,
1046 2370 1216 2406 metucns,
1241 2367 1341 2406 cauto
1364 2366 1551 2408 cognatm,
1571 2364 1743 2400 interdum

391 2423 602 2464 laudandus3
634 2425 822 2468 eademque
853 2424 958 2459 etiam
990 2425 1173 2459 verborum
1196 2425 1315 2457 timere
1345 2426 1380 2457 et
1401 2428 1550 2459 necuere
1567 2423 1660 2458 tatio
1682 2427 1745 2461 est.

391 2483 438 2516 cf.
463 2483 538 2517 Cat.
563 2484 689 2524 XXXI,
711 2485 745 2518 2.
768 2485 802 2521 3.
834 2485 896 2518 ubi
917 2490 1026 2518 metas
1048 2485 1094 2518 ad
1117 2484 1209 2518 viros
1231 2483 1394 2527 pertinet,
1424 2482 1634 2526 reipublicae
1654 2483 1743 2526 peri-

391 2542 470 2576 cula
500 2542 598 2576 varie
628 2544 875 2586 coniectantes,
907 2545 1009 2578 timor
1039 2543 1084 2578 ad
1115 2543 1277 2576 mulieres
1306 2545 1467 2586 paventes
1489 2545 1523 2576 et
1544 2553 1685 2586 prorsus
1705 2543 1748 2576 de

390 2602 502 2636 salute
527 2602 755 2646 desperantes.
778 2605 863 2638 ibid.
886 2604 992 2644 xnu,
1013 2602 1048 2637 2.
1094 2603 1300 2637 Festinando
1313 2626 1323 2644 ,
1346 2601 1515 2647 agitando
1536 2602 1651 2636 omnia
1670 2603 1749 2646 plus

394 2661 573 2696 timoris
598 2673 702 2706 quam
735 2663 878 2706 periculi
911 2664 1114 2707 effecerant,
1145 2673 1214 2707 quo
1237 2661 1340 2697 nimis
1360 2661 1482 2696 anxius
1501 2660 1640 2696 αιιίιιιιιι
1660 2671 1745 2705 pru-
