1826 3276
375 157 738 203 IUGURTHA.
795 159 923 204 GAP.
954 157 1178 204 XXXIX.
1398 163 1486 207 225

89 289 178 335 pro
221 273 366 335 gloria
409 276 596 336 imperi,
646 291 755 337 pars
798 277 975 322 insolita
1020 291 1172 321 rerum
1205 275 1480 335 'bellicarum

87 372 245 417 timere
280 373 493 429 libertati,
527 373 648 418 Aulo
684 389 839 419 omnes
874 375 1037 432 infesti,
1073 389 1127 418 ae
1161 389 1368 419 maxume
1403 375 1481 434 qui

86 505 276 549 evertitur,
301 510 438 540 mutare
463 504 533 539 hoc
555 517 655 540 sensu
679 506 902 541 transitivum
925 511 998 550 est,
1022 507 1218 542 necessario
1239 506 1479 543 accusativum

85 566 218 602 obiecti
236 566 438 603 adiunctum
461 567 529 600 sibi
551 567 750 611 postulans;
775 568 836 601 uhi
859 573 977 603 autem
995 581 1037 604 ea
1056 569 1096 603 vi
1119 570 1272 613 positum
1289 573 1352 611 est,
1372 581 1479 614 quam

84 625 225 662 Cottius
249 628 417 672 probante
442 627 522 662 licet
546 629 758 662 Ruhnkenio
782 630 826 662 ad
851 630 938 663 ven.
961 631 1006 674 11,
1035 629 1092 671 82,
1122 630 1155 664 1.
1186 630 1278 664 falso
1301 630 1479 674 passivam

83 686 190 731 dicit,
218 688 385 722 reflexiva
408 692 560 732 potestas
591 688 742 732 obtinet,
779 690 822 723 de
846 701 915 733 qua
938 689 1018 722 vide
1041 701 1132 733 quae
1155 689 1307 723 diximus
1331 691 1376 724 ad
1401 691 1477 726 Cat.

83 748 142 790 vl,
165 748 200 785 7.
222 761 260 794 p.
283 748 340 783 37.
374 749 484 782 Cuius
507 749 599 783 ratio
621 761 730 792 quum
753 761 797 783 eo
820 754 976 792 constet,
1007 754 1045 783 ut
1077 749 1272 784 subiectum
1306 751 1413 785 tacite
1439 751 1476 785 iu

82 808 210 843 obiecti
231 809 349 843 locum
373 813 539 847 transeat.
561 814 658 854 patet
679 816 816 845 mutare
840 823 907 845 non
931 810 1023 844 idem
1047 821 1123 844 esse
1145 815 1250 854 atque
1273 812 1404 845 mutari
1428 823 1476 846 sc.

82 870 127 904 ab
158 870 295 915 aliquo,
327 870 389 904 sed
409 882 446 904 se
469 875 629 912 mutare,
658 881 695 904 se
718 871 829 915 ipsum
854 873 1052 905 immutare.
1101 871 1220 914 Quare
1242 870 1344 905 vides
1368 883 1477 916 quam

79 930 270 965 absurdum
293 930 339 966 sit
360 931 544 966 mutabant
567 931 735 966 reflexive
758 932 909 976 positum
933 933 985 967 ita
1007 932 1229 978 intelligere,
1261 933 1364 977 quasi
1385 945 1475 979 gra-

78 1000 140 1025 ves
168 991 253 1025 illae
279 991 493 1027 condiciones
517 1004 540 1026 a
568 992 782 1027 Romanis
805 994 926 1028 mortis
950 999 1046 1028 metu
1069 998 1273 1028 mutatae
1298 999 1474 1039 essent,

77 1062 123 1086 ne
151 1051 267 1087 dicam
298 1052 334 1086 in
364 1053 434 1088 hae
466 1053 635 1088 sententia
667 1055 788 1089 mortis
810 1060 969 1089 metum
991 1055 1216 1089 incommode
1238 1060 1473 1091 memoratum

76 1111 213 1156 videri,
248 1124 359 1158 quum
377 1115 551 1150 Romanis
577 1117 820 1151 tautummodo
851 1116 942 1151 inter
973 1127 1094 1160 pacem
1127 1115 1403 1161 ignominiosam
1435 1121 1472 1153 et

75 1178 233 1219 nonem,
255 1186 369 1219 neque
391 1187 476 1211 vero
499 1176 591 1211 inter
612 1176 714 1211 illam
739 1181 774 1212 et
796 1179 918 1212 mortis
937 1183 1068 1212 metum
1091 1177 1244 1222 eligendi
1264 1178 1366 1222 copia
1386 1179 1471 1214 reli-

76 1238 135 1270 eta
156 1239 255 1272 esset.
300 1237 420 1272 Cottio
435 1237 722 1292 jneptim,etiam
746 1239 903 1284 Langius
924 1243 1111 1281 „mutare‚
1132 1238 1266 1282 inquit,
1298 1240 1397 1274 idem>
1418 1243 1471 1276 est

5 1339 9 1343 μ
74 1297 168 1340 quod
189 1298 340 1343 pacisci,
364 1298 538 1342 siquidem
567 1310 670 1333 omne
692 1304 833 1343 pactum
856 1300 1005 1334 mutatio
1029 1299 1201 1343 quaedam
1225 1304 1295 1343 θείς
1321 1302 1368 1335 cr.
1391 1302 1468 1336 Cat.

73 1358 192 1406 Lym,
200 1357 258 1394 15.
276 1360 396 1404 Quare
410 1372 528 1396 seusus
540 1364 610 1395 est=
627 1360 710 1404 quia
725 1365 875 1394 mortem
889 1363 1083 1396 metuentes
1094 1371 1218 1405 pacem
1230 1362 1470 1404 faciebantf‘l

74 1419 234 1463 Utroque
262 1430 332 1455 uon
362 1422 489 1456 melius
520 1421 848 1468 egit‘GerlachiuQ
880 1420 943 1466 qui
972 1420 1105 1455 editam
1139 1432 1161 1455 a
1191 1432 1230 1454 se
1258 1422 1469 1465 scripturam

71 1482 299 1519 mutabantur
313 1482 364 1518 ita
379 1483 548 1528 explieat:
572 1484 657 1529 quia
672 1483 736 1516 hoe
750 1483 850 1516 modo
865 1483 986 1516 mortis
1001 1487 1095 1516 metu
1119 1482 1182 1516 lib
1193 1483 1297 1516 crab
1308 1495 1331 1518 a
1341 1488 1469 1526 ntur,

71 1541 209 1576 seilicet
231 1544 422 1587 „quoniam
446 1550 583 1580 mutare
613 1555 676 1590 pro
695 1548 896 1588 permutare
920 1543 1054 1578 dictum
1076 1542 1181 1577 sit.“!
1229 1543 1296 1577 Sed
1322 1556 1366 1578 ne
1388 1544 1468 1578 diu-

72 1602 143 1637 tius
162 1603 254 1637 haee
278 1608 382 1648 atque
406 1606 494 1639 talia
515 1605 746 1651 exagitemus,
769 1605 955 1640 mutabant
981 1616 1049 1638 non
1073 1605 1249 1638 Romanos
1271 1603 1469 1638 subiectum

71 1664 204 1709 habet,
237 1668 276 1699 ut
298 1665 455 1710 Langius
478 1671 514 1699 et
539 1665 748 1700 Gerlaehius
772 1669 918 1708 putant,
949 1661 1010 1699 sed
1032 1665 1077 1700 ad
1102 1677 1191 1710 quae
1213 1669 1366 1709 spectat,
1398 1666 1468 1700 hoc

70 1735 192 1760 sensu:
215 1737 330 1770 qnae
352 1738 563 1771 quamquam
585 1726 717 1771 gravia
741 1729 776 1759 et
793 1726 919 1769 flagiti
938 1727 1043 1770 plena
1068 1730 1187 1769 erant,
1213 1731 1358 1766 tamen,
1382 1727 1468 1771 quia

67 1790 260 1832 propter
289 1789 448 1822 mortis
479 1793 644 1822 metum
674 1798 719 1821 se
751 1786 1018 1830 mutabant,
1058 1785 1082 1821 i.
1107 1797 1138 1820 e.
1163 1786 1236 1820 alia
1259 1786 1467 1822 videbantur

68 1850 176 1890 atque
198 1850 316 1890 erant,
353 1847 481 1892 quippe
511 1859 602 1892 quae
633 1858 771 1882 summa
794 1858 912 1881 rerum
934 1846 1139 1882 necessitate
1162 1850 1285 1881 coacta
1308 1851 1370 1891 aut
1392 1847 1464 1882 ali-

68 1918 178 1952 quam
198 1907 458 1943 exeusationem
488 1910 620 1944 habere
653 1908 869 1949 viderentur,
902 1911 964 1942 aut
987 1919 1094 1952 quam
1121 1907 1239 1951 turpia
1262 1912 1373 1943 essent
1395 1919 1465 1943 nou

67 1968 297 2011 sentirmtur3
319 1980 429 2014 eoque
452 1970 596 2013 factum,
622 1969 675 2004 uti
699 1981 766 2014 pax
790 1969 1002 2004 conveniret.
1050 1968 1175 2004 Obiter
1194 1980 1375 2003 monemus
1399 1969 1465 2003 Bi-

66 2029 228 2074 pontiuos
253 2033 290 2064 et
310 2030 523 2065 Muellerum
554 2031 704 2065 edidisse
733 2031 917 2065 nutabant.
942 2051 989 2057 —
1007 2031 1123 2064 Usum
1153 2031 1333 2064 convenire
1363 2029 1463 2064 verbi

67 2090 143 2125 sine
163 2100 311 2135 persona
333 2096 368 2126 et
390 2092 647 2137 praepositione
669 2091 893 2137 interlpositi‚
918 2089 1112 2124 illustravit
1134 2090 1298 2124 Bremius
1314 2090 1358 2124 ad
1374 2091 1462 2135 Nep.

66 2151 224 2196 Eaunjh.
249 2153 315 2195 vl,
331 2151 374 2207 ἱ2.
407 2153 630 2188 Condiciones
659 2165 728 2187 non
760 2157 1015 2194 convenerunt,
1046 2151 1191 2186 laudato
1217 2151 1386 2186 Goerenz.
1414 2152 1460 2187 ad

68 2213 142 2248 Cic.
165 2213 209 2246 de
232 2213 343 2259 Iaegg.
367 2214 404 2256 l,
428 2213 495 2258 20,
520 2213 579 2248 53.
614 2218 649 2249 et
670 2214 828 2259 Herzog.
862 2213 906 2248 ad
932 2213 1033 2247 Caes,
1057 2213 1102 2249 Β.
1125 2213 1168 2247 G.
1195 2212 1295 2253 vul,
1320 2211 1376 2246 23.
1411 2212 1459 2247 οἳ.

65 2275 332 2310 Drakenborch.
355 2275 400 2309 ad
422 2274 500 2309 Liv.
525 2275 644 2317 XXX,
666 2274 712 2320 ὃ,
735 2274 770 2311 7.
803 2278 840 2310 et
861 2284 952 2318 quae
973 2273 1066 2307 infra
1089 2273 1336 2307 annotavimus
1358 2273 1404 2307 ad
1427 2285 1460 2308 e.

97 2335 266 2375 ΧΧΧΙΙΙ,
290 2335 325 2369 2.

64 2335 96 2372 L
157 2396 322 2430 xxxix.
346 2398 378 2439 §.
402 2395 437 2430 1.
473 2401 648 2441 comperta
672 2397 765 2441 sunt]
789 2396 870 2430 Vim
895 2396 1002 2430 huius
1024 2394 1188 2430 vocabuli
1208 2394 1462 2439 explicavimus

56 2457 112 2495 ‚ad
133 2468 165 2492 e.
188 2457 306 2501 XVII,
329 2457 364 2492 2.
399 2476 449 2485 -—
479 2458 603 2491 Dolere
623 2467 704 2501 pro
727 2458 847 2502 gloria
871 2457 1084 2492 Gerlachius
1106 2460 1251 2491 annotat
1274 2456 1461 2492 insolenter

63 2518 195 2554 dietum
218 2530 306 2561 esse,
329 2531 437 2563 quum
461 2520 578 2554 dolere
602 2516 762 2562 legitime
786 2521 856 2563 aut,
868 2529 948 2551 eum
974 2517 1190 2559 accusativo,
1211 2521 1273 2551 aut
1293 2529 1374 2552 eum
1395 2519 1458 2553 ab·

62 2581 177 2617 lativo
200 2581 256 2616 vel
279 2582 375 2624 solo,
410 2581 468 2616 vel
491 2579 620 2614 additis
645 2579 706 2620 de,
738 2589 800 2621 ex,
833 2590 857 2613 a
880 2578 1199 2624 praepositionibus
1222 2584 1458 2614 construatur.

63 2641 132 2678 &d
155 2653 223 2677 nou
245 2642 420 2687 reputavit
442 2643 483 2676 V.
512 2642 554 2676 l).
579 2642 647 2676 has
671 2643 864 2674 structuras
887 2651 1007 2674 omues
1030 2639 1076 2674 ab
1099 2639 1137 2673 h.
1160 2639 1186 2673 Ι.
1210 2639 1344 2675 alienas
1368 2652 1456 2684 esse,

61 2702 191 2748 qnippe
213 2703 340 2748 quibus
364 2704 464 2738 dolor
487 2702 539 2738 rei
562 2701 791 2747 significetur,
816 2711 921 2744 quam
946 2711 1053 2746 aegre
1076 2700 1169 2734 feras
1192 2704 1227 2734 et
1249 2701 1371 2735 abesse
1394 2712 1456 2735 cu-

62 2763 157 2810 Ρίυς
184 2765 247 2811 qui
268 2769 385 2803 autem
403 2765 517 2801 dolent
541 2764 596 2800 de
619 2763 841 2799 dedecore
865 2761 1019 2808 imperii,
1040 2773 1111 2797 non
1133 2764 1276 2804 possunt
1299 2760 1370 2795 dici
1392 2761 1455 2796 do-

129 2829 187 2876 11.
1108 2822 1176 2869 15
