1826 3276
493 169 863 215 IUGURTHA.
922 169 1054 215 GAP.
1085 169 1177 213 CX.
1423 173 1517 218 589

123 292 226 343 unte
256 293 301 333 te
332 288 566 349 cognitum
593 289 742 334 multis
778 288 1017 347 orantibus,
1053 288 1147 334 aliis
1184 289 1300 334 ultro
1330 295 1515 351 egomet

74 359 81 364 ⁷
122 401 264 447 opem
297 386 394 445 tuli,
426 387 587 432 nullius
618 386 805 447 indigui.
872 386 929 430 Id
961 386 1254 445 imminutum,
1285 387 1410 447 quod
1434 394 1549 435 ce-3

45 495 50 498 ·
120 483 204 528 teri
249 465 406 528 dolere
452 484 622 542 solent,
663 499 752 544 ego
789 484 956 540 laetor;
998 485 1135 531 fuerit
1178 484 1288 530 mihi
1332 486 1515 546 eguisse

116 640 211 685 plius
240 639 443 686 permittere
473 641 602 677 locum.
648 642 752 678 Patet
781 644 901 677 autem
931 642 1090 678 additum
1121 653 1197 679 esse
1226 643 1272 679 ab
1301 643 1359 687 iis,
1385 644 1514 690 quibus

40 702 43 712 ¹
115 701 315 738 coniunctio
339 707 372 738 et
394 714 523 737 nomen
546 703 688 748 aliquod
713 704 912 738 desiderare
933 705 1162 742 videbatur.“

207 766 240 807 S.
273 763 308 798 2.
346 764 563 808 mehercule]
618 764 758 799 Cortius
791 769 914 800 contra
943 767 1042 802 codd.
1077 766 1217 812 scripsit
1249 766 1382 809 hercle,
1418 776 1510 811 quae

14 810 231 863 χχ*0101100
262 824 407 860 comicis
435 828 604 869 usurpata
636 826 690 870 (v.
722 828 825 863 Conr.
858 829 965 872 Leop.
1002 828 1207 863 Schneider.
1238 829 1398 862 Gramm.
1430 829 1509 862 Lat.

112 885 191 920 1701.
222 886 251 920 Ῑ.
283 886 324 920 Ρ.
358 886 403 920 11.
435 898 470 930 p.
502 886 583 921 731.
593 887 609 931 )
641 876 810 924 Sallustio
843 889 986 925 obtrudi
1015 900 1084 924 non
1112 890 1235 931 debet;
1261 890 1308 924 cf.
1335 889 1381 924 ad
1404 888 1510 923 Catil.

113 947 256 989 XXXV,
279 947 315 982 2.
339 947 414 990 ml,
437 946 496 982 35.
521 949 599 994 Iug.
625 949 796 990 LXXXV,
820 949 877 987 43.
901 970 946 976 —
982 950 1094 992 U,ltro
1117 950 1210 994 quod
1234 951 1306 984 iam
1330 948 1512 995 tetigimus

112 1008 160 1043 ad
183 1019 215 1043 c.
239 1008 317 1051 XV,
331 1007 365 1043 1.
390 1019 426 1052 p.
450 1007 523 1050 93.,
548 1020 656 1053 quum
680 1011 886 1054 respondeat
911 1012 1085 1046 vocabulo
1110 1012 1303 1053 orantibus,
1319 1012 1356 1046 h.
1375 1012 1399 1045 1.
1415 1010 1510 1045 idem

110 1071 164 1105 ost
186 1071 291 1113 atque
311 1081 381 1104 non
402 1074 560 1115 rogatus,
588 1074 628 1105 ut
651 1083 682 1107 c.
707 1073 831 1121 XLIII,
857 1072 892 1107 4.
916 1092 964 1100 —-
998 1072 1070 1107 Pro
1093 1072 1255 1118 indigui,
1285 1072 1379 1116 quod
1405 1073 1513 1117 longe

110 1129 258 1175 plurimi
281 1130 383 1165 codd.
406 1134 566 1175 tuentur,
589 1133 804 1168 Gerlachius
824 1133 963 1177 scripsit
983 1134 1147 1179 indigus,
1174 1137 1213 1168 ut
1235 1136 1288 1168 est
1311 1133 1347 1167 10
1367 1133 1450 1168 Bas.
1475 1132 1510 1168 1.

110 1191 219 1226 Bern.
238 1191 274 1227 4.
297 1191 410 1227 Paris.
440 1204 470 1227 c.
494 1204 530 1226 x.
554 1196 591 1227 et
610 1194 732 1229 Berol.
757 1194 791 1228 2.
859 1193 930 1229 Sed
960 1194 997 1228 in
1019 1194 1099 1239 pari
1122 1195 1196 1229 fere
1218 1205 1336 1229 sensus
1358 1198 1394 1229 et
1416 1197 1508 1229 stru-

111 1254 233 1286 cturae
263 1252 421 1288 bonitate
450 1265 593 1298 prorsus
611 1254 775 1300 ineptum
797 1258 851 1290 est
870 1266 952 1290 eam
974 1257 1184 1301 scripturam
1209 1255 1386 1300 recipere,
1418 1266 1509 1300 quae

110 1312 298 1348 minimam
321 1325 344 1349 a
367 1314 468 1350 codd.
491 1315 698 1351 auctoritate
726 1317 1066 1353 commendationem
1088 1319 1208 1352 habet.
1257 1318 1376 1361 Quare
1398 1327 1508 1361 quum

111 1373 220 1409 etiam
250 1373 452 1412 Priscianus
482 1377 616 1419 xvlu,
649 1376 719 1421 25,
752 1377 835 1412 232.
863 1390 900 1422 p.
922 1377 1005 1412 218.
1029 1379 1082 1412 ed.
1107 1378 1172 1414 ΚΓ.
1195 1378 1337 1424 indigui
1360 1378 1508 1421 habeat,

108 1433 190 1468 luce
213 1433 344 1469 clarius
366 1439 420 1472 est
441 1436 587 1483 indigns
609 1437 804 1472 scribarum
837 1439 896 1472 vel
919 1437 1062 1483 ingenio
1085 1439 1144 1473 vel
1166 1439 1280 1473 errori
1303 1425 1436 1473 deberi.
1460 1460 1507 1466 —

109 1496 335 1531 imminutum
366 1498 526 1542 plerique
543 1498 709 1541 -editorcs
739 1502 834 1532 recte
863 1502 1096 1544 receperunt3
1125 1500 1297 1535 Gruterus
1320 1503 1438 1535 tamen
1465 1511 1508 1535 ue

109 1567 222 1601 nuper
254 1557 408 1593 Weisius
440 1559 662 1594 immutatum
684 1558 887 1601 ediderunt,
918 1561 1014 1603 quod
1045 1560 1104 1595 vix
1127 1561 1165 1595 in
1186 1561 1300 1596 tribus
1324 1561 1424 1598 codd.
1447 1572 1506 1596 cx-

110 1622 198 1662 stat,
229 1621 264 1653 et
293 1630 397 1653 sensu
427 1620 535 1654 etiam
557 1619 710 1654 deterius
732 1622 793 1663 est,
819 1631 926 1663 quam
950 1621 1098 1666 vulgata
1118 1621 1235 1656 lec'tio.
1282 1620 1374 1656 Num
1397 1632 1506 1665 quum

110 1680 242 1716 mutan·
263 1691 319 1714 res
341 1679 378 1714 iu
405 1684 594 1725 utrumque
616 1683 754 1725 partem
788 1681 943 1725 possint,
976 1682 1136 1716 imminui
1167 1693 1233 1716 eae
1262 1682 1506 1717 tautummodo

109 1741 181 1778 dici
201 1747 356 1786 possunt,
380 1753 471 1786 quae
492 1753 560 1778 non
585 1733 920 1789 ampliusintegrae
943 1746 1104 1786 manent,
1134 1743 1196 1778 sed
1219 1743 1262 1777 de
1284 1742 1412 1786 quibus
1438 1742 1507 1777 ali-

108 1803 194 1848 quid
217 1802 329 1848 perit,
353 1808 394 1837 ut
416 1815 486 1838 non
509 1803 652 1839 eaedem
675 1803 763 1846 sint,
793 1815 885 1849 quae
907 1808 988 1842 ante
1011 1805 1173 1847 fuerant3
1196 1804 1243 1838 ef.
1270 1807 1438 1839 annotata
1459 1804 1505 1839 ad

108 1877 141 1901 c.
164 1866 326 1908 LXXXI,
349 1865 386 1900 4.
406 1863 525 1899 Tacit.
547 1864 607 1906 II,
628 1863 695 1907 86,
717 1864 754 1900 2.
800 1866 964 1911 Agrippa
992 1867 1136 1901 discidio
1160 1867 1333 1901 domum
1365 1867 1504 1901 immi-

108 1932 294 1963 nuerat.
332 1926 410 1962 niv.
435 1924 604 1967 111,⁷38‚
626 1925 660 1960 1.
720 1927 842 1972 Neque
865 1928 1034 1962 animis
1065 1928 1114 1962 ud
1137 1928 1319 1973 imperium
1344 1928 1504 1963 inhiben-

109 1990 192 2025 dum
223 1989 347 2024 immi
355 1987 492 2022 nutis.
546 1985 625 2020 Non
648 1991 702 2023 est
723 1988 835 2033 igitur
857 1988 1004 2023 difficile
1026 1990 1072 2024 ud
1094 1989 1305 2035 videndum,
1338 1989 1503 2025 imminw.

107 2055 182 2086 tum
204 2050 317 2086 multo
341 2047 596 2095 significantius
619 2059 714 2091 esse,
737 2060 844 2093 quam
867 2050 1019 2085 alterum
1041 2051 1276 2093 vocabulum,
1298 2049 1398 2086 cuius
1420 2062 1500 2086 sen-

107 2123 167 2148 sus
188 2123 258 2156 quo
279 2111 386 2147 latius
409 2113 519 2155 patet,
543 2120 586 2145 eo
603 2109 779 2156 infirmior
801 2114 862 2148 est.

194 2174 311 2218 fuerit
332 2173 418 2207 mihi
442 2172 577 2218 eguisse
602 2171 791 2217 aliquando
819 2171 998 2207 amicitiae
1026 2172 1130 2217 tuae]
1180 2172 1298 2218 Vulgo
1331 2172 1511 2208 edebatur.

107 2235 218 2277 fuerit
238 2234 326 2268 milas·
354 2233 483 2278 preti
491 2245 557 2268 um
581 2236 669 2277 ete.‚
702 2233 999 2277 quemadmodum
1026 2233 1134 2268 etium
1157 2232 1262 2278 Bipp.
1287 2234 1445 2280 Longius
1467 2228 1514 2284 et¹

106 2295 263 2330 Weisius
294 2294 526 2339 scripserunt;
556 2294 615 2329 sed
642 2295 816 2339 pretium,
845 2294 938 2338 quod
964 2295 1064 2329 abest
1085 2295 1131 2329 ab
1155 2299 1226 2329 uno
1248 2294 1359 2337 Rivii,
1383 2295 1500 2331 Palat.

107 2355 142 2391 8.
166 2357 258 2402 Reg.
281 2355 392 2390 Laud.
412 2355 447 2390 2.
471 2359 507 2390 et
526 2354 574 2398 3.,
598 2356 757 2402 glossam
778 2367 863 2399 esse,
889 2367 932 2391 eo
953 2355 1136 2401 perspicue
1158 2355 1384 2402 intelligitur,
1407 2357 1500 2401 quod

107 2416 147 2453 10
169 2416 249 2452 aliis
272 2417 372 2451 codd.
395 2417 527 2463 legitur
549 2421 627 2462 post
650 2417 860 2464 aliquando,
883 2417 920 2452 in
945 2417 1028 2451 eliis
1049 2427 1113 2461 pro
1134 2418 1286 2461 pretium
1310 2421 1363 2453 est
1380 2419 1500 2463 pretii,

108 2477 147 2512 10
169 2470 303 2513 duobus
323 2478 448 2523 pretio,
472 2477 510 2511 10
531 2478 604 2514 alio
626 2489 753 2524 operae
773 2479 938 2524 pretium,
962 2478 998 2513 10
1021 2477 1093 2514 alio
1117 2478 1154 2512 in
1169 2478 1339 2523 pretium,
1361 2489 1405 2512 ex
1428 2489 1499 2522 qua

108 2537 313 2574 diversitate
334 2542 431 2584 patet
453 2537 618 2574 scribas·
605 2551 699 2583 lpsos
717 2538 891 2580 nesciisse,
913 2539 999 2583 quid
1021 2539 1193 2575 vocabulo
1215 2539 1372 2575 versibus
1395 2539 1503 2575 inter-

108 2598 221 2644 posito
249 2591 717 2646 facerent.1nterpositum
740 2605 794 2636 est
817 2604 936 2636 autem
957 2601 1002 2634 ab
1025 2600 1069 2636 iis
1094 2611 1180 2645 quos
1204 2601 1404 2636 offendebat
1428 2613 1501 2637 esse

107 2661 257 2695 verbnm
280 2661 331 2696 itu
353 2664 572 2707 usurpatum,
594 2665 635 2697 ut
656 2673 700 2696 ex
723 2673 765 2696 eo
787 2661 983 2697 infinitivus
1005 2661 1164 2706 pendeat,
1187 2673 1400 2708 quemquam
1424 2663 1501 2698 eius

44 2736 54 2742 ·
107 2725 305 2758 structurae
326 2722 417 2758 ratio
443 2733 511 2757 non
533 2722 713 2758 recondita
733 2725 796 2759 est.
839 2722 932 2757 Nam
954 2735 1064 2768 quum
1088 2728 1141 2758 est
1163 2724 1322 2759 absolute
1344 2724 1499 2769 positum

107 2793 177 2818 uon
200 2784 349 2828 copulae
371 2783 449 2819 vice
468 2783 648 2830 fungatur,
671 2784 732 2819 sed
754 2783 904 2820 subiecti
928 2783 1099 2820 indefiniti
1123 2784 1196 2819 vim
1220 2783 1402 2826 sustinens,
1429 2784 1500 2818 hoe
