1826 3276
384 160 470 205 582
737 151 784 195 G.
812 150 1129 195 SALszTI
1150 196 1152 200 χ
1174 150 1392 196 GRISPI

386 272 446 319 ad
488 268 658 316 Sullam
701 265 955 311 nunciatum
997 266 1153 323 mittit,
1195 271 1399 326 paratum
1442 280 1540 323 sese
1579 262 1743 329 facere,

389 380 502 427 quae
535 361 730 423 populus
773 361 1000 406 Romanus
1043 361 1201 416 vellet3
1246 361 1467 420 colloquio
1506 362 1638 423 diem,
1674 365 1745 411 lo-

386 487 508 524 volunt
529 485 605 521 sibi.
655 483 727 519 Sed
749 483 862 529 quivis
893 484 996 519 facile
1026 483 1120 520 videt
1157 484 1209 521 ita
1239 495 1279 520 re
1308 496 1392 521 vera
1420 485 1511 521 nihil
1543 486 1640 522 aliud
1667 487 1749 532 dici,

388 559 492 594 quam
516 546 607 591 quod
627 545 700 580 iam
723 544 916 580 continetur
943 544 1060 578 verbis
1093 545 1217 580 Mauro
1247 557 1347 581 carus
1368 551 1602 592 acceptusque.
1626 535 1627 538 Ἴ
1647 548 1752 584 Patet

390 611 526 649 autem,
555 608 734 651 praeterea
763 603 870 643 aliam
901 603 1056 648 sequenti
1091 605 1329 640 enunciatione
1359 617 1518 641 caussam
1542 618 1565 642 a
1587 606 1751 643 Sallustio

395 668 538 712 afferri,
571 678 635 701 cur
666 664 828 700 Bocchus
850 664 1025 699 Dabarem
1049 665 1199 699 maxime
1223 666 1267 700 ad
1289 666 1423 701 Sullam
1453 666 1657 702 mittendum
1687 679 1753 712 pu-

390 727 530 764 taverit.
572 726 646 760 Ista
667 736 749 759 vero
772 735 893 762 caussa
913 727 989 777 erat
1015 725 1166 760 Dabaris
1190 725 1227 760 in
1249 727 1426 761 Romanos
1447 727 1536 761 fidus
1557 726 1691 775 animus
1712 738 1756 762 ac

391 785 561 823 Romanis
582 784 664 829 ipsis
686 785 872 829 probatus,
894 795 928 818 v.
953 778 1052 827 clx,
1075 784 1130 826 4.,
1161 785 1252 818 unde
1282 796 1360 829 spes
1389 788 1464 819 erat
1484 786 1646 829 Boccho,
1666 788 1755 830 fore,

392 850 432 882 ut
454 858 516 891 per
539 846 646 881 talem
676 844 840 879 nuncium
870 844 1009 878 facilius
1038 855 1127 888 quae
1156 845 1261 879 vellet
1289 849 1560 890 consequeretur.
1606 846 1684 882 Non
1704 850 1756 882 est

391 907 514 953 igitur,
537 917 599 940 cur
620 916 642 940 a
663 905 810 950 vulgata
828 904 1035 955 discedatur.
1053 923 1097 930 —
1120 904 1198 938 Alio
1221 905 1325 939 modo
1347 906 1502 950 peccavit
1524 906 1675 950 Cottius,
1696 907 1759 951 qui

394 978 466 1004 esse
486 967 643 1007 verbum,
666 965 757 1007 quod
781 964 817 998 in
839 965 913 999 solo
937 965 1060 999 Franc.
1083 964 1195 1007 deest,
1217 965 1357 1000 delevit.
1379 984 1427 991 -
1448 967 1537 1001 Ante
1559 976 1679 1001 omnes
1700 970 1759 1002 te-

394 1030 477 1062 nent
501 1024 651 1066 Gmterff,
668 1024 847 1059 Gerlachii
864 1027 898 1058 et
920 1024 1028 1058 nostri
1051 1024 1153 1066 libri3
1175 1024 1310 1059 Curtius
1330 1036 1372 1059 ex
1393 1025 1465 1060 suia
1487 1025 1625 1070 scripsit
1640 1031 1758 1069 antea,

397 1086 443 1121 ct'.
469 1086 513 1120 atl
537 1096 567 1120 c.
592 1084 654 1126 XI,
675 1084 710 1118 3.
733 1104 780 1111 —
805 1084 952 1128 Tempus
975 1084 1011 1118 h.
1035 1085 1059 1118 1.
1083 1094 1151 1118 non
1174 1084 1224 1119 ita
1245 1084 1362 1120 differt
1383 1085 1428 1120 ab
1451 1085 1518 1127 die,
1539 1088 1578 1120 ut
1600 1085 1704 1120 catil.
1727 1096 1758 1120 c.

395 1147 453 1189 m,
476 1146 546 1188 25„
569 1156 673 1190 quem
695 1145 812 1179 locum
835 1143 974 1177 eortius
998 1154 1066 1177 non
1087 1143 1171 1178 satis
1193 1148 1271 1188 apte
1292 1145 1447 1180 contulit.
1483 1145 1537 1179 Ibi
1558 1144 1650 1179 enim
1671 1150 1760 1180 tem-

394 1217 461 1253 pus
484 1205 607 1240 latiore
629 1215 730 1238 sensu
751 1215 858 1247 quam
881 1204 954 1238 dies
977 1207 1052 1237 erat
1082 1203 1362 1248 intelligendum3
1394 1207 1511 1239 nostro
1532 1208 1650 1239 autem
1670 1205 1760 1247 loco,

399 1265 461 1301 ubi
483 1266 556 1299 dies
579 1264 783 1308 praecessit,
807 1262 1016 1309 angustioris
1039 1263 1187 1297 notionis
1209 1275 1282 1298 esse
1303 1264 1458 1306 videtur,
1481 1257 1650 1308 siquiilom
1672 1276 1763 1299 com-

400 1326 504 1360 moda
527 1325 598 1359 diei
620 1325 706 1358 hora
728 1323 956 1368 significatur,
985 1334 1073 1366 quae
1096 1323 1166 1358 diei
1188 1325 1426 1359 tantummodo
1443 1314 1524 1368 bars
1545 1327 1607 1359 ost.
1626 1342 1670 1350 —
1690 1325 1762 1358 Pro

401 1385 591 1430 delegerat,
615 1383 706 1428 quod
730 1386 783 1416 est
803 1382 838 1415 in
862 1383 938 1415 Vin.
963 1383 997 1416 1.
1022 1383 1127 1417 Fabr.
1151 1384 1183 1417 1.
1210 1383 1327 1417 Guelf.
1350 1382 1384 1419 3.
1407 1382 1440 1416 9.
1465 1384 1582 1418 Berol.
1607 1384 1642 1418 2.
1664 1385 1762 1418 Flor.

400 1444 435 1478 1.
459 1448 493 1478 et
516 1443 625 1478 Paris,
649 1455 692 1482 c.‚
719 1442 855 1477 Cottius
877 1442 991 1485 inepte
1013 1442 1148 1486 scripsit
1169 1442 1533 1487 dilegcretyrelicui
1553 1444 1683 1478 habent
1705 1445 1766 1479 de·-
1811 1452 1814 1460 ’

402 1504 538 1548 liger-et.
564 1522 607 1528 -
638 1503 830 1535 Verborum
863 1503 1017 1536 consulta
1049 1514 1120 1536 sese
1149 1502 1261 1536 omnia
1284 1513 1360 1535 cum
1382 1503 1441 1536 illo
1462 1503 1602 1548 integra
1626 1504 1765 1547 habere,

402 1572 539 1598 sensum
561 1560 708 1594 editores
729 1560 778 1594 sic
801 1560 1025 1595 constituunt:
1053 1561 1200 1604 Omnia,
1226 1562 1269 1595 de
1291 1561 1416 1605 quibus
1438 1561 1504 1606 ipsi
1527 1564 1766 1598 consulendum

404 1632 447 1656 ac
477 1620 734 1654 deliberandum
764 1623 850 1653 esset
882 1631 962 1652 cum
994 1619 1114 1664 Sulla,
1146 1620 1285 1665 integra
1310 1632 1385 1656 csse
1417 1625 1453 1656 et
1481 1621 1622 1664 intacta,
1643 1622 1669 1657 i.
1691 1634 1723 1658 e.
1744 1634 1769 1659 a

403 1681 575 1726 Iugurtha
596 1682 658 1714 aut
680 1678 754 1712 eius
776 1679 893 1723 legato
916 1691 983 1714 non
1007 1683 1180 1724 corrupta.
1228 1681 1326 1724 Quae
1352 1681 1536 1725 explicatio
1557 1693 1768 1727 quamquam

404 1740 442 1775 in
474 1739 674 1774 universum
706 1738 791 1772 ferri
826 1743 954 1783 potest,
995 1745 1110 1774 tamen
1141 1742 1296 1776 consulta
1334 1752 1403 1775 non
1433 1744 1543 1784 potest
1569 1741 1768 1787 significare

406 1799 633 1838 consulenda5
647 1809 756 1842 neque
771 1799 957 1843 quidquam
973 1801 1096 1840 obstat,
1119 1801 1302 1843 quominus
1317 1804 1454 1846 servata
1468 1802 1630 1836 vocabuli
1645 1806 1768 1838 natura

406 1858 648 1904 intelligantur
670 1858 786 1902 priora
808 1859 951 1894 consilia
973 1861 1062 1895 inter
1083 1862 1263 1895 Bocchum
1285 1864 1320 1895 et
1342 1860 1480 1895 Sullam
1503 1860 1649 1906 agitata.
1671 1863 1770 1906 Quae

407 1930 516 1963 quum
538 1919 679 1962 integra
702 1930 773 1952 esse
795 1920 949 1954 affirmat
970 1922 1155 1963 Bocchus,
1187 1922 1256 1955 hoc
1286 1921 1386 1955 dicit:
1415 1920 1505 1954 nihil
1526 1931 1658 1964 eorum,
1681 1932 1771 1966 quae

408 1982 490 2014 unte
513 1978 634 2011 Sullae
655 1978 865 2021 promiserit,
894 1991 916 2014 a
937 1991 975 2014 se
998 1985 1181 2023 mutatum,
1205 1991 1315 2024 neque
1337 1981 1452 2024 ipsum
1473 1990 1496 2015 a
1517 1981 1684 2016 sententia
1706 1992 1769 2017 sua

409 2050 470 2084 per
491 2038 697 2082 Iugurtham
720 2048 794 2071 esse
816 2038 1002 2075 demotum.

503 2097 557 2132 Ne
592 2098 784 2141 Iugurthae
813 2099 969 2142 legatum
999 2101 1274 2145 pertimesceret]
1320 2098 1481 2143 Plerique
1510 2098 1608 2133 codd.
1641 2110 1704 2143 pro
1726 2110 1771 2148 ue

410 2158 526 2203 tenent
547 2168 632 2197 neu,
663 2157 754 2199 quod
775 2157 919 2193 minime
949 2160 1089 2193 tolerari
1119 2163 1250 2203 potest3
1282 2154 1363 2194 nam
1386 2170 1491 2202 quum
1513 2159 1609 2193 nulla
1631 2170 1773 2203 prorsus

413 2217 544 2251 consilii
575 2216 782 2261 significatio
813 2217 850 2251 in
880 2219 1037 2262 proxime
1071 2220 1346 2254 antecedentibus
1370 2220 1594 2260 contincatur,
1616 2218 1772 2263 ineptum

414 2280 482 2318 est,
505 2276 710 2320 particulam
740 2288 886 2320 ponere,
917 2289 986 2322 qua
1016 2279 1226 2313 continuatio
1250 2279 1380 2313 consilii
1402 2279 1618 2320 declaratum
1641 2279 1687 2312 cr.
1710 2289 1772 2312 an·-

414 2340 534 2370 notata
556 2337 600 2370 ad
623 2336 698 2370 Cat.
723 2337 879 2382 XXXIV,
903 2338 938 2372 2.
960 2340 994 2372 et
1017 2338 1061 2371 ad
1082 2339 1159 2382 lug.
1185 2339 1276 2381 VIII,
1298 2339 1334 2373 2.
1357 2350 1390 2383 p.
1416 2338 1472 2372 45.
1518 2338 1594 2372 Non
1616 2332 1773 2372 dubitavi

415 2396 525 2441 igitur
560 2409 603 2430 ne
632 2396 803 2440 recipere,
835 2398 926 2441 quod
955 2399 1065 2432 exstat
1094 2397 1131 2431 in
1154 2398 1271 2432 Berol.
1295 2397 1329 2431 1.
1351 2398 1385 2431 2.
1411 2399 1533 2434 Goerl.
1550 2398 1660 2432 Paris.
1685 2410 1715 2432 c.
1739 2401 1774 2433 et

417 2456 562 2493 fortasse
593 2455 701 2490 etiam
731 2456 768 2490 in
799 2457 957 2500 pluribus
976 2457 1178 2501 scriptum,
1201 2459 1260 2492 sed
1283 2459 1328 2492 ab
1350 2457 1538 2493 editoribus
1561 2469 1629 2492 non
1651 2461 1774 2492 enota-

418 2517 493 2549 tum
515 2518 576 2549 est.
599 2534 643 2540 —
668 2516 826 2550 Ceterum
849 2517 1024 2559 sequentia
1045 2518 1155 2552 verba
1178 2528 1262 2551 sana.
1284 2528 1358 2551 esse
1379 2517 1439 2550 vix
1461 2517 1615 2553 adducor
1637 2522 1676 2553 ut
1697 2529 1773 2552 cre-

418 2575 522 2617 dam,
544 2577 642 2609 tanta
663 2578 715 2609 est
736 2577 941 2618 sententiae,
966 2587 1055 2620 quae
1076 2577 1275 2620 requiritur,
1298 2589 1377 2611 cum
1399 2576 1514 2611 verbis
1535 2577 1773 2621 discrepantia.

419 2634 509 2669 Nam
531 2646 637 2678 quum
659 2636 891 2670 necessarium
913 2636 977 2676 sit,
1000 2647 1139 2671 caussas
1168 2648 1190 2672 a
1218 2637 1358 2671 Boccho
1372 2637 1565 2681 explicari,
1594 2649 1656 2672 cur
1677 2638 1774 2682 lega-

420 2696 475 2727 tus
498 2695 707 2738 Iugurthae,
732 2695 905 2738 colloquio
927 2696 1170 2738 interfuturus,
1195 2698 1315 2732 Sullae
1335 2708 1404 2733 non
1425 2701 1515 2732 esset
1534 2697 1774 2741 pertimescen-
