1826 3276
385 168 468 209 158
749 167 793 210 C·
821 166 1142 212 SALLUSTI
1169 169 1387 214 CRISPI

387 257 657 342 prolatandis
693 281 1078 328 consultationibus
1112 283 1282 343 dilapsa
1325 284 1463 340 foret3
1516 291 1636 331 tanta
1675 287 1739 331 vis

356 387 380 426 3
390 378 556 437 gratiae
587 382 718 433 atque
752 377 967 434 pecuniae
999 377 1117 437 regis
1153 385 1257 426 erat.
1322 365 1421 424 ‘Sed
1453 382 1529 425 ubi
1557 381 1740 426 Senatus

387 472 536 516 delicti
578 471 842 515 conscientia
883 473 1104 531 populum
1143 474 1289 529 timet,
1332 474 1434 533 lege
1475 475 1742 535 Sempronia

387 566 639 626 provinciae
681 565 835 609 futuris
875 567 1124 612 consulibus
1175 567 1383 613 Numidia
1437 575 1569 627 atque
1619 570 1742 614 Italia

354 662 615 714 4decretae,
651 661 849 705 consules
896 661 1103 707 declarati
1147 663 1196 710 P.
1254 664 1405 724 Scipio
1447 664 1606 708 Nasica
1625 699 1638 723 ,
1686 665 1739 711 L.

387 860 440 893 dis
462 858 497 892 in
521 858 596 892 cocl.
620 857 757 901 Ursini,
780 858 868 892 Tur.
892 859 925 892 1.
951 861 984 892 et
1005 859 1075 893 Inc.
1099 859 1134 894 2.
1158 862 1209 894 est
1227 861 1448 903 protelandis,
1472 861 1563 904 quod
1586 855 1744 895 Manutio

385 919 500 964 magis
523 918 758 960 antiquitatem
780 919 874 951 olere
894 917 1084 952 videbatur.
1115 918 1183 951 Sed
1206 920 1347 954 florente
1369 921 1552 956 Latinitate
1572 923 1743 966 protelare

385 979 620 1014 tantummodo
652 981 728 1011 erat
758 979 794 1010 υἱ
824 977 1029 1021 propellere,
1061 978 1117 1010 vel
1150 978 1312 1023 abigere,
1350 983 1388 1013 ut
1419 983 1511 1014 recte
1547 981 1742 1015 observavit

385 1039 523 1073 eortius
545 1039 587 1071 ad
612 1037 714 1070 Catil.
738 1037 870 1077 XLIII,
893 1037 926 1069 3.
949 1037 1147 1070 Postremae
1168 1048 1252 1071 vero
1283 1038 1404 1082 aetatis
1433 1039 1613 1083 scriptores
1642 1051 1743 1073 usur-

358 1128 365 1139 ,
383 1102 509 1142 parunt
530 1108 593 1140 pro
619 1096 775 1139 trahere,
800 1097 957 1140 dtfferre,
979 1098 1250 1140 procrastinare,
1283 1108 1386 1140 quam
1415 1102 1618 1141 potestatem
1651 1101 1741 1143 apud

386 1159 546 1202 probatos
570 1159 726 1190 auctores
746 1157 922 1200 prolatare
942 1156 1061 1190 habet.
1085 1167 1118 1190 v.
1143 1158 1399 1194 Drakenborch.
1422 1159 1466 1191 ad
1488 1158 1565 1192 mv.
1587 1160 1659 1205 VII,
1683 1159 1740 1195 21.

382 1218 418 1251 2.
441 1217 485 1250 cf.
510 1216 596 1249 Sall.
619 1216 797 1260 Fragmm.
823 1215 970 1249 Historr.
994 1217 1028 1258 1,
1053 1216 1119 1257 19,
1144 1216 1199 1250 16.
1223 1218 1315 1252 Gerl.
1338 1217 1387 1252 ib.
1411 1219 1474 1259 lv,
1499 1217 1564 1261 12,
1588 1219 1644 1255 12.
1668 1219 1741 1253 cic.

382 1277 420 1311 in
450 1276 551 1310 Catil.
583 1277 649 1318 lv,
678 1276 722 1315 3,
758 1275 781 1308 6
811 1280 900 1310 extr.
930 1275 1007 1309 Liv.
1041 1277 1093 1317 II,
1125 1276 1194 1318 36,
1217 1276 1252 1311 5.
1277 1277 1389 1311 Tacit.
1411 1278 1498 1312 Ann.
1521 1279 1588 1320 VI,
1614 1278 1684 1320 42,
1705 1278 1741 1313 4.

384 1338 483 1378 XIII,
517 1337 582 1378 34,
615 1336 648 1371 2.
679 1353 723 1359 -
758 1335 862 1369 Feret
891 1338 1047 1368 constans
1077 1335 1150 1369 fere
1181 1337 1335 1370 omnium
1363 1338 1460 1372 codd.
1482 1337 1652 1381 scriptura
1675 1342 1736 1382 est,

381 1397 448 1431 nisi
477 1396 569 1440 quod
599 1395 715 1429 Guelf.
747 1394 780 1427 1.
819 1398 854 1428 et
883 1394 962 1428 Seu.
992 1395 1024 1428 2.
1055 1400 1131 1429 erat
1152 1395 1302 1438 hahent,
1326 1397 1414 1440 quod
1439 1397 1574 1432 Curtius
1595 1398 1739 1443 recepit.

381 1456 473 1499 Quin
502 1456 537 1490 id
566 1467 606 1494 ex
637 1454 839 1488 Latinorum
870 1464 934 1487 usu
963 1457 1056 1488 recto
1083 1454 1236 1496 babeat,
1266 1467 1334 1489 non
1366 1461 1476 1500 potest
1509 1457 1679 1499 dubitari3
1701 1469 1738 1493 v.

380 1516 475 1550 Cort.
498 1515 542 1550 ad
565 1515 601 1549 h.
632 1514 655 1548 l.
679 1517 714 1547 et
740 1514 876 1557 Zumpt.
901 1514 1056 1550 Gramm.
1080 1514 1156 1548 Lat.
1180 1516 1212 1556 S.
1235 1514 1302 1559 77,
1333 1516 1366 1549 2.
1391 1519 1459 1550 not.
1482 1517 1516 1553 1.
1540 1529 1573 1561 ι).
1596 1517 1667 1552 388
1689 1529 1740 1562 sq.

379 1576 433 1610 ed.
467 1575 546 1616 IV.;
586 1573 644 1608 sed
671 1573 927 1607 coniunctivum
956 1577 1137 1617 propterea
1167 1585 1267 1607 nemo
1290 1576 1418 1608 falsum
1441 1575 1574 1611 dixerit.
1632 1577 1740 1611 Pmo-

378 1640 475 1670 terea
498 1634 625 1667 mirum
648 1633 824 1675 videatur,
847 1632 1018 1666 neminem
1039 1633 1263 1667 librariorum
1287 1638 1363 1667 erat
1395 1633 1431 1667 in
1464 1640 1550 1669 esset
1579 1640 1739 1678 mutasse,

378 1695 408 1729 si
430 1695 516 1728 illud
540 1692 697 1727 Sallustii
718 1692 858 1734 fuisset,
881 1692 938 1726 sed
962 1703 1078 1726 omnes
1100 1693 1269 1738 singulari
1291 1694 1348 1726 vel
1370 1694 1560 1728 constantia
1581 1696 1637 1730 vel
1659 1707 1739 1730 cam

377 1752 414 1785 in
441 1739 537 1795 soret
566 1750 775 1794 conspirare.
829 1751 984 1796 Denique
1014 1757 1090 1787 erat
1119 1764 1160 1786 eo
1182 1763 1318 1796 quoque
1339 1757 1531 1797 suspectum
1553 1757 1623 1796 est,
1648 1755 1739 1798 quod

376 1812 452 1854 eod.
487 1812 634 1852 Reuss„
669 1810 729 1854 qui
760 1821 839 1844 cum
870 1811 948 1848 Seu.
981 1812 1017 1846 2.
1048 1812 1099 1847 ita
1121 1812 1307 1856 consentit,
1331 1817 1370 1847 nt
1392 1817 1533 1857 uterque
1554 1825 1596 1848 ex
1618 1815 1738 1849 eodem

377 1873 472 1906 fonte
498 1870 637 1904 fluxisse
668 1869 866 1904 statuendus
895 1872 956 1916 sit,
995 1872 1083 1905 illud
1105 1883 1171 1905 non
1195 1873 1322 1912 habet,
1356 1873 1415 1906 sed
1437 1873 1616 1918 vulgatam
1638 1885 1739 1918 prae-

376 1932 459 1972 bon
481 1931 572 1964 unde
598 1929 760 1963 coniicias
783 1930 951 1973 peculiari
976 1932 1089 1975 lapsui
1112 1933 1168 1965 vel
1189 1931 1447 1974 intel-potationi
1470 1937 1546 1967 erat
1567 1933 1603 1967 in
1618 1934 1736 1968 Guelf.

377 1991 411 2024 1.
431 1994 465 2024 et
480 1990 561 2024 Sen.
574 1990 608 2025 2.
619 1989 751 2026 deberi.
769 2008 811 2014 —
826 1991 927 2034 Quod
950 1991 985 2025 in
1006 1992 1076 2025 fine
1096 1991 1228 2035 periodi
1245 1991 1374 2035 legitur
1397 1997 1484 2034 erat,
1509 1993 1646 2028 cortin-
1668 2005 1737 2028 nou

376 2051 507 2091 habet,
543 2049 624 2092 quia
654 2049 689 2082 in
723 2050 842 2083 Guelf.
876 2050 908 2084 1.
938 2054 1016 2085 ante
1045 2052 1161 2096 regis,
1193 2051 1229 2084 in
1264 2050 1474 2087 tribus-nnis
1498 2057 1578 2096 post
1597 2055 1738 2098 gratiae

377 2111 584 2144 collocatum
606 2108 748 2151 invenit,
771 2108 807 2142 in
829 2109 944 2143 Guelf.
968 2109 1000 2143 2.
1022 2114 1138 2144 autem
1159 2110 1343 2144 incesserat
1363 2109 1575 2146 eit-*locum
1597 2113 1735 2148 obtinet.

376 2168 507 2213 Quodsi
528 2167 563 2202 in
585 2168 725 2212 optimis
747 2169 843 2202 codd.
867 2169 970 2213 plane
992 2170 1141 2212 deesset,
1162 2170 1231 2203 hae
1252 2181 1394 2204 caussae
1412 2171 1542 2215 aliquid
1565 2174 1736 2216 valereut3

375 2227 467 2263 nunc
500 2228 590 2262 nihil
611 2229 818 2263 mutandum
850 2240 992 2272 censeo,
1024 2240 1134 2273 neque
1164 2229 1285 2272 video,
1327 2232 1503 2273 quomodo
1528 2232 1603 2266 sine
1628 2233 1736 2267 verbo

375 2289 502 2323 melior
529 2289 592 2323 fiat
620 2288 754 2333 oratio,
790 2292 830 2323 ut
859 2288 1065 2326 Gerlachiun
1095 2289 1132 2323 in
1163 2290 1297 2324 Gomm.
1321 2302 1354 2334 p.
1379 2289 1459 2325 254.
1482 2292 1610 2328 statuit.
1634 2293 1678 2327 cf.
1703 2305 1733 2327 e.

375 2349 456 2390 XL,
478 2348 511 2383 3.
761 2359 769 2368 ·
1636 2365 1639 2367 ¹

467 2410 501 2450 ἓ.
533 2407 557 2441 3
571 2426 614 2433 -
631 2406 666 2442 5.
690 2408 769 2453 lege
802 2406 1019 2453 Sempronia]
1041 2407 1119 2443 Hac
1140 2408 1219 2453 lege
1241 2418 1263 2442 a
1283 2408 1323 2442 C.
1347 2408 1550 2453 Sempronio
1571 2409 1734 2445 Graccho

375 2477 466 2502 anno
488 2479 524 2501 u.
547 2479 576 2500 c.
601 2467 680 2501 63⁰.
704 2477 736 2501 a.
756 2467 838 2501 Chr.
863 2479 896 2502 n.
920 2467 997 2501 124.
1021 2468 1112 2508 lata,
1135 2472 1276 2501 cautum
1299 2473 1374 2502 erat
1388 2493 1398 2511 ,
1430 2473 1469 2503 ut
1494 2473 1573 2503 anta
1594 2470 1735 2504 comitia

377 2526 571 2560 consularia
593 2531 732 2561 senatus
752 2528 965 2569 decerneret,
993 2527 1028 2560 in
1051 2537 1137 2570 quas
1158 2527 1352 2570 provincias
1373 2526 1534 2562 Consules
1565 2527 1733 2573 designati

376 2585 462 2620 inito
485 2586 664 2620 consulatu
686 2587 919 2629 mitterentur,
942 2586 1042 2631 eique
1061 2577 1197 2622 senatus
1217 2587 1375 2620 consulto
1395 2598 1439 2621 ne
1460 2586 1621 2620 intercedi
1654 2599 1733 2631 pos·

376 2649 439 2679 eet.
483 2645 673 2680 Provinciis
694 2651 809 2681 autem
833 2646 1045 2688 constitutis,
1067 2658 1157 2691 quae
1178 2646 1372 2680 consulares
1394 2646 1620 2689 vocabantur,
1643 2646 1735 2680 Gon-

375 2706 467 2740 sule·
497 2716 558 2740 eas
586 2706 642 2740 vel
679 2707 927 2749 comparabant
957 2707 1045 2742 inter
1071 2717 1128 2746 se.
1158 2706 1214 2741 vel
1242 2705 1480 2741 sortiebantur.
1512 2705 1557 2739 or.
1598 2702 1732 2739 Ernesti
