1826 3276
326 183 407 213 vm
633 200 642 210 .,
735 159 1264 204 PRAEFATIO.
1764 224 1766 226 Ι

326 277 500 340 Pragae
519 293 570 323 ἐ.
605 273 751 320 14Ίο.
788 274 970 334 scriptus
1004 277 1091 328 est,
1127 278 1177 318 ut
1219 274 1265 317 in
1305 274 1394 318 fine
1428 235 1670 334 lugan-une

327 378 570 436 notatum),
607 380 752 418 tamen
795 374 1051 431 scripturae
1083 372 1277 417 bonitate
1317 374 1502 419 alterum
1517 375 1672 435 vlmge

330 483 538 538 superat,
574 489 626 518 ac
659 473 881 516 luculento
911 477 976 515 est
1010 470 1301 528 documento,
1332 487 1422 518 non
1454 475 1555 519 satis
1586 475 1676 519 eir-'

330 579 579 635 cumspecte
621 587 755 633 agere
800 587 898 626 eoS‚
937 571 1012 630 qui
1065 572 1109 614 in
1153 572 1420 618 aestimando
1472 574 1673 619 codicum

328 676 471 738 pretio
513 674 653 719 solam
692 672 990 730 antiquitatem
1030 677 1252 731 spectant,
1297 687 1349 716 ac
1390 673 1428 716 si
1459 687 1569 731 quos
1601 668 1677 718 re'-

330 774 530 820 centioris
576 773 727 818 aetatis
769 787 863 816 esse
908 773 1215 830 cognoverint,
1268 772 1471 816 continuo
1510 773 1678 816 nullum
1739 786 1758 797 Χ

331 890 407 920 eos
441 879 515 948 aut
548 873 754 932 exiguum
786 886 914 915 usum
946 872 991 915 in
1022 886 1073 915 re
1106 871 1253 916 critica
1295 870 1464 916 habere
1497 877 1678 915 conten->

331 975 451 1019 dunt.
521 974 572 1018 In
599 977 811 1032 promptu
843 976 910 1015 est
943 971 1058 1015 enim
1091 971 1224 1015 libros
1251 986 1305 1015 ex
1329 972 1447 1015 bono
1481 971 1680 1030 interpo-

331 1074 650 1131 lationibusque
692 1071 832 1116 libero
872 1071 1076 1130 exemplo
1114 1075 1159 1115 et
1194 1085 1221 1114 a
1259 1070 1470 1130 diligente
1501 1070 1680 1114 librarIo

333 1174 602 1233 descriptos,
650 1171 816 1216 etiamsi
858 1171 942 1215 sint
979 1170 1231 1214 recentioris
1282 1170 1484 1230 originis,
1510 1171 1682 1223 'tamen

332 1273 434 1334 plus
486 1273 633 1317 valere
684 1271 744 1316 ad
793 1285 943 1315 veram
991 1271 1250 1330 scripturam
1302 1269 1651 1314 constituendam
1666 1303 1681 1328 ,

334 1387 469 1431 quam
501 1372 601 1416 satis
637 1371 832 1429 antiquos
846 1404 859 1428 ,
906 1369 985 1415 sed
1015 1385 1068 1415 ex
1099 1371 1324 1428 inquinato
1357 1370 1479 1415 fonte
1507 1370 1682 1416 deriva-

334 1479 414 1516 tos.
484 1472 764 1530 Quamquam
805 1471 886 1515 ista
929 1471 1184 1530 integritatis
1227 1471 1421 1515 internae
1459 1470 1554 1514 laus
1595 1485 1683 1515 non

336 1571 396 1615 ad
435 1577 577 1615 totum
619 1571 818 1615 codicem
859 1570 1010 1615 Berol.
1045 1570 1089 1614 2.
1123 1571 1336 1631 pertinet3
1382 1585 1486 1615 nam
1519 1569 1623 1614 inde
1656 1585 1683 1613 a

335 1665 574 1731 Iugurthae
609 1685 646 1715 c.
681 1671 884 1718 XCVIII.
911 1671 1048 1715 multo
1080 1671 1231 1730 plures
1257 1685 1391 1729 quam
1425 1675 1553 1714 antea
1584 1684 1684 1714 ma-

335 1771 399 1814 las
433 1771 643 1814 lectiones
675 1769 836 1828 habet,
870 1775 921 1814 ut
947 1771 1040 1815 iure
1073 1764 1294 1828 coniicias,
1330 1785 1445 1828 quae
1471 1769 1576 1813 inde
1607 1784 1684 1814 us·-

337 1884 424 1927 que
467 1869 526 1912 ad
564 1870 700 1912 finem
730 1871 962 1928 leguntur,
1003 1884 1094 1914 non
1137 1885 1192 1914 ex
1237 1870 1418 1926 eodem,
1446 1874 1495 1914 ut
1518 1870 1683 1929 priora,

337 1969 418 2013 sed
465 1982 518 2012 ex
563 1968 648 2012 alio
693 1968 912 2026 valdeque
953 1968 1195 2028 depravato
1240 1971 1442 2030 exemplo
1487 1969 1682 2026 fluxisse,

337 2083 452 2127 quae
485 2083 555 2112 res
598 2074 692 2111 tum
731 2069 876 2112 multis
910 2069 1068 2128 glossis
1104 2070 1150 2112 in
1187 2070 1284 2129 ipsa
1327 2065 1464 2115 verba
1497 2043 1683 2130 auctoris

336 2169 483 2224 illatis,
517 2174 609 2212 tum
640 2167 813 2212 turbato
846 2183 981 2228 saepe
1010 2168 1244 2214 verborum
1269 2170 1421 2214 ordine
1449 2170 1684 2214 confirma-

255 2266 259 2271 ”
339 2274 436 2313 tur.-
488 2268 562 2313 Ad
595 2267 683 2312 hoc
709 2283 793 2328 per
826 2274 967 2312 totum
993 2269 1090 2313 cod.
1125 2270 1292 2315 scholia
1324 2271 1510 2330 margini
1549 2269 1685 2314 ascri-

339 2372 419 2434 pta
455 2374 552 2411 sunt
566 2403 578 2426 ‚
623 2368 702 2412 sed
744 2347 899 2412 nullius
939 2370 1069 2429 pretii
1107 2375 1152 2413 et
1197 2371 1254 2413 ab
1294 2370 1376 2412 alia
1409 2383 1540 2414 manu
1573 2383 1684 2428 pro-

341 2467 469 2511 fecta.
540 2466 898 2527 Orthographiae
931 2469 1043 2514 ratio
1081 2470 1341 2529 plerumque
1381 2484 1481 2513 eum
1512 2469 1685 2528 vulgari

342 2568 563 2610 consentit,
629 2567 862 2612 Praeterea
894 2569 1014 2612 haud
1040 2571 1198 2629 exiguo
1231 2570 1338 2614 mihi
1369 2569 1463 2613 usui
1496 2568 1576 2612 fuit
1607 2583 1684 2611 ac-

344 2666 608 2710 curatissima
644 2667 816 2712 collatio
860 2668 1019 2712 codicis
1061 2669 1392 2725 Goerlitiensis,
1419 2684 1551 2727 quam
1582 2674 1683 2713 ante
