1826 3276
460 77 816 127 IUGURTHA.
868 83 995 127 CAP.
1027 81 1184 126 LXVI.
1341 79 1352 93 ’
1435 87 1522 137 859

129 214 220 259 que
238 204 384 249 „antea
420 199 648 251 voluntate
684 199 884 258 alienati,
926 200 1156 262 principes
1188 199 1371 244 civitatis
1405 201 1519 245 inter

127 313 175 343 se
212 297 473 353 coniurant;
514 313 618 342 nam
657 297 839 358 volgus,
883 298 948 342 uti
994 298 1262 358 plerumque
1299 297 1436 354 solet,
1474 305 1518 343 et

125 409 331 440 maxume
366 395 688 452 Numidarum,
723 373 906 456 ingenio
937 394 1115 454 mobili,
1152 395 1409 440 seditiosum
1445 401 1514 440 at—

121 507 211 551 que
258 491 583 537 discordiosum
629 497 725 537 erat
743 523 757 547 ‚
812 491 1028 552 cupidum
1074 506 1291 540 novarum
1348 507 1513 552 rerum,

122 588 258 648 quieti
293 594 338 634 et
384 588 476 633 otio
513 587 764 634 advorsum.
838 587 976 645 Dein,
1022 589 1280 650 compositis
1323 589 1437 634 inter
1465 605 1512 635 se

117 737 299 782 volutum,
322 737 383 772 sed
405 736 451 772 ad
474 735 694 773 indefinitam
722 735 852 772 obiecti
875 734 1071 777 notionem,
1103 734 1160 770 im
1181 737 1323 773 certiori
1345 739 1511 776 substitu-

100 802 211 842 nm,
233 798 420 844 pertinere.
443 810 474 833 c.
498 799 574 842 LII,
597 797 633 834 5.
681 797 921 849 Legatuspacl
946 797 1148 848 flumen,
1187 809 1270 843 qao
1300 802 1512 845 praemissus

115 864 216 902 erat,
237 860 418 904 festinans
437 860 578 906 pergit,
611 858 675 894 ubi
707 870 774 904 quo
796 848 866 894 non
889 861 943 892 est
965 869 1032 903 quo
1051 858 1223 903 flumine,
1255 860 1315 895 sed
1350 861 1387 895 in
1411 873 1510 906 quem

115 921 225 955 lom
248 920 286 956 b.
317 931 349 954 e.
383 921 433 955 ad
459 921 551 966 quod
579 921 723 956 flumen.
757 919 830 955 Cic.
862 919 900 954 in
931 919 1029 954 verr.
1054 920 1120 964 lv,
1143 919 1210 963 18,
1233 920 1292 958 38.
1339 922 1511 958 Diodorus

114 982 215 1016 hemo
237 981 361 1016 nobilis
384 986 419 1018 et
442 982 539 1028 apud
562 993 658 1024 eos,
689 993 775 1027 qao
806 993 844 1016 se
874 981 1042 1023 contulit,
1075 981 1277 1026 splendidus
1306 986 1342 1017 et
1372 983 1511 1028 gratio-

112 1053 183 1078 sus.
206 1042 255 1078 id.
278 1043 367 1087 Epp.
392 1044 438 1078 ad
462 1044 601 1079 Famm.
624 1043 698 1086 111,
726 1040 772 1085 5,
794 1041 830 1078 8.
876 1042 959 1077 Dixi
982 1053 1038 1077 me
1061 1043 1211 1078 libenter
1233 1042 1283 1077 ad
1306 1054 1383 1077 eam
1403 1054 1510 1088 par-

112 1107 202 1138 te-
239 1103 438 1148 provinciae
469 1116 540 1140 esse
569 1109 778 1147 venturum,
819 1115 902 1149 quo
933 1108 968 1138 te
1002 1105 1152 1140 maxime
1182 1104 1272 1138 velle
1304 1104 1508 1139 arbitrarer-

111 1162 212 1199 Gaes.
236 1163 281 1199 Β.
304 1164 346 1200 C.
369 1165 398 1207 1,
421 1163 481 1208 49,
505 1165 539 1200 2.
586 1164 737 1210 Afranio
765 1175 853 1209 pons
885 1164 1028 1199 Ilerdae
1052 1165 1242 1210 praebebat
1274 1165 1379 1199 loca
1410 1170 1510 1201 trans

103 1225 240 1269 flumen
263 1225 430 1271 integra,
463 1238 545 1272 qao
584 1226 715 1261 Caesar
746 1226 847 1261 adire
878 1237 948 1260 non
975 1231 1130 1271 poterat.
1160 1225 1238 1261 Liv.
1262 1226 1370 1269 XXI,
1392 1226 1449 1268 27,
1473 1226 1508 1262 2.

114 1286 278 1322 Urbem
309 1287 484 1329 arenam,
523 1298 604 1332 quo
628 1287 835 1323 Hasdrubal
857 1289 1076 1331 frumentum
1112 1292 1318 1323 convexerat
1337 1313 1348 1330 ,
1379 1288 1417 1322 vi
1448 1299 1508 1323 ca-

105 1346 220 1393 piunt.
266 1347 369 1383 Patet
390 1346 521 1393 igitur,
552 1359 661 1392 quum
685 1349 862 1394 imponere
885 1348 1048 1384 absqute
1072 1348 1207 1383 dictum
1231 1347 1298 1392 sit,
1330 1352 1370 1384 ut
1393 1352 1509 1384 osten-

109 1407 224 1444 dimu-
247 1408 293 1444 αὖ
326 1419 356 1443 c.
381 1408 526 1451 xhvn,
549 1408 598 1452 2.,
631 1422 698 1456 quo
730 1409 939 1446 adverbium
971 1410 1270 1455 interpretandum
1301 1421 1378 1445 esse
1410 1411 1507 1456 apud

107 1480 192 1515 quos
213 1469 274 1504 vel
298 1462 546 1515 quibam-nam
575 1470 622 1505 ad
644 1470 759 1516 ipsam
791 1467 1005 1518 Vagensium
1028 1471 1207 1507 betlonem
1235 1474 1393 1517 spectat,
1424 1483 1506 1507 cum

106 1529 266 1575 generali
287 1531 341 1565 rei
362 1534 426 1566 aut
447 1532 535 1577 loci,
561 1531 624 1567 ubi
645 1533 876 1576 habitabant,
899 1531 1040 1567 notione
1063 1533 1254 1567 confusam.
1270 1553 1316 1559 --
1341 1534 1505 1569 Ceterum

107 1593 287 1626 structura
317 1590 424 1626 huius
454 1592 709 1628 enunciationis
739 1593 790 1629 ita
821 1595 1024 1638 comparata
1059 1596 1133 1638 est,
1166 1596 1205 1628 ut
1228 1605 1300 1629 vox
1329 1595 1506 1641 Vagenses

107 1650 310 1696 praedicato
332 1655 452 1688 careat
467 1678 479 1696 ,
511 1664 605 1689 novo
628 1653 786 1690 subiecto
805 1655 982 1700 principes
1004 1652 1128 1696 illato,
1158 1655 1202 1688 ad
1227 1655 1320 1698 quod
1343 1656 1503 1690 coniura-

105 1722 186 1746 vere
217 1711 378 1756 pertinet.
439 1713 618 1760 Vagenses
658 1714 770 1760 igitur
810 1713 1047 1750 nominativus
1084 1715 1265 1749 absolutus
1305 1719 1379 1760 est,
1413 1717 1505 1761 quod

104 1774 301 1808 structurae
332 1771 562 1817 imperfectae
583 1785 718 1820 genus,
749 1786 820 1819 quo
843 1775 887 1809 de
918 1786 951 1810 v.
977 1778 1097 1810 notata
1129 1775 1175 1810 ad
1199 1775 1304 1811 Catil.
1327 1777 1503 1821 XXXVII,

105 1833 141 1869 ⁴2.
163 1846 199 1879 p.
223 1832 317 1879 174„
340 1833 521 1871 immerito
551 1835 812 1871 Ramshornius
848 1835 1011 1872 Gramm.
1033 1836 1112 1870 Lat.
1143 1838 1177 1878 §.
1199 1835 1281 1870 206.
1305 1836 1348 1870 Β.
1373 1836 1408 1871 6.
1431 1841 1502 1873 not.

104 1894 140 1930 4.
165 1906 200 1940 p.
222 1893 305 1945 203.
323 1896 546 1932 anacoluthis
570 1896 792 1932 eximendum
815 1899 942 1933 censet.
983 1896 1024 1930 In
1046 1899 1212 1941 promptu
1235 1900 1286 1931 est
1310 1897 1403 1931 enim
1423 1897 1503 1932 Sal-

103 1955 269 1999 lustium,
302 1967 413 2000 quum
442 1956 542 1993 initio
574 1956 800 1993 enunciatum
831 1957 874 1990 de
896 1957 1115 2002 Vagensibus
1137 1957 1344 2002 primariam
1369 1958 1502 2002 periodi

79 2021 242 2063 ·partem
278 2017 399 2052 facere
435 2018 623 2061 voluisset,
658 2019 704 2053 ab
737 2018 807 2052 hoc
838 2017 984 2052 consilio
1012 2017 1062 2052 ita
1086 2018 1288 2063 aberrasse,
1320 2022 1360 2054 ut
1382 2019 1499 2055 verbis

102 2079 275 2125 principes
303 2098 349 2104 —
374 2079 557 2115 coniurant
595 2066 752 2125 primum
784 2079 822 2114 in
858 2078 1102 2114 enunciatione
1134 2078 1252 2114 locum
1285 2081 1499 2123 concederet,

71 2127 76 2130 ,
105 2139 207 2184 quasi
234 2140 324 2175 haec
356 2142 532 2175 structura
562 2139 827 2185 praecessisset:
859 2139 976 2185 Igitur
1006 2151 1109 2185 quum
1142 2140 1318 2185 Vagenses
1341 2161 1386 2167 —
1403 2142 1497 2186 sati-

104 2204 278 2246 gerentur
299 2199 395 2246 regis
424 2200 626 2246 suppliciis,
649 2212 761 2246 neque
788 2203 893 2236 antea
916 2201 1096 2236 voluntate
1119 2202 1270 2236 alienati
1303 2206 1415 2236 essent
1432 2205 1496 2237 etc.

104 2261 211 2307 Quod
233 2261 446 2296 laumamms
468 2264 587 2296 autem
618 2266 734 2297 censet
767 2262 907 2307 proprie
938 2262 1133 2308 genitivum
1156 2263 1352 2307 ponendum
1376 2263 1494 2307 fuisse,

104 2322 196 2357 unde
222 2322 397 2368 principes
427 2333 555 2357 nomen
577 2324 760 2367 penderet,
797 2335 867 2358 non
890 2324 974 2358 satis
997 2327 1162 2358 accurate
1184 2323 1236 2358 ita
1259 2323 1419 2368 statuisse
1442 2323 1493 2359 vi-

104 2383 214 2418 detur.
261 2383 428 2418 Genitivo
458 2383 551 2418 enim
584 2383 671 2419 Sall.
698 2395 767 2419 non
799 2385 983 2419 commode
1014 2387 1151 2429 poterat
1179 2383 1256 2426 uti,
1291 2385 1391 2420 nulla
1423 2386 1493 2420 Va-

104 2444 266 2491 gensium
291 2444 330 2479 in
353 2444 634 2491 antecedentibus
663 2444 839 2481 mentione
869 2446 986 2487 facta3
1018 2444 1063 2479 ad
1088 2444 1341 2480 nominativum
1373 2450 1492 2482 autem

104 2509 229 2550 sponte
259 2505 409 2541 ducebat
438 2505 664 2550 oppositionis
698 2506 799 2542 ratio.
846 2507 937 2542 Nam
968 2517 1076 2550 quum
1106 2510 1288 2541 narratum
1319 2510 1411 2542 esset
1432 2507 1491 2542 Iu-

103 2566 275 2611 gurtham
297 2567 427 2602 multas
449 2567 609 2602 civitates
631 2567 812 2603 affectasse
825 2593 836 2610 ‚
870 2566 968 2612 prius
993 2578 1098 2611 quam
1122 2570 1369 2612 exponeretur,
1399 2578 1490 2612 quae

104 2627 318 2674 Vagen'sium
346 2633 466 2674 partes
497 2628 662 2672 fuissent,
696 2628 881 2663 dicendum
913 2632 989 2663 erat
1020 2628 1056 2662 in
1079 2627 1124 2664 iis
1146 2628 1367 2672 civitatibus,
1399 2640 1489 2674 quae

105 2687 150 2722 ad
173 2687 402 2724 defectionem
425 2691 639 2735 spectarent,
671 2690 846 2737 Vagenses
870 2688 998 2731 fuisse3
1022 2689 1068 2724 cr.
1093 2688 1138 2724 ad
1163 2700 1194 2726 c.
1218 2690 1314 2733 XIX,
1338 2688 1372 2725 1.
1418 2688 1489 2723 Sed
