1826 3276
331 155 415 194 568
687 145 731 187 G.
761 142 1082 186 SALLUSTI
1121 142 1339 186 GRISPI

333 263 537 319 Boccho,
569 259 774 316 quoniam
802 244 1025 316 poenitet,
1056 256 1203 312 delicti
1231 258 1419 316 gratiam
1449 257 1576 312 facit3
1601 260 1694 302 foe-

338 360 421 403 dus
457 361 500 400 et
536 353 724 397 amicitia
759 352 996 407 dabuntur,
1030 337 1166 409 quum
1199 353 1418 397 meruerit.

476 448 570 493 CV.
625 447 737 503 Quis
780 448 913 492 rebus
952 448 1137 507 cognitis
1171 447 1380 492 Bocchus
1419 463 1503 508 per
1535 448 1700 492 litteras

339 563 365 590 a
400 543 547 588 Mario
583 543 762 602 petivit,
806 542 868 586 uti
915 542 1086 587 Sullam
1128 542 1188 586 ad
1231 558 1279 587 se
1324 544 1537 600 mitteret,
1583 543 1704 586 cuius

304 639 554 685 2arbitratu
600 637 657 681 de
703 638 1006 682 communibus
1048 638 1238 698 negotiis
1284 638 1593 709 consuleretur.
1660 638 1705 682 Is

343 801 387 807 -
411 780 589 825 deprecati
618 783 696 813 sunt
726 780 930 825 praegnanti
962 790 1063 814 sensu
1091 779 1263 824 significat
1289 786 1468 825 postquam
1490 781 1710 825 deprecantes

342 842 513 876 dixerunt.
529 859 573 865 -
597 841 648 873 De
668 840 784 874 verbis
805 840 993 874 amicitiam
1013 845 1046 875 et
1062 841 1190 883 foedus
1212 851 1245 875 v.
1268 843 1433 875 annotata
1453 840 1497 874 ad
1519 851 1549 875 c.
1570 830 1711 882 Lxxx,

343 901 375 934 4.
400 922 446 927 —-
469 900 520 933 Ad
541 899 695 944 poenitet
718 910 786 933 nou
807 900 1034 944 supplendum
1057 903 1109 934 est
1130 911 1220 941 eum,
1242 901 1301 934 sed
1325 900 1516 951 continetur
1537 910 1579 933 eo
1602 899 1711 932 verbo
1748 907 1749 912 ¹

343 959 576 995 nominativus
599 969 698 992 casus
722 960 897 1005 Bocchus5
921 960 1012 1003 quod
1035 971 1246 1003 quamquam
1265 960 1409 1004 vulgato
1432 957 1509 992 usui
1530 962 1712 1002 repugnat,

345 1021 461 1054 tamen
495 1029 563 1052 non
595 1018 776 1053 soloecum
805 1020 996 1054 existimari
1035 1021 1152 1063 debet,
1192 1031 1298 1063 quum
1331 1022 1464 1052 certum
1497 1018 1543 1052 sit
1581 1022 1715 1053 veteres

346 1078 452 1112 etiam
474 1071 652 1122 poeniteo,
677 1078 701 1111 i.
726 1090 757 1112 e.
775 1080 992 1124 poenitentia
1015 1081 1148 1124 agitor,
1174 1077 1310 1111 dixisse.
1355 1077 1444 1111 Tale
1465 1076 1548 1120 quid
1570 1077 1613 1110 de
1637 1075 1714 1111 Sal-

347 1139 452 1173 lustio
476 1138 581 1172 tradit
604 1137 739 1173 Charis.
761 1151 795 1182 p.
816 1139 895 1173 22⁴.
919 1139 1059 1173 Putsch.
1107 1139 1252 1180 „Verba
1275 1137 1522 1180 impersonalia
1542 1134 1716 1171 declinan-

348 1203 404 1233 tur
427 1197 495 1232 sic:
520 1200 655 1241 oportet
679 1209 746 1239 me,
771 1199 922 1242 poenitet
941 1210 1015 1240 me,
1038 1199 1145 1243 pudet
1167 1210 1246 1239 me,
1269 1197 1364 1243 piget
1386 1208 1454 1239 me,
1477 1195 1616 1232 miseret
1637 1208 1716 1238 πως

349 1258 503 1303 quamvis
525 1258 711 1290 Sallustius
733 1254 916 1293 dixerit'in
940 1258 1052 1302 prima
1074 1257 1221 1292 historia
1243 1258 1301 1291 Le
1309 1257 1462 1302 pidum
1482 1258 1618 1302 poeni
1626 1261 1718 1292 ten-

349 1325 436 1353 tem
461 1317 683 1356 consili‚·“
715 1321 810 1360 patet
840 1317 932 1351 enim
954 1319 1130 1362 poenitens
1157 1329 1228 1351 non
1249 1317 1400 1360 potuisse
1422 1317 1501 1358 dici,
1525 1317 1590 1350 uisi
1613 1316 1719 1351 etiam

349 1378 506 1423 poeniteo
529 1377 714 1410 diceretur.
745 1376 791 1410 cf.
816 1377 888 1412 Cic.
913 1377 1065 1422 Philipp.
1091 1378 1178 1419 XII,
1201 1377 1244 1418 2,
1269 1376 1303 1410 7.
1353 1377 1507 1420 Optimus
1532 1380 1582 1410 est
1603 1380 1720 1420 portus

350 1438 539 1483 poenitenti
559 1436 602 1480 (i.
625 1446 655 1468 e.
681 1434 726 1477 ci,
750 1435 809 1478 qui
832 1437 1006 1479 poenitens
1028 1441 1090 1479 est,
1113 1437 1186 1471 sive
1206 1436 1266 1479 qui
1284 1437 1454 1480 poenitet)
1477 1437 1621 1470 mutatio
1643 1448 1722 1470 con-

290 1493 299 1503 ‘
352 1498 432 1531 silli.
479 1495 652 1529 Pacuvius
675 1496 770 1528 Arm.
795 1496 865 1530 iud.
898 1497 990 1540 apud
1013 1496 1164 1530 Nonium
1186 1496 1260 1537 vll,
1284 1495 1340 1529 63.
1358 1527 1364 1542 ,Ὗ
1389 1496 1488 1530 Nunc
1509 1497 1721 1541 poenite-

355 1558 487 1595 bunt,·
523 1555 635 1589 libant
666 1555 764 1588 liberi
797 1560 902 1599 grato
935 1567 975 1588 ez·
1006 1557 1087 1588 loco.
1121 1555 1240 1590 lustin.
1266 1555 1327 1596 XI,
1349 1555 1384 1600 3,
1406 1555 1441 1589 3.
1501 1557 1724 1603 Athenienses

352 1615 488 1661 primi
508 1615 750 1658 poenitere
774 1620 966 1659 coeperunt.
989 1615 1062 1649 Liv,
1081 1616 1240 1656 xxxw,
1262 1615 1320 1658 22,
1343 1616 1377 1650 3.
1425 1617 1559 1650 Aetolos
1582 1629 1723 1662 quoque,

356 1677 386 1711 si
405 1675 647 1720 poenitere
672 1675 872 1718 possint,
893 1685 991 1718 posse
1015 1679 1050 1710 et
1073 1674 1256 1709 incolumes
1279 1687 1362 1711 esse.
1383 1694 1429 1700 —
1459 1677 1618 1711 Gratiam
1635 1679 1725 1721 fucit

356 1737 381 1770 i.
414 1748 445 1769 e.
481 1734 620 1769 veniam
652 1735 730 1777 dat,
763 1735 935 1779 ignoscit3
975 1735 1022 1770 cf.
1051 1735 1128 1768 cat.
1160 1746 1192 1768 c.
1226 1736 1310 1779 LII,
1343 1735 1376 1770 8.
1425 1736 1491 1778 Qui
1514 1737 1598 1771 mihi
1621 1743 1725 1782 atque

358 1797 472 1830 animo
505 1806 579 1829 meo
612 1796 739 1830 nullius
767 1807 919 1840 unquam
951 1795 1066 1829 delicti
1097 1795 1302 1840 gratiam
1321 1795 1547 1838 fecissem:
1581 1797 1725 1842 Fragm.

358 1857 490 1891 nistor.
514 1856 583 1896 111,
609 1855 666 1889 34.
715 1855 793 1891 Post
819 1857 967 1891 reditum
991 1866 1127 1898 eorum,
1150 1855 1269 1899 quibus
1292 1859 1430 1890 senatus
1452 1856 1532 1890 belli
1555 1855 1726 1902 Lepidam'

359 1917 567 1963 gratiam
594 1918 787 1959 fecerat.
1765 1958 1771 1967 Ι

452 1977 521 2010 CV.
560 1978 592 2018 δ.
615 1976 650 2011 1.
699 1977 782 2019 Quis
815 1975 937 2019 rebus]
984 1975 1100 2019 Vulgo
1131 1976 1251 2020 quibus
1282 1988 1337 2016 r.,·
1367 1977 1426 2010 sed
1455 1977 1530 2020 quis
1559 1980 1672 2023 exstat
1692 1978 1729 2012 in

362 2039 464 2071 Rem.
500 2036 536 2070 2.
570 2036 664 2070 Vrat.
687 2037 730 2071 ⁷3.
766 2037 882 2071 Guelf.
912 2035 945 2069 6.
976 2035 1011 2069 9.
1042 2035 1098 2069 ll.
1116 2036 1246 2070 >Ber-ol.
1276 2036 1309 2070 1.
1332 2036 1366 2070 2.
1392 2037 1472 2070 Pur.
1495 2037 1531 2071 b.
1555 2049 1584 2070 c.
1608 2057 1654 2063 —
1680 2039 1729 2072 De

362 2096 569 2141 praepositio
602 2096 638 2128 in
669 2097 786 2130 multis
819 2097 918 2129 codd.
952 2096 1065 2137 deest,
1098 2097 1140 2129 de
1169 2107 1238 2139 qua
1267 2108 1305 2130 re
1329 2097 1537 2130 Gerlachius
1560 2097 1596 2130 in
1620 2099 1729 2132 Com-

363 2159 482 2190 mentt.
510 2167 543 2198 p.
566 2154 646 2189 331.
696 2155 852 2199 ‚‚Lectio,
875 2155 997 2199 inquit,
1021 2156 1116 2189 haud
1139 2157 1396 2200 contemnenda,
1425 2168 1506 2191 cum
1528 2157 1620 2192 enim
1641 2159 1731 2192 Boc-

364 2217 450 2249 chus
474 2215 578 2249 totius
609 2215 661 2248 rei
693 2215 878 2249 arbitrium
898 2216 1018 2250 Sullae
1040 2216 1263 2260 permitteret,
1287 2215 1537 2250 consultatione
1558 2228 1626 2250 uon
1648 2229 1734 2262 opus

367 2275 446 2309 fuit.
470 2263 578 2319 tiuare
601 2275 659 2309 vix
681 2275 772 2310 mihi
794 2280 968 2320 tempero,
994 2276 1075 2319 quin
1098 2279 1131 2310 et
1152 2276 1228 2320 ipse
1250 2276 1538 2320 praepositionem
1560 2277 1733 2312 deleam.“

368 2336 438 2369 Sed
460 2335 550 2369 nihil
573 2335 638 2369 isto
659 2336 788 2370 iudicio
812 2335 1020 2381 perversius.
1064 2335 1154 2370 Nam
1177 2347 1283 2380 quum
1314 2335 1372 2370 vix
1398 2336 1542 2372 dubium
1565 2337 1628 2379 sit,
1652 2337 1749 2382 quius

368 2395 505 2430 librarii
528 2395 816 2439 praepositionem
842 2397 1039 2439 omiserint,
1070 2397 1154 2440 quia
1177 2397 1348 2430 consulere
1370 2399 1528 2440 putarent
1548 2395 1640 2430 idem
1662 2408 1738 2431 esse

372 2459 475 2499 atque
504 2457 718 2500 prospicere,
749 2467 819 2499 qua
853 2457 890 2490 vi
919 2458 1066 2491 verbum
1098 2457 1255 2491 dativum
1278 2456 1392 2501 regit,
1414 2456 1482 2489 hac
1503 2456 1579 2499 ipsa
1600 2467 1639 2489 re
1664 2456 1736 2491 iam

371 2516 521 2550 concidit
552 2515 730 2549 Gerlachii
759 2526 916 2552 acumen.
970 2518 1155 2552 Praeterea
1185 2517 1277 2550 falsu
1305 2516 1479 2551 arbitratu
1502 2515 1662 2550 vocabuli
1683 2516 1737 2550 in·-

372 2575 615 2619 terpretutione
656 2581 832 2620 permotus
870 2580 938 2619 est,
979 2580 1016 2611 ut
1055 2580 1220 2611 statueret
1252 2576 1500 2610 consultatione
1533 2587 1601 2610 non
1631 2575 1738 2610 fuisso

374 2648 473 2680 opus,
498 2636 598 2680 quasi
619 2647 702 2670 vero
726 2636 885 2672 Bocchus
907 2632 1043 2671 Sullam
1067 2636 1254 2678 acciverit,
1281 2640 1320 2670 ut
1341 2636 1484 2680 imperia
1508 2635 1580 2670 eius
1603 2635 1738 2679 accipe-

373 2699 435 2730 ret.
481 2697 671 2731 Verborum
707 2697 802 2730 cuius
835 2697 1072 2731 arbitratu
1095 2715 1140 2723 -—·
1171 2697 1399 2731 consuleretur
1429 2707 1548 2731 sensus
1576 2698 1646 2742 esti
1677 2695 1739 2728 der
