1826 3276
382 182 439 220 60
745 179 792 222 G.
822 176 1141 219 SALLUSTI
1173 178 1386 220 CRISPI

350 292 470 334 7mis
506 292 626 335 annis
664 291 946 350 adoptatione
987 290 1031 332 in
1065 305 1255 349 regnum
1296 293 1573 350 pervenisseg
1619 293 1740 351 quod

384 386 567 429 verbum
598 385 640 427 in
681 389 837 444 pectus
877 382 1116 442 Iugurthae
1154 384 1303 439 altius,
1347 401 1479 443 quam
1510 386 1739 444 quisquam

348 485 502 522 Status
540 485 654 531 erat,
701 477 939 520 descendit.
1008 476 1164 534 Itaque
1203 493 1257 520 ex
1294 493 1348 522 eo
1373 485 1575 538 tempore
1602 479 1666 523 ira
1698 487 1741 525 et

383 578 501 616 metu
532 571 683 614 anxius
714 570 880 626 moliri,
915 586 1075 630 parare
1105 577 1238 630 atque
1268 588 1320 616 ea
1346 573 1485 617 modo
1516 588 1616 617 cum
1644 575 1738 618 ani-

378 680 452 709 mo
479 665 670 722 habere,
716 665 872 723 quibus
904 666 1137 726 Hiempsal
1178 682 1262 726 per
1303 667 1454 712 dolum
1493 675 1739 728 caperetur.

372 855 501 898 ptione,
525 853 560 886 in
584 852 722 886 relicuis
747 853 843 886 codd.
869 853 1071 896 conspicua,
1096 854 1156 887 sed
1177 863 1288 896 neque
1310 854 1354 887 ab
1377 854 1540 899 analogia
1563 866 1672 898 neque
1693 855 1738 889 ab

374 925 440 947 usu
459 916 653 956 suspectum
677 915 741 948 est.
767 912 813 948 ct.
836 912 907 948 Cic.
931 913 1056 948 Tusce.
1079 913 1108 956 1,
1135 912 1193 953 14,
1214 911 1271 945 31.
1303 912 1365 946 uhi
1389 913 1534 948 Wollius
1554 918 1590 949 et
1619 915 1738 948 Kueh-

371 984 473 1006 nei-us
497 976 680 1015 praeeunte
703 971 848 1006 Davisio
879 972 1087 1016 scripserunt
1109 971 1346 1017 adoptationes
1365 973 1525 1013 filiorum.
1550 974 1642 1010 Gen.
1663 974 1737 1009 NN.

371 1033 445 1067 AA.
470 1033 498 1064 V
535 1030 589 1065 19.

462 1057 551 1134 §.⁹1
597 1096 695 1125 ratus
719 1091 809 1135 erat]
835 1093 944 1134 Erat,
968 1091 1061 1135 quod
1084 1091 1222 1125 eortius
1244 1090 1339 1124 nullo
1362 1100 1404 1124 ex
1431 1090 1503 1124 suis
1525 1091 1620 1125 codd.
1644 1091 1739 1126 nisus

369 1152 490 1193 eiecit,
521 1162 602 1185 sane
625 1162 693 1184 non
717 1155 893 1194 comparet
915 1151 952 1184 in
974 1151 1084 1184 Palat.
1107 1149 1141 1184 8.
1172 1150 1282 1184 tribus
1298 1149 1428 1184 Wassii
1449 1154 1484 1185 et
1507 1151 1583 1185 vat.
1603 1150 1640 1185 6.
1683 1152 1737 1185 Ad

367 1213 437 1246 hoc
460 1212 536 1246 Vat.
558 1210 591 1244 4.
613 1210 760 1244 ostendit
784 1222 883 1244 esse
905 1216 1025 1252 ratus,
1057 1209 1148 1253 quod
1172 1209 1360 1244 Gerlachio
1387 1209 1472 1244 satis
1498 1209 1567 1243 fuit
1590 1210 1636 1244 ad
1658 1220 1738 1243 ver-

367 1273 451 1305 bum
473 1271 510 1304 in
533 1271 736 1304 Commentt.
760 1282 793 1313 p.
817 1269 896 1304 229.
920 1270 1207 1314 improbandum,
1232 1280 1442 1313 quamquam
1459 1270 1495 1303 in
1517 1273 1662 1313 utraque
1683 1270 1736 1303 ed.

366 1331 519 1366 retinuit.
565 1330 634 1364 Sed
660 1330 690 1363 si
704 1327 794 1373 'quid
816 1330 910 1363 valet
931 1330 1142 1363 relicum-um
1165 1329 1337 1362 librorum
1359 1329 1555 1370 auctoritas,
1577 1329 1736 1372 equidem

367 1404 430 1425 cur
463 1390 655 1425 orationem
686 1389 813 1423 omisso
844 1390 950 1422 verbo
974 1388 1176 1432 impeditam
1200 1388 1384 1422 reddamus
1404 1399 1472 1421 non
1495 1388 1605 1423 video.
1627 1408 1673 1414 —
1694 1390 1735 1422 In

364 1457 486 1497 pectus
506 1451 557 1484 de
570 1449 784 1488 scendit3
806 1448 851 1480 cf.
877 1448 955 1482 Liv.
979 1449 1039 1489 111,
1063 1448 1121 1490 52,
1145 1448 1178 1482 2.
1228 1449 1308 1482 Non
1322 1449 1418 1492 prius
1434 1459 1551 1481 curam
1575 1449 1620 1482 in
1641 1449 1733 1482 ani-

365 1522 455 1545 mos
483 1515 624 1554 patrum
655 1509 756 1541 desc
769 1519 988 1541 ensuram.
1021 1507 1139 1541 Senec.
1170 1508 1356 1542 Controvxr.
1391 1508 1418 1541 1.
1452 1508 1568 1541 Praef.
1618 1508 1732 1550 Quae-

364 1583 495 1616 cunque
518 1572 563 1604 in
585 1569 780 1603 animum
804 1568 875 1601 eius
892 1568 997 1601 semel
1020 1568 1366 1610 descenderant,
1389 1569 1425 1600 in
1446 1571 1605 1610 promptu
1621 1572 1731 1601 erant.

455 1648 488 1688 §-
509 1644 543 1679 8.
589 1654 664 1676 cnm
697 1643 810 1676 animo
833 1643 973 1686 habere]
1006 1643 1089 1676 Cum
1117 1643 1282 1686 plurimi,
1314 1642 1350 1676 in
1373 1641 1485 1684 iisque
1505 1640 1628 1683 optimi
1651 1640 1733 1675 libri

361 1706 513 1746 habent3
543 1702 647 1748 pauci
677 1702 752 1735 eius
786 1703 864 1734 loco
894 1703 931 1735 in
954 1702 1154 1743 ostendunt,
1189 1703 1303 1736 Palat.
1326 1712 1408 1735 vero
1429 1701 1463 1734 5.
1487 1701 1543 1735 lo.
1566 1702 1671 1735 Fabr.
1694 1702 1730 1737 2.

363 1765 482 1799 Guelf.
507 1764 540 1797 1.
563 1763 596 1799 5.
621 1763 654 1796 6.
679 1762 736 1797 11.
761 1765 919 1795 neutram
943 1761 1231 1804 praepositionem
1256 1763 1463 1806 agnoscunt,
1496 1771 1621 1804 eosque
1646 1761 1731 1795 Cor-

361 1825 431 1859 tius
461 1825 598 1858 secutus
629 1825 692 1856 est.
738 1821 789 1855 Ac
819 1822 910 1865 quod
949 1821 1009 1854 ille
1040 1821 1124 1854 dicit
1156 1821 1267 1854 multo
1299 1820 1458 1854 usitatius
1493 1831 1567 1854 esse
1598 1821 1730 1866 aliquid

361 1885 509 1919 animo
543 1883 733 1924 habere,
765 1893 888 1915 verum
923 1881 1061 1924 quidem
1084 1884 1134 1914 est
1156 1879 1342 1922 multisque
1365 1879 1529 1923 exemplis
1549 1890 1572 1914 a
1594 1881 1729 1915 Grono—

360 1945 419 1978 vio
443 1947 476 1977 et
500 1942 764 1976 Drakenborch.
800 1942 844 1975 ad
878 1940 955 1974 Liv.
986 1941 1106 1981 XLIV,
1132 1941 1190 1980 25,
1214 1939 1247 1973 1.
1281 1939 1564 1982 comprobatum,
1595 1940 1655 1973 ned
1677 1943 1727 1974 ta-

359 2015 439 2038 men
473 2014 540 2036 non
575 2005 627 2035 est
657 2002 748 2044 quod
778 2012 853 2035 cnm
885 2001 1011 2034 falsum
1043 2004 1216 2044 putemus.
1262 1999 1351 2035 Nam
1383 1999 1427 2034 ad
1458 1999 1672 2034 deliberandi
1693 2003 1728 2034 et

359 2064 502 2099 consilia
532 2063 690 2096 volvendi
726 2061 904 2095 notionem
946 2059 1213 2104 significandam
1254 2059 1356 2093 valde
1395 2063 1511 2102 aptam
1547 2069 1619 2092 esse
1651 2071 1727 2092 cum

358 2123 646 2169 praepositionem
670 2122 706 2154 in
728 2123 890 2164 promptu
912 2123 984 2160 est,
1008 2119 1182 2162 similique
1204 2119 1308 2152 modo
1323 2118 1410 2152 dixit
1431 2118 1545 2153 Plaut.
1568 2117 1726 2153 Trinum.

359 2185 406 2227 ΙΙ,
422 2184 457 2226 1,
474 2183 531 2217 24.
555 2179 630 2225 (34.
649 2181 701 2214 ed.
731 2179 875 2223 Herm.)
922 2179 1020 2213 Haec
1039 2190 1104 2223 ego
1129 2190 1228 2223 quom
1252 2179 1382 2223 agito
1405 2189 1498 2211 cum
1519 2189 1610 2212 meo
1633 2179 1726 2212 ani-

358 2256 424 2278 mo
458 2248 492 2277 et
521 2243 643 2276 recolo.
686 2241 739 2274 Ad
772 2239 917 2273 eandem
947 2239 1146 2284 analogiam
1178 2239 1305 2273 dictum
1338 2249 1413 2272 esse
1443 2237 1536 2281 apud
1563 2237 1724 2272 Nostrum

358 2304 437 2348 lug.
470 2303 601 2344 XCIII,
629 2301 663 2335 l.
721 2299 921 2332 Trahere
963 2309 1054 2331 cum
1095 2298 1244 2332 animo
1284 2299 1495 2333 omitteretne
1536 2298 1723 2342 inceptum,

360 2365 451 2397 recte
472 2361 560 2395 vidit
583 2359 805 2400 Gerlachius3
829 2369 939 2402 neque
978 2358 1159 2392 dissimilia
1182 2362 1259 2394 sunt
1280 2359 1388 2400 hacc,
1418 2359 1497 2403 lug.
1521 2369 1550 2393 c.
1575 2359 1666 2400 XIII,
1690 2359 1722 2393 5.

366 2423 511 2457 Facinus
543 2431 642 2454 suum
677 2431 768 2453 cum
801 2419 946 2452 animo
979 2424 1223 2462 reputans,
1250 2418 1311 2452 ubi
1337 2419 1408 2452 vid.
1437 2418 1723 2461 eort.‚Lxx,5‚

361 2485 446 2516 extr.
493 2480 639 2514 Proinde
661 2483 909 2522 reputaret
940 2490 1032 2512 cum
1055 2480 1203 2512 animo
1225 2490 1295 2512 suo.
1320 2478 1490 2520 LXXXV,
1505 2478 1560 2512 lo.
1605 2479 1723 2522 Repu-

360 2548 437 2579 tate
471 2550 563 2574 cum
598 2539 761 2572 animis
795 2539 926 2573 vestris.
960 2538 1077 2581 CVIII,
1104 2538 1138 2572 3.
1187 2538 1338 2572 Multum
1367 2549 1461 2571 cum
1489 2538 1637 2571 animo
1660 2549 1722 2573 cuo

360 2603 548 2636 volvere
580 2599 728 2632 solitum.
750 2598 808 2640 Vl,
831 2598 866 2632 2.
912 2599 1027 2633 Multa
1059 2610 1154 2632 cum
1186 2598 1332 2632 animo
1354 2607 1415 2631 ouo
1434 2598 1721 2632 volvebat.-

360 2664 437 2698 Non
451 2664 501 2695 est
515 2663 631 2695 autem
645 2658 829 2702 probabile
851 2669 873 2692 a
894 2659 1047 2694 librariis
1068 2660 1221 2693 additam
1235 2669 1308 2692 esne
1321 2656 1607 2701 praepositionem
1616 2681 1627 2698 ‚
1651 2668 1722 2700 qua

360 2725 494 2759 tantum
518 2721 615 2756 abest
636 2721 674 2753 ut
699 2718 812 2754 oratio
843 2720 887 2754 ad
915 2720 1096 2765 vulgarem
1126 2716 1261 2753 dicendi
1289 2717 1431 2752 modum
1453 2719 1653 2761 revocetur,
1683 2719 1722 2752 ut
