1826 3276
475 169 854 216 IUGURTHA.
914 171 1044 216 cAP.
1071 172 1134 216 X.
1452 177 1510 219 51

111 301 240 334 sume
272 286 450 334 rediens
469 287 711 335 Numantia
739 304 906 350 meque
927 303 1209 351 regnumque
1234 304 1385 336 meum
1406 292 1514 355 glo-v

108 454 203 500 quod
228 455 357 492 batina
386 457 512 503 lingna
533 456 682 503 perfecti
707 456 903 502 participiis
931 458 1074 499 careat,
1096 459 1213 492 tamen
1238 467 1306 491 non
1323 457 1509 503 negligen-

107 515 194 551 dum
212 522 290 552 erat
306 529 374 552 non
396 519 500 563 plane
520 520 571 554 ita
592 520 768 553 defectum
792 518 900 552 istum
926 518 1165 562 compensari,
1187 519 1247 552 sed
1273 518 1404 563 ubique
1426 531 1508 563 pro-

106 577 224 622 priam
247 579 299 613 rei
327 581 479 614 nondum
505 581 688 614 absolutae
711 579 891 613 notionem
915 579 1080 621 retineri,
1116 585 1155 614 ut
1175 590 1243 612 non
1266 582 1338 613 tam
1362 579 1508 623 perfecti
1559 616 1567 619 χ

107 643 172 674 aut
194 640 549 684 plusquamperfecti,
576 651 684 683 quam
715 639 914 684 imperfecti
945 639 1018 674 vim
1045 640 1217 674 eiusmodi
1241 640 1426 683 participia
1448 652 1508 680 su-

106 698 268 736 stineant.
314 701 367 734 Ad
389 712 498 735 unum
515 699 608 735 enim
635 700 756 735 omnia
775 700 940 744 exempla
958 700 1082 735 docent
1100 700 1200 734 verbi
1228 700 1402 735 actionem
1425 713 1510 747 pag·-

106 760 230 806 ticipio
246 765 445 796 contentam
465 773 535 796 non
552 763 754 796 absolutam
776 761 948 807 cogitari,
972 762 1032 794 sed
1060 761 1188 803 talem,
1213 773 1304 805 quae
1331 774 1442 806 usque
1461 763 1508 798 ad

105 822 257 857 alteram
271 847 281 866 ,
306 823 417 857 verbo
439 823 539 858 finito
562 823 802 865 declaratam,
826 822 1000 867 pertineat
1023 833 1066 856 ac
1089 823 1209 864 duret,
1232 823 1268 856 id
1295 824 1390 867 quod
1413 828 1509 859 recte

103 883 283 928 perspexit
300 884 471 919 Pedzon.
495 885 541 919 ad
565 885 686 919 Sanct.
712 885 799 920 Min.
831 885 858 927 1,
885 883 941 918 15.
967 896 1000 928 p.
1027 882 1109 919 155.
1133 884 1190 920 ed.
1216 884 1307 918 Bau.
1338 883 1507 920 Sanctius

102 943 199 978 mim
221 956 331 989 quum
361 949 398 981 et
429 946 543 980 multa
569 945 641 980 alia
664 948 698 987 et
729 945 799 984 hoc
821 944 942 979 Plauti
966 945 1160 980 attulisset:
1195 946 1401 990 Amphitruo
1426 959 1506 982 cum

101 1016 210 1040 uxore
232 1006 335 1041 modo
358 1017 401 1042 ex
423 1007 579 1042 hostibus
602 1007 688 1041 adv
699 1007 863 1041 eniens
885 1007 1101 1052 voluptatem
1125 1008 1243 1052 capit,
1270 1008 1507 1052 explicatione

102 1065 225 1106 addita
248 1066 273 1101 i.
290 1078 322 1102 e.
343 1073 529 1114 postquam
552 1068 716 1110 advenit,
753 1068 957 1102 Perizonius
980 1068 1264 1111 ,‚Aduenientes‚
1294 1069 1428 1114 inquit,
1450 1071 1506 1106 di-

101 1131 228 1163 cuntur
248 1140 319 1163 non
341 1129 397 1164 illi
418 1133 578 1171 tantum,
602 1129 663 1174 qui
686 1129 723 1163 in
747 1129 874 1164 itinere
895 1132 989 1172 sunt,
1011 1130 1072 1164 sed
1095 1133 1131 1164 et
1154 1130 1216 1174 qui
1239 1131 1312 1165 iam
1335 1143 1506 1176 pervene-

100 1194 186 1226 runt
212 1190 251 1226 in
285 1191 404 1226 locum
428 1191 472 1227 ad
495 1203 602 1236 quem
625 1192 832 1233 tendebant,
866 1194 902 1226 et
931 1191 1077 1236 speciem
1103 1192 1364 1227 advenientium
1388 1193 1505 1228 adhuc

99 1253 264 1287 retinent.
310 1253 363 1287 Eo
387 1265 497 1298 usque
518 1252 612 1288 enim
627 1264 665 1287 se
688 1253 841 1287 extendit
864 1251 1071 1287 adveniendi
1085 1253 1338 1299 significatio.“
1386 1255 1506 1299 Quare

99 1314 414 1359 apud-Horatium
435 1315 461 1348 1.
485 1315 510 1349 1.
551 1315 670 1348 Rubos
692 1315 786 1358 fessi
814 1314 1056 1359 pervenimus,
1079 1319 1198 1358 utpote
1223 1315 1366 1360 longum
1401 1327 1505 1350 car-

96 1380 263 1422 pentes
285 1377 354 1412 iter
371 1387 442 1410 nou
465 1379 518 1411 est
538 1376 561 1410 i.
582 1388 615 1421 q.
641 1374 867 1410 Heindortius
893 1375 966 1409 vult
989 1375 1130 1417 emensi,
1149 1386 1232 1410 nam
1250 1377 1420 1422 carpendi
1442 1378 1505 1412 iti-

99 1438 195 1472 neris
214 1437 313 1473 notio
335 1449 404 1472 non
427 1441 594 1482 tanquam
619 1447 827 1482 praegressa
850 1436 1039 1482 cogitatur,
1066 1437 1127 1471 sed
1146 1437 1373 1472 continuatur
1395 1449 1506 1484 usqne

99 1498 146 1534 ad
167 1497 286 1542 ipsum
307 1499 511 1534 adventum.
557 1499 612 1533 Ad
646 1504 805 1533 nostram
838 1499 1107 1543 explicationem
1130 1499 1237 1534 huius
1257 1499 1394 1533 dicendi
1418 1511 1505 1535 usus

98 1559 349 1594 stabiliendam
371 1559 510 1606 insigne
533 1565 585 1595 est
607 1561 808 1604 exemplum
832 1571 855 1595 a
878 1561 1120 1595 Ramshornio
1143 1561 1169 1595 l.
1190 1561 1215 1597 1.
1239 1561 1413 1603 allatum,
1435 1561 1503 1597 Va-

98 1621 165 1657 lor.
182 1622 280 1656 Max.
300 1622 341 1664 V,
355 1623 391 1666 2,
409 1621 445 1657 8.
493 1622 533 1656 C.
562 1622 699 1657 Murius
723 1624 814 1657 duas
835 1623 1051 1658 Camertium
1075 1622 1232 1657 cohortes
1255 1622 1348 1657 mira
1372 1623 1504 1659 virtute

99 1682 172 1716 vim
196 1682 412 1717 Cimbrorum
435 1683 748 1727 sustinentes,
783 1685 832 1718 in
865 1684 970 1728 ipsa
999 1684 1108 1718 acie
1131 1684 1342 1719 civitate
1367 1685 1503 1720 donn·
1521 1696 1530 1699 ”

98 1743 187 1786 vit,
223 1743 284 1779 nbi
319 1743 440 1779 addita
463 1743 573 1778 verba
602 1743 650 1777 in
679 1746 693 1778 i
699 1756 783 1790 psa
815 1746 916 1780 acie
936 1745 1133 1780 clarissime
1155 1746 1341 1781 ostendunt
1363 1757 1504 1782 sensum

98 1815 168 1839 non
191 1816 270 1840 esse
291 1817 422 1852 quum
456 1805 818 1848 sustinuissent,
849 1800 910 1840 sed
943 1817 1072 1852 quum
1098 1806 1342 1841 etiamtum
1365 1808 1504 1843 susti-

97 1872 275 1903 nerent.
319 1867 436 1912 Igitur
474 1867 568 1911 apud
603 1866 690 1902 Sall.
719 1868 859 1903 rediens
882 1878 953 1902 non
981 1871 1034 1902 est
1065 1872 1144 1912 post
1172 1868 1345 1910 reditum,
1369 1869 1431 1903 sed
1454 1869 1503 1904 si-

97 1928 171 1962 mul
191 1939 268 1963 cum
291 1930 366 1974 ipso
388 1930 525 1973 reditu,
550 1940 654 1974 quum
669 1928 814 1965 redires.
836 1929 883 1963 cl’.
910 1929 1001 1963 Vell.
1018 1929 1063 1973 11,
1087 1927 1145 1970 72,
1161 1926 1196 1962 4.
1244 1929 1383 1964 Statius
1403 1929 1502 1964 Mur-

97 1999 158 2024 cus
180 1990 275 2024 Sext.
301 1989 527 2036 Pompeium,
559 1991 620 2036 qui
644 2002 685 2024 ea:
720 1990 898 2035 Hispania
932 1995 1181 2025 revertens
1207 1988 1367 2023 Siciliam
1393 1991 1503 2025 armis

96 2056 349 2095 occupaverat,
368 2054 471 2097 petit.
490 2064 559 2097 quo
579 2051 802 2098 significatur
825 2063 906 2086 cum
922 2052 998 2095 ipso
1015 2051 1130 2085 reditu
1147 2050 1368 2086 coniunctam
1392 2052 1503 2087 fuisse
1544 2083 1547 2085 .

97 2111 244 2148 Siciliae
265 2113 543 2158 occupationem.
569 2113 642 2150 Cic.
666 2114 776 2148 Tusc.
798 2115 842 2157 11,
867 2113 926 2156 25,
942 2113 1001 2148 61.
1052 2113 1196 2147 Solebat
1220 2123 1372 2147 narrare
1399 2113 1500 2148 Pom-

92 2173 218 2219 peius,
243 2184 302 2217 se,
323 2187 430 2220 quum
454 2176 617 2210 Rhodum
640 2177 793 2211 venisset
815 2176 1042 2210 decedens
1066 2186 1108 2208 ex
1131 2173 1258 2218 Syria,
1285 2163 1411 2209 audire
1435 2187 1499 2209 vo-

96 2234 204 2270 luisse
228 2235 446 2271 Posidonium
456 2249 470 2278 3
492 2237 651 2271 decessus
667 2240 788 2271 autem
804 2248 873 2271 non
896 2240 1032 2271 constat
1048 2236 1123 2280 ipso
1137 2234 1289 2270 abeundi
1307 2239 1499 2278 momento,

95 2295 156 2330 sed
185 2299 261 2331 toto
293 2296 417 2332 itinere
438 2310 479 2332 ex
503 2298 612 2343 Syria
644 2299 814 2332 Romam-
832 2299 936 2332 facto.
963 2297 1041 2332 [aiv.
1068 2298 1164 2340 XXI,
1188 2296 1247 2337 32,
1263 2295 1298 2329 2.
1351 2297 1387 2331 Ρ.
1414 2297 1497 2331 Cor-

47 2387 50 2389 .
94 2357 207 2392 nelius
223 2358 273 2392 cd
289 2367 388 2392 mare
407 2370 449 2392 ac
467 2370 575 2394 naves
595 2360 715 2403 rediit,
739 2360 853 2394 tutius
869 2360 1086 2404 faciliusque
1110 2359 1134 2393 d
1145 2370 1163 2393 e
1173 2370 1190 2392 s
1200 2371 1216 2392 c
1228 2358 1312 2392 end
1324 2369 1374 2391 en
1385 2359 1426 2393 ti
1450 2359 1496 2394 ab

95 2418 244 2464 Alpibus
267 2418 464 2454 Hannibali
485 2431 699 2464 occursurus,
724 2420 747 2454 i.
767 2432 798 2454 e.
822 2420 951 2464 inipso
975 2420 1011 2454 in
1034 2419 1162 2454 Italiae
1184 2420 1292 2462 plana
1315 2419 1495 2456 descensu.

0 2839 21 3015 '‘1237‘'
16 2789 18 2791 ,

94 2479 213 2515 Tacit.
237 2480 355 2526 Agric.
380 2492 412 2518 c.
435 2481 497 2515 IX.
545 2482 873 2517 Revertentem
898 2483 943 2516 ab
972 2482 1152 2527 legatione
1178 2481 1330 2526 legionis
1354 2482 1395 2516 D.
1428 2483 1496 2516 Ve-

8 2544 39 2582 32
94 2541 278 2586 spasianus
299 2542 394 2576 inter
419 2542 588 2578 Patricius
610 2543 744 2579 ascivit.
762 2562 809 2568 --
838 2531 978 2588 Meque
1000 2554 1241 2587 regnumque.
1268 2543 1317 2576 cf.
1341 2543 1416 2578 Cat.
1430 2545 1496 2587 IX,

10 2610 22 2654 ζ
92 2599 130 2636 3.
152 2602 314 2647 XXXVI,
338 2602 374 2637 4.
406 2605 484 2650 Ing.
519 2604 623 2646 XXI,
656 2603 690 2637 4.
725 2604 884 2638 LXXIX.
907 2604 942 2638 9.
976 2604 1150 2647 LXXXV,
1174 2604 1231 2639 36.
1259 2605 1378 2639 Tacit.
1404 2606 1494 2640 Ann.

91 2662 193 2706 11,8.‚
209 2675 302 2708 quae
324 2669 447 2699 notare
466 2676 535 2699 non
563 2676 654 2709 opus
674 2665 861 2706 duxissem,
881 2665 949 2700 nisi
973 2665 1129 2699 viderem
1145 2666 1349 2711 zmnptium
1369 2669 1495 2703 Gram.

34 2729 37 2731 ’
92 2723 171 2759 [nt.
201 2727 235 2767 ἓ.
259 2725 317 2759 67.
346 2727 380 2760 l.
409 2731 479 2760 not.
509 2738 542 2771 p.
565 2725 648 2761 2²5.
681 2727 736 2760 ed.
771 2727 830 2760 lv.
859 2727 953 2760 hunc
979 2739 1045 2772 que
1069 2727 1267 2771 particulae
1290 2729 1494 2774 geminatae
1543 2745 1550 2753 ·

91 2795 195 2821 uuum
216 2787 333 2832 poetis
366 2791 502 2822 tantum
526 2789 702 2832 tribuere,
728 2788 821 2832 quod
847 2788 953 2823 etiam
978 2789 1165 2823 IValchius
1189 2791 1232 2823 ad
1257 2790 1345 2826 Tac.
1372 2790 1491 2836 Agris.

1124 2861 1213 2905 4*
