1826 3276
365 167 738 213 IUGURTHA.
796 166 922 211 GAP.
946 166 1177 210 LXXXV.
1398 173 1484 214 449

91 293 193 344 net,
236 293 383 332 sumat
416 287 613 347 aliquem
651 299 708 331 ex
740 284 917 346 populo
951 285 1218 330 monitorem
1244 284 1368 330 offici
1404 286 1483 331 sui.

89 384 158 428 Ita
209 385 478 445 plerumque
504 442 506 445 r
530 383 702 440 evenit,
751 388 801 426 ut
847 397 984 440 quem
1030 398 1110 428 vos
1161 384 1484 443 imperatorem
1499 388 1548 426 11

89 482 293 540 iussistis,
339 483 375 526 is
410 482 496 526 sibi
530 482 853 541 imperatorem
888 479 1024 524 alium
1060 486 1262 539 quaerat.
1331 481 1483 541 Atque
1498 483 1551 523 12

89 594 181 640 ego
225 579 342 636 scio,
396 578 617 635 Quirites,
674 577 773 636 qui,
804 570 1064 636 ¹postquam
1121 578 1326 622 consules
1377 578 1484 623 facti

88 680 204 732 sunt,
239 681 342 720 acta
369 675 592 720 maiorum
623 679 669 718 et
700 673 981 718 Graecorum
1006 674 1214 718 militaria
1233 682 1486 737 praecepta

83 819 114 862 1,
136 818 172 856 1.
194 831 231 864 p.
255 818 314 855 ιο.
348 818 438 855 sau.
464 818 570 855 catil.
593 817 793 861 xxxvm,
817 817 852 852 3.
875 817 1117 864 lug.xxv11‚
1140 818 1175 853 2.
1200 819 1312 860 xxx,
1333 819 1367 855 3.
1393 821 1484 864 xci,

83 879 119 916 5.
142 880 270 923 xmu,
293 881 327 916 1.
349 899 396 906 -—
426 881 490 916 Sui
522 883 601 925 post
623 879 717 923 offici
740 879 907 914 omissum
931 891 954 914 a
978 879 1120 921 nortio,
1154 892 1263 924 quum
1286 881 1322 916 in
1347 881 1424 917 Vin.
1447 882 1483 920 1.

83 941 193 984 desit,
223 945 259 977 et
289 941 326 977 in
357 942 481 987 paucis
512 941 614 976 libris
646 944 729 975 ante
759 941 854 984 offici
888 941 1039 986 legatur.
1089 941 1159 975 Sed
1191 952 1234 976 ea
1267 954 1391 978 caussa
1414 955 1484 978 non

81 1001 215 1038 sufficit
236 1002 280 1038 ad
303 1012 496 1047 pronomen
519 1001 724 1045 delendum,
758 1002 851 1045 quod
882 1013 952 1037 non
976 1003 1081 1047 plane
1103 1002 1255 1037 otiosum
1279 1008 1343 1038 est.
1390 1004 1484 1039 Nam

81 1062 144 1108 qui
169 1063 252 1098 aliis
273 1058 451 1098 moderari
481 1063 576 1103 vult,
610 1074 691 1097 eum
726 1066 808 1098 ante
847 1064 968 1099 omnia
996 1075 1098 1099 nosse
1131 1064 1230 1099 decet
1255 1064 1340 1108 quid
1362 1066 1418 1100 sui
1440 1065 1486 1102 sit

16 1135 22 1143 ’
81 1123 206 1160 officii.

173 1188 206 1229 §.
229 1184 288 1220 11.
335 1185 580 1232 imperatorem
603 1185 775 1231 iussistis]
810 1186 851 1220 In
877 1185 1056 1230 plerisque
1079 1186 1180 1222 codd.
1206 1189 1241 1221 et
1264 1186 1342 1221 edd.
1368 1187 1483 1223 omni-

81 1246 148 1281 bus
170 1249 222 1282 est
248 1246 338 1291 imp
352 1257 485 1281 erare
516 1243 686 1291 iussistis,
710 1258 818 1292 quam
839 1248 1029 1282 lectionem
1052 1252 1092 1282 ut
1116 1248 1381 1292 repudiaremus
1403 1261 1484 1294 per-

16 1345 19 1353 ,
82 1307 196 1342 movit
225 1318 288 1342 nos
318 1310 353 1342 et
383 1307 574 1342 auctoritas
606 1308 683 1342 cod.
708 1308 944 1352 antiquissimi
968 1309 1046 1363 Vat.
1070 1310 1125 1353 A„
1150 1321 1305 1354 quocum
1331 1321 1483 1344 consen-

82 1368 173 1404 tiunt
193 1368 342 1403 Barber.
367 1366 402 1402 2.
425 1367 462 1402 5.
487 1367 564 1405 Vin.
590 1368 624 1403 1.
658 1371 694 1403 et
716 1369 902 1414 Eichhof.,
934 1372 968 1403 et
1001 1369 1077 1413 ipsa
1115 1369 1310 1414 scripturae
1331 1371 1403 1405 huc
1427 1383 1484 1406 us-

79 1441 149 1475 qne
178 1429 360 1476 neglectae
390 1429 620 1473 praestantia.
674 1429 830 1475 Vulgata
865 1429 960 1464 enim
990 1441 1206 1475 quamquam
1236 1432 1323 1466 ferri
1353 1436 1483 1476 potest,

79 1494 199 1526 tamen
227 1489 346 1525 irrisio
379 1488 576 1531 nobilium,
610 1501 716 1534 quam
752 1490 891 1535 quaerit
921 1491 1058 1526 Marius
1073 1518 1085 1535 ‚
1118 1492 1300 1536 aliquanto
1323 1493 1485 1528 acerbior

80 1550 217 1586 exsistit
237 1549 379 1586 variata
402 1549 499 1584 vocis
523 1550 714 1595 imperator
735 1551 917 1587 sententia.
965 1553 1155 1588 Praeterea
1177 1552 1286 1588 etiam
1307 1555 1485 1587 structura

80 1611 163 1648 talis
184 1614 256 1656 est,
288 1614 328 1645 ut
355 1610 495 1645 facilius
517 1611 639 1645 credas
663 1612 798 1647 scribas
828 1613 1068 1647 accusativum
1091 1618 1248 1648 mutasse
1275 1613 1313 1647 in
1338 1612 1482 1648 infiniti-

51 1670 53 1672 ’
80 1684 190 1716 vum,
212 1671 372 1718 legitime
395 1682 439 1706 ex
463 1671 570 1706 verbo
594 1672 711 1706 iubere
735 1673 959 1717 pendentem,
984 1684 1091 1717 quam
1115 1678 1247 1710 contra.
1295 1675 1349 1708 Ex
1372 1685 1482 1709 anno-

81 1734 165 1770 tatis
188 1734 234 1770 ad
256 1745 287 1768 c.
311 1731 502 1776 LXXXIV,
527 1732 561 1766 1.
590 1734 724 1777 patebit
756 1738 875 1769 autem
908 1734 1026 1769 iubere
1062 1745 1143 1769 cum
1177 1735 1251 1770 solo
1283 1735 1483 1770 accusativo

81 1795 308 1830 coniunctum
337 1792 434 1828 idem
467 1804 544 1828 esse
577 1797 683 1838 atque
712 1795 897 1830 declarare
925 1795 984 1830 vel
1016 1796 1248 1837 constituere‚·
1280 1796 1326 1830 cl’.
1351 1795 1428 1830 Liv.
1453 1797 1484 1839 Ι,

81 1855 152 1898 17,
188 1856 225 1890 9.
275 1855 388 1898 Quum
419 1855 569 1899 populun
601 1866 756 1902 regem
799 1857 1039 1892 iussisset:
1071 1856 1123 1892 ib.
1156 1856 1285 1900 1‚22‚
1312 1857 1346 1892 1.
1395 1858 1482 1901 Iade

83 1916 224 1951 Tullum
259 1915 450 1950 Hostilium
482 1927 644 1962 regem
674 1918 824 1962 populus
859 1918 1012 1956 iussit.
1044 1919 1107 1962 ΠΙ,
1131 1918 1190 1962 30,
1213 1918 1251 1953 6.
1300 1919 1483 1964 Expressit

81 1977 145 2012 hoc
179 1976 365 2011 necessitas
390 1977 579 2022 patribus;
613 1978 652 2012 id
686 1980 788 2014 modo
813 1990 996 2024 excepere,
1026 1990 1070 2013 ne
1090 1986 1215 2024 postea
1240 1980 1376 2015 eosdem
1400 1981 1483 2015 tri-

82 2032 226 2072 bunos
257 2037 482 2073 iuberent.
505 2059 552 2064 —
587 2039 642 2081 Is,
675 2042 769 2084 quod
792 2040 830 2075 in
861 2041 983 2075 decem
1008 2041 1109 2076 codd.
1135 2042 1250 2084 deest,
1284 2040 1424 2076 Cottius
1448 2044 1483 2076 et

83 2097 295 2135 Gerlachius
324 2097 438 2133 *deleri
470 2098 614 2142 volunt,
645 2114 714 2137 non
746 2103 932 2138 sentientes
967 2113 1178 2146 pronomen,
1213 2103 1307 2148 quod
1330 2104 1482 2138 multum

81 2161 128 2196 ad
150 2159 224 2195 vim
247 2159 418 2195 orationis
441 2160 600 2194 conferre
623 2160 775 2196 diximus
799 2162 845 2196 ad
869 2174 898 2197 c.
923 2163 1050 2206 LXIII,
1073 2163 1120 2208 3.,
1143 2163 1270 2199 ultima
1297 2175 1484 2209 praegres-

82 2231 144 2257 sae
174 2219 270 2255 vocis
302 2221 442 2266 syllaba
473 2220 704 2266 interceptum
736 2234 822 2257 esse.
880 2223 952 2258 Sed
983 2226 1097 2260 multo
1125 2226 1262 2260 maiore
1291 2225 1484 2260 sententiae

85 2282 292 2317 detrimento
323 2281 463 2317 Cottius
485 2282 553 2316 sibi
583 2283 721 2326 omisit,
757 2296 951 2329 paucorum
983 2286 1090 2331 codd.x
1111 2285 1337 2328 auctoritati,
1361 2285 1422 2329 qui
1444 2285 1483 2320 id

83 2354 154 2379 non
187 2344 344 2385 habent,
376 2343 456 2386 plus
486 2342 578 2378 iusto
609 2342 776 2382 tribuens.
833 2345 1076 2381 Nihilominus
1112 2345 1326 2382 Gerlachins
1357 2346 1394 2381 in
1427 2347 1485 2381 ed.

79 2402 170 2440 'inim
193 2404 228 2439 ei
261 2403 459 2440 assentitur.

174 2467 209 2509 5.
234 2465 291 2500 12.
340 2465 456 2509 Atque
479 2466 571 2510 ego]
596 2467 649 2501 lta
673 2467 882 2503 Gerlachius
905 2470 999 2502 recte
1022 2466 1161 2511 scripsit
1185 2478 1228 2501 ex
1251 2467 1371 2511 paucis
1395 2468 1482 2503 Cor-

86 2525 128 2562 tii
153 2526 278 2569 libris,
310 2525 433 2562 Leidd.
473 2526 518 2560 G.
542 2526 590 2561 H.
622 2527 650 2561 1.
677 2528 723 2563 Κ.
753 2530 794 2566 1..
826 2530 878 2564 M.
912 2529 1025 2565 Paris.
1050 2541 1083 2565 a.
1108 2530 1143 2565 b.
1166 2541 1197 2562 c.
1222 2540 1253 2564 e.
1288 2530 1363 2564 Erl.
1395 2531 1481 2565 Bas.

87 2586 122 2621 l.
145 2586 179 2622 ἃ.
226 2587 342 2632 Vulgo
370 2586 541 2621 edebatur
574 2589 621 2623 At
645 2600 736 2635 ego,
774 2591 867 2635 quod
900 2591 1041 2626 Cottius
1075 2590 1224 2635 pessime
1256 2591 1414 2635 corrupit
1445 2591 1483 2625 in

87 2658 129 2685 ae
153 2658 240 2693 ego,
274 2647 463 2682 immemor
487 2648 601 2693 legis,
641 2662 683 2683 ac
707 2662 776 2684 non
800 2652 883 2696 poni
908 2656 988 2687 ante
1012 2653 1189 2694 vocalem,
1223 2663 1350 2697 quam,
1375 2663 1484 2695 quum

10 2703 16 2708 ’
87 2707 344 2744 Ramehorniua
373 2708 411 2743 in
450 2709 610 2744 Gramm.
644 2711 723 2746 Lat.
754 2714 788 2754 §-
812 2713 892 2748 179.
929 2726 966 2758 p.
989 2712 1071 2748 515.
1105 2716 1238 2748 temere
1268 2712 1485 2747 labefactare

88 2771 234 2805 comus
256 2773 366 2814 esset,
397 2772 548 2818 egregie*
567 2773 740 2809 stabilivit
764 2774 843 2810 Car.
867 2775 978 2810 Henr.
1001 2774 1230 2810 Frotscherus
1254 2772 1291 2809 in
1322 2773 1485 2809 Excursu

157 2841 213 2888 fl.
1138 2845 1205 2890 29
