1826 3276
420 170 782 225 IUGURTHA.
842 173 968 219 CAP.
999 173 1205 217 LXXIX.
1431 179 1516 219 413

261 289 469 336 LXXIX.
551 290 647 335 Sed
705 290 918 349 quoniam
966 291 1012 334 in
1056 290 1139 337 has
1183 291 1392 352 regiones
1428 307 1514 353 per

125 388 469 449 Leptitanorum
504 388 689 448 negotia
722 386 948 443 venimus,
988 402 1079 432 non
1113 382 1361 448 indignum*
1383 388 1512 443 vide-

121 491 194 530 tur
223 485 460 547 egregium
486 490 621 544 atque
648 484 850 528 mirabile
886 483 1056 529 facinus
1092 484 1285 530 duorum
1321 472 1512 537 Car'tha-

121 583 387 644 giniensium
422 596 696 636 memorare;
731 596 830 625 eam
867 595 964 626 rem
999 596 1079 626 nos
1112 582 1238 626 locus
1269 582 1510 629 admonuit.

121 652 226 736 Qua
258 651 525 740 tempestato
562 677 954 738 Carthaginienses
979 677 1204 738 pleraque
1239 680 1394 725 Africa
1421 681 1544 726 iux-2

119 776 400 838 pei-itabant,
452 775 736 836 Cyrenenses
784 789 967 833 quoque
1010 777 1163 836 magni
1208 783 1345 836 atque
1389 794 1508 840 opu-

117 875 224 919 lenti
264 873 405 919 fuere.
475 872 604 934 Ager
647 872 693 917 in
738 871 891 917 medio
928 887 1166 930 arenosus,
1211 890 1299 918 una
1334 877 1547 936 specie33

76 1044 80 1047 ,
114 1020 204 1055 gum
231 1009 447 1055 patriarum,
479 1009 540 1044 sed
562 1010 659 1054 leges
681 1009 823 1044 omnino
846 1008 1051 1051 retinuisse,
1081 1021 1191 1054 quum
1222 1009 1338 1046 alieno
1361 1011 1510 1057 imperio

113 1082 294 1115 nunquam
324 1073 502 1115 parereut3
541 1069 646 1114 idque
678 1070 888 1105 Sallustium
912 1070 1030 1104 dicere
1065 1070 1221 1105 voluisse
1244 1073 1425 1115 sequentia
1447 1075 1508 1109 de-

104 1130 258 1168 -cimnt,
306 1133 444 1168 Cultum
477 1134 597 1166 autem
627 1130 652 1167 i.
675 1142 706 1166 e.
730 1131 933 1167 universam
957 1135 1119 1166 externae
1154 1131 1246 1166 vitae
1268 1133 1441 1169 rationem
1465 1147 1508 1170 ex

113 1192 234 1237 aliqua
257 1197 357 1237 parte
387 1192 616 1227 immutatum
638 1192 747 1228 fuisse
768 1203 838 1228 non
863 1197 917 1228 est
937 1192 1068 1227 mirum
1082 1217 1094 1236 ,
1129 1205 1240 1237 quum
1267 1195 1337 1230 hae
1359 1207 1415 1230 res
1437 1208 1508 1231 non

114 1253 218 1289 unice
247 1265 292 1288 ex
313 1253 472 1289 moribus
497 1256 533 1288 et
565 1252 751 1296 institutis,
792 1254 852 1288 sed
883 1254 991 1289 etiam
1024 1266 1068 1290 ex
1101 1255 1179 1290 loco
1213 1259 1320 1299 atque
1351 1245 1508 1301 tempora

114 1315 298 1360 pudeant.
316 1334 360 1342 --
385 1315 550 1350 Procul
577 1315 622 1350 ab
647 1315 793 1359 imperio
816 1315 914 1360 regis
938 1314 962 1348 i.
999 1325 1029 1349 e.
1051 1315 1198 1360 regibus
1221 1328 1400 1362 nunquam
1423 1319 1507 1353 sub-

111 1375 206 1411 iecti.
252 1377 333 1412 1100
355 1379 472 1411 autem
495 1375 671 1421 significat
700 1374 906 1418 Sallustius,
929 1386 1050 1420 reges,
1075 1376 1138 1420 qui
1161 1388 1202 1410 ex
1228 1378 1377 1414 arbitrio
1401 1383 1436 1414 et
1460 1380 1505 1414 li-

111 1436 230 1472 bidine
252 1448 359 1483 agere
379 1437 536 1478 soleant,
559 1435 738 1480 proclives
761 1448 836 1471 esse
857 1437 902 1471 ad
927 1440 1062 1472 veteres
1085 1439 1354 1475 consuetudines
1378 1441 1504 1476 tollen-

113 1497 177 1533 das
193 1499 362 1544 novisque
391 1497 551 1533 moribus
573 1496 776 1532 inducendis
799 1498 892 1533 vitae
915 1498 1202 1542 aequabilitatem
1225 1501 1506 1537 turbandam.—

116 1559 367 1610 Frequentem,
390 1571 440 1594 se.
465 1557 600 1604 oppidis
631 1561 666 1593 et
696 1558 912 1600 cultoribuu
945 1561 991 1594 cf.
1022 1572 1054 1594 c.
1078 1561 1231 1604 xum,
1255 1561 1290 1596 4.
1324 1563 1421 1598 Cart.
1444 1564 1504 1606 ΙΙΙ,

112 1619 148 1665 1,
171 1621 230 1658 11.
276 1621 434 1667 Phrygia
453 1621 608 1665 pluribus
631 1619 730 1661 vicie,
754 1631 859 1665 quam
884 1621 1025 1656 urbibus
1042 1624 1220 1668 frequens.
1240 1641 1285 1650 -—
1300 1624 1354 1658 De
1376 1625 1505 1669 copula

111 1681 205 1717 uasti
225 1682 398 1717 vocabulo
421 1681 543 1717 addita
564 1692 599 1714 v.
624 1679 670 1714 ad
693 1691 724 1714 c.
749 1680 821 1721 cn,
847 1679 906 1715 1⁰.
979 1700 983 1703 -

202 1742 361 1778 LXXIX.
384 1745 416 1786 §-
442 1743 476 1778 1.
523 1741 707 1787 quoniam]
740 1750 774 1773 v.
800 1740 846 1775 ad
869 1752 899 1775 c.
925 1742 991 1785 111,
1012 1743 1047 1785 71.
1073 1764 1118 1770 -
1151 1746 1204 1779 De
1230 1756 1296 1790 per
1325 1747 1505 1791 praeposi-

111 1801 206 1838 tione
227 1813 262 1838 ν.
287 1807 455 1839 annotata
485 1805 530 1838 ad
553 1815 584 1837 c.
607 1802 743 1842 XCIX,
768 1800 802 1836 1.
827 1821 872 1827 —
904 1803 1057 1838 Facinus
1078 1804 1115 1839 in
1139 1805 1340 1840 universum
1374 1812 1427 1842 est
1450 1808 1504 1842 fa·

110 1867 204 1899 otum
227 1865 321 1909 quod
341 1876 412 1900 non
435 1865 510 1900 sine
531 1874 664 1910 magna
685 1861 805 1906 aliqua
828 1863 983 1898 audacia
1005 1871 1234 1911 perpetratur.
1271 1867 1372 1911 Quae
1395 1879 1504 1912 quum

109 1923 260 1968 duplicis
280 1924 327 1960 sit
346 1925 505 1971 generis,
530 1930 593 1960 aut
615 1923 744 1958 nobilis
767 1923 855 1966 illa,
887 1936 978 1968 quae
1000 1926 1036 1961 in
1057 1929 1315 1963 contemnendis
1339 1928 1505 1973 perieulis

110 1985 282 2028 omniun,
317 1991 379 2022 aut
407 1998 519 2032 prava
549 1990 585 2021 et
615 1984 719 2020 malis
749 1985 884 2020 artibus
907 1988 1115 2033 conspicua,
1149 1989 1256 2024 facile
1279 1989 1502 2036 intelligitur,

111 2057 175 2082 eur
203 2045 272 2082 ista
301 2057 370 2082 vox
400 2048 504 2082 modo
526 2047 730 2093 egregium,
765 2047 871 2082 modo
905 2048 1110 2084 detestabile
1143 2050 1279 2085 factum
1313 2051 1502 2096 significet.

111 2108 167 2142 De
188 2107 303 2144 altera
324 2112 496 2153 potestate
518 2108 672 2143 diximus
695 2107 741 2142 ad
766 2108 841 2144 Cat.
865 2109 911 2153 11,
935 2109 982 2153 9.,
1008 2111 1051 2144 de
1073 2112 1186 2147 altera
1209 2113 1254 2146 ad
1276 2112 1369 2155 XIV,
1393 2113 1427 2147 1.
1453 2114 1500 2148 οἵ.

110 2167 306 2203 Doederlin.
337 2169 534 2215 Syuonym·
565 2170 656 2205 Latt.
687 2169 764 2204 Vol.
787 2169 833 2204 11.
866 2182 900 2214 p.
934 2171 1004 2207 145
1026 2184 1100 2216 sqq.
1123 2191 1170 2198 —-
1202 2173 1277 2208 Nos
1309 2184 1502 2218 pronomen

110 2231 192 2263 ante
214 2229 306 2264 loeus
327 2241 410 2264 eum
433 2230 626 2267 Gerlaehio
648 2230 876 2275 retinuimus,
909 2232 1050 2277 optimis
1071 2234 1300 2279 plurimisque
1328 2233 1428 2268 libris
1450 2235 1502 2269 ita

109 2289 346 2326 suadentibus.
384 2288 532 2326 Tamen
549 2291 674 2337 negari
694 2291 814 2336 nequit
838 2292 1022 2337 Curtium,
1053 2294 1115 2338 qui
1137 2295 1228 2330 illud
1251 2294 1401 2340 delevit,
1430 2307 1500 2330 non

109 2349 185 2385 sine
214 2350 340 2386 idonea.
369 2356 490 2387 caussa
512 2352 624 2387 videri
645 2352 684 2388 id
706 2354 852 2397 fecisse3
885 2365 967 2389 nam
990 2355 1028 2390 in
1049 2355 1190 2391 Fabrie.
1213 2355 1247 2391 1.
1272 2356 1308 2391 2.
1331 2355 1436 2390 Misn.
1463 2360 1499 2391 et
1527 2382 1535 2389 κ

111 2411 260 2449 Goerlit.
289 2423 481 2456 pronomen
512 2413 642 2459 legitur
673 2419 754 2449 ante
777 2415 978 2458 admonuit,
1009 2417 1047 2451 in
1082 2418 1202 2452 Guelf.
1224 2417 1282 2452 12.
1307 2421 1390 2452 ante
1411 2424 1497 2459 rem,

110 2481 155 2506 ae
174 2472 270 2508 deest
291 2473 395 2518 plane
417 2473 454 2509 in
478 2474 556 2511 Vin.
580 2475 614 2510 2.
639 2475 721 2510 Seu.
745 2476 779 2511 2.
803 2478 929 2513 Heuss.
955 2478 1073 2514 Guelf.
1100 2478 1157 2514 1⁰.
1181 2478 1277 2514 Med.
1300 2477 1335 2513 4.
1360 2483 1395 2514 et
1416 2480 1496 2517 Vnt.

109 2530 159 2575 5.,
179 2534 271 2568 unde
292 2534 460 2570 coniicias
483 2547 526 2571 ex
548 2537 666 2582 glossa
687 2536 724 2571 in
748 2538 901 2573 auctoris
923 2540 1032 2574 verba
1054 2550 1129 2574 esse
1148 2540 1300 2574 illatum.
1483 2578 1485 2580 ,

200 2596 232 2638 5.
255 2593 291 2628 2.
335 2596 503 2642 pleraque
529 2597 655 2641 Africa
685 2598 958 2644 imperitabant]
988 2600 1118 2635 Omnes
1140 2599 1289 2635 omnino*
1302 2600 1402 2636 codd.
1425 2601 1491 2635 ha-

109 2655 193 2691 bent
211 2656 398 2702 pleraeque
423 2659 567 2703 Africae
591 2658 699 2703 imp.‚·
721 2661 781 2694 sed
812 2661 1010 2697 ablativum
1038 2661 1214 2706 antiquius
1242 2663 1369 2699 nostris
1392 2663 1492 2698 codd.

68 2745 72 2752 Ι
109 2716 347 2752 testimonium
369 2722 489 2755 tuetur
510 2720 673 2755 Arusiani
694 2721 824 2764 Messi,
855 2722 916 2765 qui
946 2721 984 2755 in
1006 2722 1165 2768 Exempl.
1188 2724 1342 2760 Elocutt.
1364 2724 1491 2769 (Corp.

109 2777 320 2816 Grammatt.
341 2779 470 2823 antiqq.
495 2780 573 2814 Lat.
600 2780 674 2814 Vol.
699 2780 725 2814 Ι.
755 2792 791 2825 p.
815 2780 896 2816 237.
922 2782 976 2816 ed.
999 2783 1244 2829 Lindemann.)
1267 2788 1305 2820 ut
1327 2785 1491 2819 defende-
