1826 3276
421 151 789 197 IUGURTHA.
849 151 978 196 GAP.
1008 151 1120 195 XX.
1404 157 1489 200 12⁹6

84 285 265 327 census,
307 285 421 330 quos
464 271 622 332 paullo
668 275 773 315 ante
817 270 1077 315 muneribus
1119 269 1380 331 expleverat
1393 305 1405 329 ‚
1436 272 1483 317 in

81 382 276 430 regnum
289 346 305 387 ”
324 367 599 414 Adherbalis
653 368 851 414 animum
907 368 1108 414 intendit.
1198 368 1305 430 lpse
1359 381 1517 430 acen-,2

71 466 346 520 (bellicosu53
395 472 442 510 at
485 467 548 525 is,
594 481 732 526 quem
775 468 984 528 petebat,
1029 466 1228 526 quidus,
1273 467 1481 526 imbellis,

79 562 266 624 placido
309 565 503 625 ingenio,
539 570 821 626 opportunus
857 564 1055 622 iniuriae,
1091 570 1295 614 metuens
1336 567 1482 628 magis

79 743 154 778 iam
185 743 282 789 nequi
312 743 371 787 id,
403 744 496 789 quod
531 748 640 778 antea
675 745 855 789 amplexus
890 748 988 785 erat,
1013 754 1049 779 V.
1073 754 1104 777 c.
1131 743 1249 778 Tacit.
1273 744 1363 781 Anu.
1391 746 1485 791 xlv,

80 803 147 846 49,
180 803 216 838 3.
250 807 321 838 non
352 804 432 839 ideo
470 808 535 839 aut
566 806 722 840 consules
756 811 940 841 mutavere
969 804 1199 846 relationem,
1231 810 1295 840 aut
1324 806 1483 841 Thrasea

80 865 291 900 accensit
321 869 454 900 sente
467 866 592 907 ntia,
623 867 773 901 ceterive
801 878 891 911 quae
915 866 1153 910 probaverant
1186 866 1380 902 deseruere.
1404 867 1484 902 niv.

79 925 271 966 XXXVII,
306 925 371 970 54,
402 926 438 961 9.
471 939 516 961 ne
549 928 856 963 decederetis
889 928 1118 962 instituto
1150 931 1274 962 vestro.
1301 928 1348 962 cf.
1373 928 1483 963 etiam

78 988 124 1023 ad
141 999 172 1022 c.
197 987 290 1030 xm,
313 987 348 1022 3.
372 988 476 1022 Haec
497 989 677 1023 sufficiant
701 989 746 1023 ad
768 988 947 1032 propriam
971 988 1154 1032 utriusque
1175 988 1276 1022 verbi
1298 989 1483 1035 significa-

62 1036 208 1084 ¹tiaemem
231 1048 493 1084 declarandam.
532 1050 585 1084 De
606 1053 786 1085 structura
809 1050 976 1085 decedere
999 1051 1123 1093 verbi,
1148 1062 1218 1085 non
1242 1053 1378 1086 tantum
1402 1062 1484 1086 cum

78 1110 155 1146 solo
176 1109 355 1152 ablativo,
379 1112 440 1147 sed
463 1111 572 1147 etiam
605 1123 688 1146 cum
713 1112 756 1146 de
779 1115 814 1146 et
838 1123 857 1146 e
879 1111 1196 1156 praepositionibus
1228 1112 1416 1157 coniuncti,
1448 1124 1483 1148 v.

79 1172 230 1207 Ellendt.
261 1172 308 1207 ad
345 1171 419 1206 Cic.
451 1171 554 1206 Brut.
586 1183 615 1206 c.
648 1173 685 1216 Ι,
721 1173 754 1207 1.
787 1192 835 1198 -
870 1174 989 1207 Timor
1012 1173 1123 1208 animi
1147 1175 1325 1218 quomodo
1346 1174 1485 1210 dictum

78 1232 150 1277 sit,
180 1232 382 1268 monuimus
414 1233 460 1267 ad
491 1231 568 1269 eat.
601 1233 730 1278 LVIII,
765 1233 799 1268 2.
836 1253 882 1258 —
905 1234 976 1269 Pro
999 1235 1097 1270 videt
1120 1234 1158 1269 in
1181 1236 1301 1270 Guell’.
1324 1236 1359 1271 ⁷.
1383 1237 1482 1272 Leid.

78 1295 122 1330 F.
156 1296 184 1331 1.
216 1296 351 1342 legitur
381 1295 494 1340 vidit,
531 1298 673 1339 propter
697 1306 943 1341 praegressum
967 1296 1155 1331 decessere.
1202 1297 1255 1331 De
1285 1298 1354 1332 hac
1378 1309 1485 1342 prae-

77 1356 184 1392 sentis
205 1360 242 1393 et
263 1357 411 1402 perfecti
434 1355 678 1391 coniunctione
699 1357 788 1392 satis
811 1357 943 1392 dictum
969 1358 1014 1392 ad
1037 1368 1068 1392 c.
1092 1358 1180 1399 XII,
1202 1358 1236 1394 4.
1260 1377 1308 1384 —-
1343 1359 1484 1395 Certum

77 1422 180 1453 ratus
201 1419 411 1454 confirmant
433 1429 554 1453 omnes
581 1418 700 1462 Rivii,
726 1418 891 1461 Gruteri,
917 1423 971 1460 et,
994 1421 1035 1453 ut
1058 1418 1219 1463 videtur,
1244 1420 1352 1455 etiam
1377 1422 1483 1457 IVns-

77 1479 124 1514 Βίἰ
144 1480 264 1523 codd„
287 1484 358 1515 tres
381 1480 515 1523 Cor-tii,
538 1480 694 1525 quinque
717 1480 838 1515 Leidd.
863 1480 978 1515 Paris.
1003 1492 1034 1514 c.
1060 1493 1095 1516 x.
1119 1493 1151 1517 z.
1174 1481 1367 1518 Einsiedel.
1391 1483 1482 1520 Tur.

78 1541 112 1576 1.
134 1541 292 1584 Reficni,
317 1541 355 1577 in
377 1542 517 1587 quibus,
541 1543 636 1587 quod
659 1541 810 1584 mireris,
835 1541 920 1577 satis
943 1542 1036 1585 boni,
1060 1543 1195 1578 habent
1217 1549 1349 1580 certum
1384 1556 1484 1580 esee

77 1606 196 1645 ratus,
221 1603 316 1647 quod
340 1614 404 1638 eur
425 1604 664 1639 damnandum
687 1604 734 1638 sit
755 1607 853 1648 patet
876 1615 919 1638 ex
941 1605 1072 1640 notatis
1095 1605 1140 1639 nd
1163 1605 1241 1640 Cat.
1267 1607 1303 1650 I,
1329 1606 1363 1641 3.
1387 1619 1422 1651 p.
1446 1606 1483 1642 6.

78 1681 125 1688 —
151 1663 266 1699 Simul
289 1668 323 1713 et
345 1665 454 1711 longe
475 1665 639 1709 plurimis
664 1665 765 1701 codd.
787 1666 972 1708 firmatur3
994 1666 1031 1700 in
1054 1666 1232 1702 nonnullis
1254 1671 1372 1702 tamen
1396 1669 1485 1703 Cor-

78 1724 120 1760 tii
151 1730 187 1760 et
208 1725 327 1768 deest,
350 1727 442 1771 quod
465 1726 563 1762 haud
587 1727 739 1761 multum
763 1726 862 1761 abest
883 1727 968 1771 quin
991 1728 1138 1772 probet,
1162 1740 1271 1772 quum
1295 1729 1399 1764 simul
1421 1741 1484 1774 per

76 1797 117 1821 se
138 1785 213 1820 vim
236 1788 385 1831 copulae
407 1789 557 1831 habeat,
582 1791 622 1823 ut
653 1787 928 1822 demonstratum
952 1791 1006 1822 cst
1030 1789 1076 1823 nd
1100 1789 1178 1824 Cat.
1203 1790 1310 1833 XIX,
1334 1790 1368 1824 2.
1411 1791 1483 1826 Sed

77 1847 116 1882 in
148 1853 315 1893 promptu
347 1853 420 1892 est,
451 1855 504 1891 et,
529 1849 622 1893 quod
648 1850 754 1884 etiam
778 1850 874 1884 valet
898 1849 953 1893 (ν.
977 1850 1095 1885 Beier.
1120 1852 1165 1885 ad
1190 1851 1264 1885 Cic.
1289 1851 1333 1885 de
1357 1851 1428 1886 Off.
1453 1852 1484 1897 1,

78 1909 147 1953 40,
182 1910 264 1955 112.
296 1914 331 1945 et
364 1915 485 1946 nostra
520 1911 566 1945 ad
598 1911 675 1944 Cat.
711 1911 865 1954 XXXV,
908 1911 962 1958 4.)
1003 1923 1138 1958 augere
1176 1914 1361 1957 copulandi
1396 1914 1485 1958 vim,

77 1980 170 2016 quae
200 1970 239 2006 in
269 1972 376 2007 simul
405 1974 517 2017 inest,
550 1974 747 2016 eodemque
774 1972 881 2007 modo
913 1976 1038 2008 auctor
1067 1974 1163 2008 infra
1196 1975 1334 2009 locutus
1366 1979 1419 2010 est
1451 1987 1481 2011 c.

77 2033 197 2076 XXV,
220 2031 255 2068 5.
282 2033 435 2080 Legati,
468 2035 561 2080 quod
585 2035 622 2068 in
645 2034 783 2068 invidia
809 2045 865 2068 res
888 2038 984 2076 erat,
1016 2035 1157 2069 simul
1180 2040 1224 2070 et
1248 2036 1291 2070 ab
1318 2036 1484 2072 Numidis

78 2095 266 2137 obsecrati,
299 2095 418 2131 triduo
449 2097 570 2131 navim
604 2096 804 2146 ascendere.
836 2095 1037 2138 LXXXIV,
1069 2095 1103 2131 5.
1143 2096 1283 2132 Marius
1318 2098 1485 2133 hortandi

78 2167 222 2199 caussa,
275 2157 315 2191 si
323 2158 412 2192 mul
443 2163 487 2194 et
528 2158 749 2192 nobilitatem
794 2158 1005 2203 exagitandi
1051 2158 1245 2193 concionem
1285 2160 1483 2195 advocavit.

78 2217 199 2262 XCII,
219 2216 254 2252 2.
284 2219 414 2254 milites
441 2219 596 2255 modesto
627 2220 774 2265 imperio
808 2219 940 2263 habiti,
973 2220 1117 2255 simul
1149 2225 1193 2256 et
1225 2222 1412 2266 locupletes
1435 2221 1486 2256 ad

77 2281 209 2316 eoelum
224 2281 338 2323 fer-re.
361 2280 512 2324 XCVII,
534 2281 570 2317 1.

170 2344 204 2385 §.
228 2341 264 2376 2.
287 2352 391 2384 acer,
416 2342 609 2388 bellicosus]
634 2343 689 2378 Ita
712 2342 837 2378 Livius
860 2354 1001 2389 quoque
1029 2344 1073 2378 tle
1103 2343 1185 2379 talis
1207 2342 1342 2389 ingenii
1366 2343 1486 2379 homi-

77 2402 181 2438 nihus
211 2402 390 2447 loquitur,
425 2404 563 2447 XXVI,
596 2404 665 2448 26,
698 2405 757 2440 11.
794 2406 948 2449 XXVII,
980 2404 1053 2447 34,
1086 2406 1122 2440 2.
1154 2405 1295 2447 XXIX,
1336 2404 1404 2448 32,
1447 2405 1482 2440 1.
1553 2428 1558 2440 .»

40 2445 45 2460 s
76 2465 204 2500 Noster
233 2465 328 2500 infra
360 2477 392 2500 c.
423 2466 556 2508 XLIII,
587 2466 622 2501 1.
655 2466 770 2502 Con'r.
800 2485 847 2491 —
882 2467 917 2500 Is
946 2466 984 2501 in
1018 2467 1139 2502 Guelf.
1163 2466 1220 2500 10.
1245 2466 1364 2507 deest,
1389 2466 1484 2510 qnod

77 2524 199 2562 corno
223 2526 366 2572 elegans
388 2525 527 2568 visum3
551 2526 612 2561 sed
635 2538 668 2562 v.
693 2528 738 2563 ad
762 2528 838 2563 eat.
861 2528 930 2571 LI,
953 2528 1011 2563 33.
1029 2540 1062 2573 p.
1078 2527 1162 2565 256.
1178 2546 1224 2553 -
1239 2526 1287 2562 At
1301 2530 1354 2562 est
1368 2539 1409 2562 ex
1426 2528 1482 2562 al-

77 2591 155 2622 tera
175 2591 302 2632 ραι-ως
329 2588 399 2622 hac
417 2588 514 2622 enim
533 2588 707 2632 particula
730 2588 900 2635 distingui
922 2600 979 2624 res
1003 2589 1158 2624 diversas
1181 2588 1302 2623 docuit
1316 2588 1482 2624 Handius

77 2647 121 2682 de
143 2647 255 2684 Partt.
278 2649 370 2684 Latt.
395 2649 470 2685 Vol.
502 2650 529 2684 1.
564 2662 598 2694 p.
634 2650 714 2685 420.
750 2651 787 2694 1,
819 2651 854 2686 1.
887 2651 936 2686 cf.
967 2650 1006 2686 h.
1038 2663 1071 2686 c.
1103 2653 1136 2695 §.
1171 2649 1206 2686 5.
1239 2651 1412 2694 XXXIII,
1441 2651 1478 2686 3.

3 2703 7 2722 ³
75 2708 243 2752 LXXIII,
285 2710 319 2745 4.
361 2711 528 2756 LXXVI,
572 2711 607 2745 2.
638 2713 823 2757 LXXXV,
858 2711 914 2747 33.
950 2733 995 2738 —-
1030 2711 1230 2748 Dictioncm
1265 2718 1478 2759 opportunus

76 2769 229 2806 iraiariae
261 2771 403 2808 eortius
430 2772 489 2810 his
519 2772 689 2818 exemplis
719 2773 932 2811 illustravit:
962 2774 1043 2811 Liv.
1077 2775 1247 2821 XXVIII,
1281 2774 1348 2819 19,
1372 2774 1406 2810 8.
1432 2785 1477 2810 ne
