1826 3276
399 174 481 215 loo
761 171 808 214 G.
838 171 1393 219 SALL'USTIJCRISPI

400 291 558 344 cepto,
603 284 772 344 quippe
806 285 879 328 cui
909 285 1082 330 Romae
1117 289 1261 331 omnia
1293 304 1454 334 venum
1481 292 1544 336 ire
1578 293 1623 336 in
1657 291 1753 336 ani-

375 396 473 425 ·mo
523 380 746 435 haeserat,
792 380 930 423 filium
971 386 1016 423 et
1060 395 1159 424 cum
1205 396 1259 425 eo
1294 379 1406 428 duos
1434 382 1660 431 familiaris
1696 386 1753 430 ad

401 477 612 520 Senatum
647 474 818 533 legatos
854 474 1005 530 mittit,
1036 475 1193 533 hisque
1226 483 1276 520 ut
1307 477 1420 535 illis,
1440 484 1563 537 'quos'
1597 482 1754 526 Hiem-

399 570 523 629 psale
559 568 789 612 interfecto
834 570 1033 625 miserat,
1075 573 1324 631 praecepit,
1373 575 1512 618 omnis
1547 577 1754 620 ·mortalis

368 665 594 726 2pecunia
639 663 963 723 aggrediantur.
1044 665 1133 719 Qui
1171 673 1408 725 postquam
1447 669 1639 713 Romam
1675 670 1754 713 ad-

402 761 655 814 ventabant,
691 759 875 803 Senatus
911 775 936 802 a
969 758 1120 803 Bestia
1155 762 1370 806 consultus
1405 770 1492 819 est,
1534 765 1755 824 placeret-

400 873 456 902 ne
490 857 661 915 legatos
695 831 935 913 Iugurthae
968 856 1105 914 recipi
1150 858 1398 910 moenibus}
1447 859 1563 917 iique
1597 860 1754 904 decre-

401 967 536 1007 vere,
578 949 660 994 nisi
693 963 880 1008 regnum
914 949 1146 1009 ipsumque
1174 951 1373 996 deditum
1407 954 1647 1011 venissent,
1691 956 1755 998 uti

397 1109 654 1146 insolentiorum
677 1107 954 1151 interpretantur.
973 1108 1018 1142 cf.
1035 1107 1111 1142 Liv.
1136 1109 1202 1151 ΙΙΙ,
1236 1109 1299 1152 55,
1332 1110 1368 1146 ’7.
1394 1113 1541 1146 Familia
1567 1114 1613 1146 ad
1635 1114 1754 1147 aedem

400 1172 551 1210 Cereris,
576 1169 691 1201 Liberi
711 1168 919 1212 Liberaeque
944 1179 1096 1201 venum
1119 1169 1214 1202 iret.
1240 1171 1332 1204 Gell.
1358 1171 1430 1209 NN.
1456 1173 1526 1206 ΑΛ.
1555 1172 1626 1214 vn,
1656 1173 1690 1206 4.
1709 1192 1755 1198 —-

398 1233 452 1266 De
473 1229 621 1264 dictione
642 1229 678 1261 in
698 1229 811 1261 animo
833 1230 992 1262 haeserat
1009 1229 1052 1261 cf.
1073 1229 1167 1262 Curt.
1187 1229 1231 1262 VI
1243 1255 1253 1269 ‚
1277 1230 1317 1268 2,
1339 1230 1372 1264 8.
1399 1232 1518 1265 Adhuc
1540 1233 1583 1265 in
1607 1233 1755 1267 animo

397 1292 493 1334 regis
511 1296 628 1324 tenues
645 1289 810 1332 reliquiae
834 1289 970 1332 pristini
987 1289 1090 1322 moris
1107 1289 1130 1321 h
1142 1301 1163 1321 a
1175 1300 1246 1322 ere
1260 1290 1378 1323 bant.
1404 1292 1491 1327 min.
1514 1292 1600 1335 Epp.
1620 1293 1651 1325 X
1665 1318 1673 1333 ,
1696 1292 1753 1326 31.

401 1349 627 1385 sedetillud
647 1350 701 1382 Ῑια
715 1353 841 1382 creat
858 1349 962 1381 nobis.
986 1348 1034 1381 ib.
1056 1349 1107 1389 X,
1130 1347 1186 1382 96.
1218 1349 1326 1390 Quam
1349 1360 1453 1393 parce
1481 1351 1564 1385 haee
1593 1353 1754 1396 beneficia

396 1409 565 1449 tribuam,
598 1407 714 1449 utique
742 1407 900 1442 haeret
926 1408 998 1441 tibi.
1023 1408 1132 1441 conr.
1160 1425 1198 1432 —
1234 1408 1325 1445 Duos
1349 1420 1465 1442 omnes
1499 1410 1578 1444 libri
1605 1416 1753 1455 servant,

396 1473 532 1512 praeter
557 1467 673 1500 Guelt.
703 1465 737 1502 9.
761 1471 796 1500 et
821 1466 898 1508 10.,
922 1467 980 1510 qui
1007 1467 1072 1500 duo
1094 1467 1241 1508 habent,
1266 1469 1355 1510 quod
1373 1469 1509 1503 Curtius
1525 1469 1647 1513 cupide
1666 1471 1752 1504 arri-

395 1525 481 1569 puit.
501 1544 544 1550 ——
563 1525 600 1557 H
610 1526 719 1569 isque
736 1526 809 1559 fere
827 1537 944 1559 omnes
960 1526 1061 1567 libri;
1084 1527 1163 1559 Bas.
1180 1531 1293 1560 tamen
1317 1527 1349 1560 1.
1373 1528 1476 1571 isque.
1504 1547 1549 1555 -—
1575 1529 1754 1573 Praecepit

395 1588 510 1620 tenent
533 1584 640 1618 con-tii
667 1585 763 1618 codd.
791 1586 1054 1628 septemdecim,
1088 1586 1204 1619 Leidd.
1226 1587 1268 1622 1).
1284 1587 1330 1620 Η.
1352 1587 1380 1620 1.
1408 1587 1539 1621 InErl.
1559 1588 1648 1634 Teg.
1663 1589 1751 1625 Tur.

395 1645 431 1679 1.
454 1643 637 1678 Einsiedel.
663 1644 774 1680 Paris.
793 1645 828 1678 h.
848 1645 965 1678 Berol.
989 1645 1019 1678 1.
1039 1644 1073 1678 2.
1093 1645 1194 1677 Misu.
1215 1649 1248 1678 et
1280 1646 1398 1681 Goerl.
1426 1646 1565 1680 Relieni
1585 1649 1753 1692 praecipit

396 1704 546 1743 habent,
587 1703 716 1739 seilicet
743 1707 780 1737 ut
806 1708 942 1747 tempus
965 1705 1183 1747 responderet
1213 1705 1366 1748 sequenti
1393 1707 1657 1751 aggrediantur.
1712 1708 1752 1742 In

395 1764 548 1804 (luobus,
572 1762 631 1806 qui
651 1763 838 1806 perfectum
855 1763 1021 1804 retinent,
1047 1764 1237 1807 aequalitas
1255 1767 1447 1807 temporum
1471 1765 1519 1800 ita
1545 1771 1690 1809 tentata,
1714 1772 1753 1802 ut

394 1824 654 1870 aggrediantur
683 1826 856 1855 mutarent
876 1821 912 1856 in
940 1824 1234 1867 aggrederentur5
1263 1836 1294 1858 v.
1322 1826 1364 1859 ad
1393 1827 1466 1860 Cat.
1489 1826 1586 1868 XLI,
1609 1828 1642 1862 5.
1663 1827 1751 1861 Ger-

392 1884 547 1924 lachius,
572 1883 630 1926 qui
648 1883 683 1916 in
705 1882 758 1916 ed.
776 1883 856 1915 mai.
876 1883 1050 1925 praecepit
1067 1883 1189 1925 habet,
1217 1884 1251 1917 in
1272 1885 1422 1927 minore,
1455 1884 1584 1919 scilieet
1607 1898 1751 1920 accura-

393 1944 463 1978 tius
484 1946 652 1983 tractata,
674 1953 832 1986 praesens
849 1941 1021 1984 praetulit.
1038 1960 1081 1966 -—
1099 1941 1219 1976 Solum
1240 1944 1491 1978 coniunctivum
1510 1944 1582 1978 sine
1609 1951 1648 1979 ut
1677 1947 1749 1980 fre·

392 2006 536 2046 quanter
554 2001 633 2045 poni
653 2006 731 2045 post
743 2002 976 2045 praecipiendi
997 2001 1099 2034 verba
1117 2002 1335 2044 exposuimus
1356 2004 1398 2036 ad
1417 2004 1489 2038 Cat.
1511 2004 1642 2046 XXIX,
1662 2005 1695 2039 2.
1717 2010 1751 2040 et
1771 2017 1776 2025 ‘

391 2063 543 2102 XXXII,
567 2061 600 2094 2.
625 2062 670 2094 ef.
692 2062 767 2106 lug.
787 2061 938 2103 XXXV,
963 2061 996 2094 2.
1016 2065 1049 2094 et
1064 2060 1097 2094 4.
1123 2062 1171 2094 Ex
1188 2061 1449 2104 interpolatione
1472 2063 1580 2108 igitur
1607 2065 1643 2098 in
1669 2065 1748 2099 Seu.

392 2124 428 2157 1.
453 2123 554 2155 Febr.
585 2121 609 2155 2
647 2121 719 2154 Vin.
749 2121 783 2157 2.
813 2121 919 2154 Acad.
947 2120 1062 2153 Guelf.
1090 2119 1123 2153 4.
1144 2120 1199 2155 11.
1223 2121 1316 2155 Laid.
1343 2122 1383 2156 A.
1404 2122 1443 2155 E.
1462 2123 1540 2159 Bas.
1559 2122 1594 2157 4.
1611 2124 1695 2157 Tur.
1714 2125 1746 2158 l.

392 2183 494 2216 Bern.
514 2181 547 2215 l.
566 2179 600 2213 3.
617 2181 692 2214 Vat.
709 2181 742 2214 1.
763 2179 797 2214 ὃ.
813 2179 846 2213 4.
869 2180 986 2213 Berol.
1003 2179 1035 2215 1.
1055 2179 1155 2213 Misn-
1171 2182 1299 2224 legitur
1316 2187 1360 2215 ut
1379 2183 1511 2222 omme,-
1534 2182 1568 2216 in
1592 2183 1693 2217 Febr.
1713 2183 1747 2218 1.

393 2242 508 2276 Guelf.
529 2240 561 2274 2.
585 2240 783 2274 Erlsomnis
805 2245 848 2274 ut
865 2239 1040 2279 mortalia
1063 2238 1098 2272 in
1117 2240 1192 2273 Vat.
1210 2241 1233 2274 2
1266 2246 1303 2274 ut
1319 2242 1654 2286 aggrediantur3'in
1673 2244 1747 2279 vat.

393 2302 427 2336 5.
445 2307 483 2335 ut
498 2301 655 2345 pecunia.
703 2299 843 2334 Relicui
861 2303 952 2332 recte
967 2303 1006 2332 ut
1021 2299 1189 2341 particula
1208 2305 1334 2335 carent.

482 2363 514 2403 §-
538 2360 571 2393 2.
619 2358 876 2401 adventabant]
913 2358 1090 2401 Postquam
1123 2369 1190 2400 quo
1213 2373 1312 2394 sensu
1338 2373 1416 2395 cum
1437 2360 1639 2404 imperfecto
1668 2372 1747 2394 cou—

390 2423 543 2455 struatur
558 2419 704 2453 diximus
727 2419 770 2453 ad
791 2419 920 2452 cuxlss
932 2442 942 2458 ,
966 2417 999 2452 5.
1019 2435 1064 2442 ——
1081 2418 1142 2451 Est
1165 2424 1238 2460 post
1256 2422 1424 2454 consultus
1441 2430 1556 2452 omnes
1574 2420 1671 2453 codd.
1691 2431 1747 2453 re-

391 2481 520 2521 tinent,
546 2480 654 2513 tribus
670 2479 775 2512 Cortii
790 2478 955 2521 exeeptis,
981 2487 1064 2520 qum
1082 2477 1111 2511 is
1130 2484 1264 2512 secutus
1286 2486 1346 2514 est.
1371 2501 1417 2511 --
1448 2480 1543 2522 lique
1569 2479 1746 2513 decrevere

391 2552 455 2585 per
472 2539 606 2583 synesin
625 2539 772 2572 refertar
794 2539 836 2572 ad
853 2544 1006 2571 senatum
1016 2551 1030 2578 ·‚·
1050 2537 1092 2571 de
1108 2549 1176 2580 qua
1195 2542 1386 2572 structurae
1398 2539 1439 2571 ud
1458 2544 1592 2570 sensum
1611 2539 1745 2571 eonfor-

390 2603 506 2634 matae
521 2599 653 2632 ratione
672 2610 704 2631 v.
717 2603 838 2632 notata
859 2599 900 2631 ad
924 2596 1163 2630 (htvxxxlx
1179 2622 1189 2639 ,
1213 2597 1245 2631 3.
1266 2609 1300 2641 p.
1324 2596 1402 2631 183.
1428 2596 1599 2639 Imprimis
1629 2602 1743 2630 autem

388 2661 547 2702 frequens
561 2668 634 2690 esso
652 2657 825 2700 pluralem
847 2656 942 2689 verbi
962 2657 1005 2690 ad
1026 2662 1165 2690 senatus
1188 2658 1392 2690 vocabulum
1411 2655 1578 2700 singulari
1602 2667 1744 2690 numero

389 2718 540 2763 positum
565 2717 697 2751 referre
719 2741 729 2757 ‚
749 2715 906 2759 plurimis
931 2715 1096 2760 exemplis
1122 2715 1367 2750 demonstravit
1393 2715 1567 2753 Drakenb.
1592 2716 1637 2750 ad
1667 2716 1743 2751 Liv.
