1826 3276
482 212 846 258 IUGURTHA.
907 209 1037 254 GAP.
1069 210 1122 253 V.
1449 213 1509 254 29

238 334 293 379 V.
364 332 547 377 Bellum
582 330 825 390 scripturus
861 343 983 384 sum,
1020 326 1145 386 quod
1181 328 1379 388 populus
1404 330 1506 374 Ro-

103 447 261 478 manus
299 447 402 476 cum
437 428 681 490 Iugurtha,
716 442 829 488 rege
851 425 1173 482 Numidarum,
1209 426 1371 486 gessit3
1407 427 1503 487 pri-

101 545 227 575 mum
273 530 378 588 quia
424 542 641 588 magnum
679 532 724 570 et
758 531 886 569 atrox
929 524 1142 583 variaque
1175 496 1507 578 victoria-fuist

44 676 54 686 ,
102 628 206 673 dein
243 627 349 687 quia
382 632 488 670 tunc
521 624 716 685 primum
763 621 1003 682 superbiae
1046 621 1289 666 nobilitatis
1325 623 1506 667 obviam

102 727 212 771 itum
260 729 348 780 est,
397 737 515 782 quae
559 720 787 764 contentio
837 718 985 762 divina
1028 724 1073 762 et
1114 718 1310 763 humana
1347 727 1542 773 cuncta2

102 821 360 885 permiscuit
396 834 544 879 eoque
580 816 818 862 vecordiae
853 815 1096 877 processit,
1141 817 1204 860 uti
1249 817 1402 863 studiis
1441 820 1508 863 ci-

101 934 178 968 dire
195 933 302 977 idque
320 919 503 976 praesenti
527 931 585 964 vel
609 934 702 964 certe
724 928 910 974 posteriori
929 939 1116 972 opponere,
1139 928 1197 962 cui
1220 928 1412 964 sententiae
1427 935 1508 964 tunc

100 998 196 1029 recte
215 991 384 1034 inservit,
410 997 483 1028 tum
508 1003 576 1025 non
600 996 653 1025 est
676 991 997 1025 accommodatum.
1045 990 1091 1023 cf.
1116 990 1308 1024 Tursellin.
1335 992 1378 1025 de
1401 995 1508 1035 par-tt.

101 1068 132 1091 c.
155 1055 376 1091 ccxxxiii.
404 1066 438 1098 p.
463 1053 556 1088 1311
577 1065 629 1096 sq.
677 1053 805 1086 Paullo
831 1050 1050 1095 implicatior
1073 1063 1129 1085 res
1153 1056 1215 1091 est,
1242 1054 1447 1096 praesertim
1474 1053 1509 1087 in

101 1115 204 1153 tanta'
221 1116 419 1162 scripturae
441 1114 698 1155 incertitudine,
723 1112 784 1147 ubi
809 1124 912 1158 quum
937 1113 1129 1156 praecedit,
1153 1114 1209 1147 vel
1226 1113 1402 1157 sequitur3
1427 1124 1510 1149 nam

103 1190 212 1224 quum
234 1177 321 1211 huic
345 1177 550 1222 particulae,
575 1176 636 1210 ubi
662 1174 891 1218 temporalem
918 1173 992 1208 vim
1018 1174 1137 1216 habet,
1165 1187 1234 1209 non
1259 1174 1327 1209 nisi
1350 1181 1432 1210 tunc
1454 1188 1512 1210 re-

102 1241 275 1287 spondere
297 1250 399 1284 posse
421 1238 606 1279 videatur,
647 1237 743 1270 haud
766 1246 849 1269 raro
877 1234 952 1268 eius
978 1235 1056 1269 loco
1082 1241 1158 1270 tum
1181 1236 1374 1281 reperitur,
1398 1233 1512 1271 'cuius

103 1302 247 1348 propria
269 1301 361 1336 ratio
383 1299 451 1334 nisi
475 1300 519 1333 ad
545 1304 648 1344 quium
672 1298 832 1331 caussale
855 1297 1030 1331 referatur
1054 1301 1215 1331 constare
1239 1299 1380 1343 nequit3
1416 1300 1513 1333 velut

104 1366 178 1401 Cic.
201 1365 238 1399 in
261 1365 360 1398 Verr.
383 1362 441 1403 IV,
467 1360 526 1402 21,
549 1359 608 1396 46.
655 1359 765 1393 Credo
787 1364 884 1400 tum,
922 1370 1027 1403 quum
1059 1360 1181 1392 Sicilia
1200 1361 1355 1404 florebat
1378 1361 1511 1405 opibus,

103 1439 241 1474 magna
259 1425 412 1470 artificia
431 1423 548 1466 fuisse
568 1422 606 1455 in
625 1432 668 1456 ea
686 1420 828 1460 insula3
866 1420 926 1454 sed
950 1420 987 1454 in
1013 1421 1135 1454 eadem
1160 1422 1352 1456 sententiae
1375 1421 1513 1456 ratione

103 1495 188 1526 tunc
210 1487 397 1534 reperitur,
425 1483 498 1519 Cic.
523 1483 559 1517 in
583 1483 682 1518 Ver-r.
708 1483 750 1525 V,
772 1482 831 1524 10,
856 1481 913 1516 27.
942 1484 1055 1526 Quum
1075 1495 1192 1518 rosam
1217 1484 1336 1530 (iste)
1359 1484 1515 1525 viderat,

106 1555 187 1586 tunc
206 1550 356 1594 incipere
383 1557 446 1581 ver
461 1545 717 1580 arbitrabatur.
765 1544 878 1578 Recte
899 1543 1013 1588 igitur
1037 1545 1266 1580 Gernhardus
1289 1546 1335 1580 ad
1359 1546 1436 1579 Cat.
1461 1545 1514 1579 M.

105 1610 314 1652 mmmm.
335 1621 369 1653 p.
380 1607 460 1642 134.
489 1607 629 1650 Quum
651 1607 742 1641 enim
764 1605 802 1640 ia
826 1605 982 1648 advenit,
1008 1611 1113 1642 tunc
1135 1608 1235 1649 illud,
1261 1607 1352 1651 quod
1372 1611 1515 1651 praete-

107 1673 182 1714 n’it,
207 1671 343 1716 effluxit
365 1688 413 1694 —
438 1673 546 1703 tunc
569 1667 773 1714 significare
791 1666 912 1701 statuit
928 1668 988 1702 illo
1011 1668 1084 1712 ipso
1106 1674 1271 1714 tempore,
1294 1669 1392 1702 nulla
1416 1671 1515 1703 ante-

109 1743 313 1780 gressarum
336 1741 456 1764 rerum
489 1730 625 1764 ratione
646 1728 791 1770 habita3
829 1740 944 1772 neque
965 1740 1090 1764 verum
1115 1735 1188 1771 est,
1225 1730 1320 1773 quod
1343 1730 1515 1765 Goerenz.

109 1795 156 1829 ad
179 1793 254 1830 Cic.
278 1793 323 1827 de
343 1791 444 1825 Fiun.
470 1791 522 1833 11,
547 1790 613 1833 11,
637 1789 695 1824 33.
723 1790 917 1834 praecipit,
943 1803 1048 1836 quum
1077 1792 1291 1836 particulam
1318 1802 1387 1825 non
1405 1791 1516 1825 aliam

110 1865 233 1890 vocem
262 1851 360 1896 sequi
383 1863 484 1896 posse
514 1851 583 1886 nisi
606 1857 698 1893 tum,
740 1861 848 1895 quam
882 1853 1088 1886 sententiam
1113 1853 1221 1886 etiam
1246 1851 1448 1897 Herzogius
1470 1852 1516 1886 ad
1577 1878 1583 1885 ,

109 1917 210 1952 Caes.
233 1915 278 1949 Β.
304 1914 350 1949 G.
377 1914 417 1955 V,
440 1912 498 1948 33.
533 1912 700 1957 amplecti
723 1913 875 1948 videtur.
935 1914 1111 1956 Respectu
1139 1925 1429 1960 praegressorum
1453 1924 1518 1948 au-

109 1981 202 2022 tem,
225 1976 353 2022 quibus
376 1975 490 2010 altera
513 1986 569 2009 res
593 1979 762 2018 tanquam
786 1985 994 2019 consequens
1016 1975 1224 2018 subiicitur,
1259 1982 1334 2011 tum
1357 1975 1519 2022 legitime

110 2038 377 2086 ponitur,'quae
398 2036 491 2071 ratio
513 2047 583 2070 non
611 2039 779 2077 mutatur,
816 2034 892 2069 sive
914 2047 1060 2071 caussae
1082 2037 1157 2071 sive
1182 2038 1259 2071 sola
1279 2036 1447 2081 temporis
1470 2036 1519 2071 si-

111 2099 297 2147 gnificatio
327 2097 364 2133 in
395 2097 512 2142 priore
535 2099 696 2132 membro
720 2098 820 2132 inest.
869 2098 945 2144 [Ct’.
972 2097 1082 2133 Orcll.
1106 2099 1150 2133 ad
1175 2099 1248 2133 Cic.
1273 2099 1434 2141 Brut.⁴§.
1458 2098 1519 2136 33.

113 2162 217 2197 et'ad
240 2161 332 2204 Top.
357 2162 389 2203 §.
402 2159 461 2196 91.
487 2160 541 2195 ed.
564 2159 650 2194 min.
672 2161 727 2194 De
750 2159 874 2205 primis
897 2159 1005 2195 huius
1029 2171 1107 2204 cap.
1130 2171 1188 2194 vv.
1213 2161 1353 2195 Bellum
1377 2180 1420 2186 —-
1448 2161 1520 2194 Ro-

114 2235 239 2259 mamn
259 2222 332 2258 vid.
358 2222 439 2257 adn.
463 2223 508 2258 ad
533 2223 610 2258 Cat.
634 2221 692 2264 19,
717 2222 752 2257 5.
801 2221 895 2266 Fa]

205 2287 238 2328 §.
260 2283 296 2320 2.
345 2283 466 2318 divina
489 2288 522 2318 et
538 2284 696 2318 humana
714 2284 860 2327 cuncta]
889 2283 1023 2318 cuncta
1046 2284 1146 2318 abest
1169 2294 1191 2318 a
1215 2282 1334 2317 Mark.
1358 2286 1402 2318 Γ.
1434 2283 1521 2318 Eius

116 2347 196 2381 loco
217 2345 414 2379 scribarum
436 2356 555 2379 errore
572 2344 607 2379 in
626 2345 746 2379 Pa1.3.
760 2349 794 2379 et
806 2344 957 2381 heimo.
977 2349 1090 2380 exstat
1108 2346 1238 2379 omnia.
1263 2346 1406 2387 Vocem,
1425 2345 1521 2380 Gru-

115 2411 193 2442 tero
211 2411 395 2451 perperam
411 2409 621 2450 suspectam,
645 2406 840 2440 Muellerus
862 2406 898 2440 in
921 2407 991 2440 hac
1016 2407 1172 2440 formula
1189 2406 1288 2451 quasi
1309 2406 1444 2441 solenni
1469 2407 1522 2440 fe-

116 2479 157 2503 re
173 2478 310 2511 semper
326 2466 408 2500 addi
425 2471 520 2501 recte
540 2467 724 2508 observat;
763 2467 974 2502 Gerlachius
997 2479 1078 2502 eam
1101 2467 1220 2512 magis
1243 2479 1391 2503 numero
1413 2479 1522 2512 quam

116 2527 308 2563 sententiae
330 2527 502 2562 inservire
524 2531 653 2572 censet,
688 2529 780 2572 quod
805 2529 957 2563 multum
980 2539 1003 2562 a
1027 2528 1178 2562 veritate
1196 2529 1380 2564 abhorret.
1429 2530 1522 2564 Nam

117 2589 192 2623 vim
215 2588 407 2622 sententiae
438 2588 612 2623 adiectivo
643 2589 762 2623 addito
785 2589 935 2623 mirifice
957 2589 1082 2633 augeri
1104 2589 1181 2634 quis
1202 2601 1271 2625 non
1294 2591 1424 2626 sentit?
1471 2591 1520 2625 cf.

118 2651 195 2696 lug.
219 2650 351 2693 XXXI,
375 2649 410 2684 9.
449 2650 582 2684 Divina
600 2655 634 2685 et
654 2650 812 2684 humana
834 2651 952 2684 omnia
970 2651 1123 2685 hostibus
1141 2652 1278 2686 tradita
1296 2656 1386 2686 sunt.
1434 2651 1521 2687 ibid.

120 2714 153 2755 §-
170 2711 228 2746 2⁰.
253 2712 382 2745 Divina
407 2715 441 2745 et
463 2711 618 2746 humana
643 2712 791 2745 omnia
817 2722 924 2755 penes
947 2723 1078 2756 paucos
1101 2719 1214 2748 erant.
1260 2712 1337 2747 Liv.
1359 2713 1388 2753 1.
1406 2712 1465 2755 38,
1486 2712 1520 2746 2.

119 2773 195 2814 Vll,
217 2772 276 2816 31,
300 2771 335 2809 4.
359 2772 457 2807 Suet.
482 2773 580 2807 Caes.
605 2785 635 2806 c.
660 2773 765 2807 LXV.
797 2771 919 2816 Neque
942 2776 1059 2807 tamen
1081 2775 1273 2808 verborum
1297 2773 1521 2809 construendi

121 2833 213 2868 ratio
235 2833 316 2868 talis
337 2837 410 2877 est,
444 2834 586 2879 qualem
618 2833 875 2869 illustravimus
905 2834 952 2868 ad
981 2834 1085 2869 Catil.
1108 2835 1230 2875 XXX,
1254 2835 1289 2869 4.
1336 2834 1394 2868 Ibi
1425 2833 1519 2868 enim
