1826 3276
463 165 824 211 IUGURTHA.
882 149 1017 209 cAP.
1046 165 1206 241 xciv.
1443 173 1524 214 501

141 286 235 330 vius
280 290 542 345 streperent.
613 284 756 345 Igitur
797 283 1120 344 praegrediens
1159 284 1302 345 Ligus
1347 301 1452 330 saxa
1489 293 1569 334 et2

104 401 114 411 ¹
137 382 173 427 si
213 396 330 441 quae
373 386 593 427 vetustate
621 358 810 425 radices
853 380 1108 425 eminebant
1153 381 1323 440 laqueis
1349 383 1526 427 vincie-

60 539 73 546 ς
122 479 236 537 bat,
277 478 436 539 quibus
482 479 659 523 allevati
693 477 853 522 milites
888 477 1067 522 -facilius
1108 478 1421 537 escenderent,
1456 480 1526 524 in-

135 576 312 622 terdum
352 576 531 620 timidos
570 574 803 620 insolentia
846 574 1011 619 itineris
1058 575 1208 619 levare
1250 591 1412 636 manu,
1448 578 1526 621 ubi

133 673 286 734 paullo
316 673 518 733 asperior
551 686 758 716 ascensus
795 676 903 728 erat,
940 672 1139 732 singulos
1174 686 1288 732 prae
1322 688 1373 717 se
1407 674 1525 718 iner-

132 769 216 816 mis
258 769 461 838 mittere,
508 768 671 813 deinde
714 767 812 828 ipse
859 783 962 812 cum
999 768 1176 812 illorum
1215 769 1345 812 armis
1386 770 1526 829 sequi,

133 866 424 927 quaexdubia
457 867 554 911 nisu
592 865 878 923 videbantur,
920 865 1192 926 potissumus
1222 871 1422 925 tentare,
1472 883 1525 912 ac

131 1004 259 1040 certius
281 1007 354 1046 est,
387 1003 534 1038 voculas
557 1008 592 1037 et
621 1005 726 1047 atque
749 1014 815 1045 ex,
848 1013 938 1047 quae
970 1002 1006 1037 in
1029 1003 1148 1038 multis
1171 1003 1273 1038 codd.
1297 1006 1378 1038 ante
1402 1008 1525 1038 centu-

130 1066 194 1103 ήίε
215 1066 403 1112 leguntur,
433 1075 475 1098 ex
507 1075 548 1107 as
577 1064 736 1108 syllaba,
771 1075 854 1098 casu
886 1064 1028 1107 avulsa,
1061 1058 1137 1098 esse‘
1157 1067 1278 1107 ortas,
1311 1077 1354 1098 ex
1388 1065 1526 1099 censuri

129 1130 248 1163 nutem
269 1137 344 1161 ‘eas
376 1125 674 1170 depravationes,
707 1136 795 1170 quas
829 1125 1030 1168 attulimus,
1062 1125 1217 1159 fluxisse.
1266 1125 1307 1159 Si
1334 1126 1411 1170 quis
1442 1137 1527 1161 vero

130 1187 292 1224 Carrioni
315 1186 431 1233 magis
451 1173 695 1235 lassentiatur,
729 1186 766 1220 in
796 1186 996 1220 Emendatt.
1019 1186 1047 1229 1,
1073 1184 1106 1220 5.
1132 1185 1331 1220 coniicienti
1355 1186 1525 1231 scriptum

87 1297 90 1299 Β
129 1250 238 1285 fuisse
259 1249 320 1295 qui
345 1247 521 1283 escensuri.
540 1251 660 1289 erant,
685 1258 754 1281 non
777 1258 992 1293 magnopere
1015 1257 1192 1292 repugno3
1218 1258 1432 1290 quamquam
1456 1259 1526 1281 non

130 1323 217 1356 opus
249 1314 300 1346 est
334 1309 404 1344 ista
430 1307 659 1350 coniectura,
691 1309 801 1352 quum
833 1307 1010 1342 ascensuri
1041 1307 1078 1341 in
1109 1311 1241 1351 septem
1275 1309 1374 1344 codd.
1411 1313 1445 1343 et
1469 1309 1522 1342 ed.

130 1373 263 1414 Veneta.
283 1382 318 1407 a.
340 1369 444 1405 147⁰.
471 1372 649 1403 servatum
673 1367 739 1410 sit,
774 1367 842 1402 nisi
872 1368 962 1407 forte
995 1371 1096 1411 putes
1120 1367 1255 1412 spurias
1278 1379 1380 1402 voces
1404 1379 1445 1402 esc
1470 1372 1524 1402 at-

129 1425 203 1479 que*
229 1437 264 1469 et
286 1431 427 1467 facilius
461 1429 505 1464 ad
538 1440 574 1463 es
596 1439 701 1472 quam
734 1429 778 1463 ad
813 1440 854 1462 as
885 1428 1059 1473 syllabam
1083 1428 1252 1462 revocari.
1278 1447 1322 1453 —-
1356 1429 1523 1463 ornatum

127 1506 199 1530 non
220 1498 272 1529 est
293 1495 552 1533 ornamentum,
586 1477 858 1532 sed'vestitum,
892 1490 1044 1533 cultum,
1083 1492 1123 1523 ut
1158 1489 1231 1523 iam
1255 1489 1377 1523 Festus
1400 1489 1524 1534 (Gorp.

130 1557 290 1592 Granum.
321 1553 414 1588 Latt.
438 1550 485 1585 T.
508 1551 553 1586 11.
584 1561 617 1594 p.
642 1549 723 1585 189.
756 1551 810 1587 ed.
835 1550 1028 1594 Lindem.)·
1045 1550 1135 1583 bene
1166 1549 1345 1594 explicuit.
1378 1552 1423 1586 cl'.
1449 1551 1522 1586 Cic.

74 1647 79 1655 .
130 1618 174 1653 de
196 1616 270 1651 Off.
298 1615 338 1657 1,
360 1611 428 1655 18,
453 1611 510 1646 61.
558 1612 706 1645 Statuas
741 1622 874 1656 quoque
897 1611 1055 1644 videmus
1086 1615 1260 1644 ornatu
1286 1614 1365 1654 fere
1389 1614 1523 1647 milita-

128 1680 173 1715 η’,
196 1697 242 1704 --
266 1677 320 1711 Do
343 1672 511 1719 adverbio
529 1671 676 1716 facilius
709 1683 744 1705 v.
778 1672 822 1706 ad
847 1672 922 1705 Cat.
946 1671 1082 1714 LVIII,
1107 1670 1141 1705 9.
1160 1682 1199 1714 «Ρ.
1225 1671 1307 1705 306.
1332 1673 1408 1717 lug.
1432 1674 1523 1715 XIV,

129 1740 188 1776 11.
225 1738 400 1781 corrupte
421 1732 581 1769 nonnulli
605 1732 687 1766 libri
719 1733 853 1767 habent
870 1731 1038 1776 facilior,
1073 1730 1136 1765 alii
1154 1732 1288 1780 facilis.
1313 1751 1360 1758 —-·
1386 1733 1522 1769 Ponde-

129 1803 199 1844 rte,
230 1811 278 1836 sc.
309 1797 400 1841 quod
437 1795 474 1829 in
506 1793 680 1828 eiusmodi
713 1794 819 1828 scutis
852 1794 962 1827 levius
993 1794 1056 1826 est.
1090 1811 1136 1817 —
1167 1793 1300 1833 Simul,
1333 1797 1368 1826 et
1399 1794 1522 1837 explic.

128 1863 172 1898 ad
197 1869 228 1897 α
249 1858 402 1900 ΧῙΝΠ,
426 1857 460 1893 2.
488 1875 532 1881 —
567 1855 621 1894 Ad
655 1855 787 1899 offensa
817 1853 978 1903 Wassius
1009 1851 1155 1887 contulit
1189 1852 1265 1887 Liv.
1290 1853 1371 1895 vll,
1395 1853 1462 1897 36,
1486 1855 1520 1891 2.

129 1920 238 1959 Miles
256 1922 443 1966 offenso
468 1923 565 1964 scutp
586 1911 750 1962 praebuit
773 1917 932 1951 sonitum.

221 1986 256 2027 §-
277 1982 313 2018 2.
360 1986 395 2016 et
417 1980 448 2014 si
471 1990 561 2024 quae
583 1983 758 2013 vetustate
790 1978 927 2012 radices
960 1974 1184 2019 eminebant]
1223 1975 1393 2017 Radices,
1429 1987 1521 2021 quae

128 2056 198 2080 vox
226 2043 305 2089 pari
337 2052 423 2083 casu
454 2043 559 2083 atque
588 2051 675 2074 saxa
699 2038 780 2083 poni
813 2038 986 2077 debebat,
1018 2036 1225 2071 attractione
1248 2037 1442 2071 subiectum
1466 2050 1520 2072 se-

129 2102 318 2139 cundariae
345 2100 598 2135 enunciationis
626 2101 760 2134 factum
791 2102 861 2140 est3
900 2097 1040 2143 proprie
1080 2096 1172 2130 enim
1206 2096 1391 2132 dicendum
1426 2101 1518 2134 erat:

127 2164 238 2210 Ligus
262 2174 350 2197 sama
374 2167 408 2198 et
429 2162 578 2209 radices,
602 2161 630 2195 si
653 2172 744 2205 quae
765 2164 939 2195 vetustate
962 2148 1175 2195 eminebant,
1198 2159 1269 2202 laq.
1287 2160 1518 2194 vinciebat.—

129 2225 200 2261 Pro
233 2227 430 2266 vetustate,
463 2223 557 2266 quod
589 2222 729 2256 Cottius
766 2222 882 2266 inepte
914 2232 994 2255 cum
1028 2231 1114 2254 voce
1156 2220 1292 2254 radices
1325 2220 1518 2266 coniungit,

131 2285 251 2322 Guelf.
275 2284 309 2319 1.
333 2284 369 2321 3.
393 2284 540 2329 Bel-ger.
567 2283 649 2318 Sen.
674 2284 708 2317 2.
744 2284 870 2317 Reuss.
896 2282 995 2317 Leid.
1019 2282 1058 2315 C.
1094 2273 1183 2316 Tur.
1208 2281 1240 2314 1.
1266 2285 1301 2315 et
1323 2281 1428 2317 Misn.
1451 2278 1518 2314 ba-

58 2338 67 2342 *
128 2348 212 2382 bont
241 2351 399 2382 vetustae
419 2371 430 2390 ,
465 2355 574 2389 qnam
603 2343 905 2388 interpolationem
935 2341 1090 2377 Weisius
1130 2341 1274 2385 recepit.
1308 2362 1353 2367 -—
1388 2343 1519 2377 Milite·

129 2407 269 2443 Curtius
290 2417 429 2442 summa
451 2406 618 2450 libidine,
641 2417 686 2441 ne
708 2417 778 2440 uno
802 2405 943 2449 quidem
968 2402 1087 2438 codice
1109 2403 1336 2445 assentiente,
1368 2403 1537 2446 delevitge

130 2480 243 2513 noque
277 2467 500 2513 importunas
530 2479 655 2503 manus
686 2466 856 2501 abstinuit
892 2467 936 2501 ab
971 2468 1049 2500 erat
1080 2462 1206 2504 verb0,
1247 2463 1338 2507 quod
1372 2463 1410 2497 in
1443 2463 1519 2498 solo

131 2529 250 2565 Guelf.
280 2529 316 2566 8.
349 2529 488 2565 excidit.
520 2550 566 2556 —
601 2529 746 2563 Inermis
776 2539 887 2573 paene
929 2536 1048 2561 omnes
1079 2527 1219 2558 tuentur
1249 2525 1348 2560 codd.
1379 2528 1520 2569 praeter

131 2590 251 2626 Leidd.
273 2590 317 2625 Δ.
342 2591 392 2636 Β.
422 2591 463 2625 1..
498 2590 586 2624 Tur.
609 2589 644 2624 1.
674 2590 783 2624 Fabr.
807 2590 842 2626 1.
866 2600 913 2623 m·
948 2599 1014 2631 pn,
1053 2585 1091 2619 in
1121 2585 1247 2629 quibus
1278 2589 1330 2619 est
1360 2586 1520 2627 inermos,

131 2651 224 2694 quod
249 2661 369 2686 omnes
400 2650 550 2685 editores
580 2654 806 2694 receperunt3
842 2650 900 2684 sed
936 2660 971 2682 v.
994 2650 1118 2681 notata
1141 2647 1185 2681 ad
1217 2646 1293 2681 Cat.
1313 2647 1404 2690 LIX,
1428 2644 1462 2680 5.
1486 2657 1520 2690 p.

131 2710 212 2746 318.
235 2730 284 2738 —-
307 2711 398 2747 Nisa
430 2714 601 2747 testantur
632 2712 777 2748 Eccard.
814 2711 934 2745 Guelf.
957 2709 992 2744 3.
1018 2708 1054 2743 4.
1078 2708 1102 2743 6
1147 2707 1243 2743 Leid.
1271 2709 1312 2744 E.
1337 2707 1425 2741 Tur.
1449 2707 1545 2742 Pa·-

132 2771 194 2808 τί..
215 2784 245 2808 c.
275 2771 403 2816 Minu..
433 2784 541 2817 quam
573 2771 684 2807 dativi
714 2772 867 2806 formam
906 2758 1138 2813 (immitius,
1164 2769 1202 2805 in
1232 2769 1285 2803 ed.
1311 2767 1396 2803 mai.
1428 2766 1522 2802 etin
