1826 3276
420 165 780 210 IUGURTHA.
830 165 972 208 CAR·
992 164 1166 230 cxlv*
1395 145 1487 215 eov-

10 339 15 343 ,
85 276 236 329 'Gallis
287 299 375 345 pro
432 284 598 343 salute,
654 297 746 328 non
790 297 877 344 pro
915 271 1076 344 'gloria
1121 287 1308 328 certare.
1387 284 1520 330 Sede

43 379 48 385 “
90 387 347 441 Ροεῐᾳιιειηι
375 381 546 426 bellum
580 381 629 424 in
660 380 872 431 Numidia
909 380 1191 438 confectum,
1237 387 1284 425 et
1316 379 1482 443 Iugur-

89 477 216 523 tham
262 478 459 523 vinctum
505 477 671 522 adduci
714 478 910 521 Romam
938 478 1195 523 nunciatum
1239 485 1336 537 est,
1372 478 1483 526 Ma—

87 575 178 619 rius
223 575 381 628 consul
427 575 590 619 absens
644 575 806 632 factus,
855 581 900 619 et
939 576 980 619 ei
1026 575 1208 620 decreta
1246 577 1481 637 provincia

87 685 243 730 epitheto
267 686 362 721 vocis
382 687 534 730 Romani
551 685 676 720 haberi
694 684 839 730 possint,
863 686 923 719 sed
947 691 1081 731 tempus
1104 686 1296 733 designent,
1319 699 1388 724 nou
1408 689 1484 724 uit·-

84 747 178 782 ficile
201 751 254 782 est
275 749 320 782 ad
344 748 555 790 videndum,
587 747 698 781 aliam
730 745 960 790 praeeessisse
993 748 1154 791 temporis
1177 739 1485 794 significationem„

84 807 136 842 ita
158 812 199 844 ut
222 812 370 853 utraque
391 807 566 854 pertineat
587 807 632 843 ad
656 808 766 841 verba
790 807 943 842 Romam·
972 810 1020 843 sic
1043 810 1209 845 habuere.
1255 810 1349 854 Quid
1373 823 1481 855 quae·
1516 826 1523 829 ·

82 868 158 903 ris?
189 869 378 905 Sallustius
411 869 569 914 scripsit:
604 869 762 913 ibique
794 874 828 903 et
861 869 941 904 inde
972 882 1079 915 usque
1103 871 1151 905 ad
1175 875 1329 905 nostram
1353 884 1478 908 memo-

81 931 175 964 rium
198 934 286 973 etc„
311 931 336 965 i.
362 942 394 965 e.
422 936 458 966 et
481 936 573 973 tum,
605 930 669 964 ubi
690 930 888 975 perieulum
914 931 1084 976 urgebat,
1118 936 1154 966 et
1173 943 1238 976 per
1261 937 1372 967 totum
1395 936 1478 969 reli-

81 1002 183 1026 cuum
205 996 354 1036 tempus,
376 1002 467 1036 quae
487 991 637 1026 mutatio
654 991 996 1026 commendationem
1020 997 1198 1026 externam
1223 1004 1362 1038 quoque
1385 995 1478 1030 hanc

80 1051 208 1094 hahet,
237 1053 331 1098 quqd
361 1051 399 1086 iu
430 1053 550 1087 Berol.
576 1053 610 1087 2.
643 1064 706 1096 pro
735 1053 854 1098 illique
877 1057 989 1087 exstat
1011 1054 1137 1098 illoque
1160 1058 1325 1098 tempore,
1350 1056 1478 1100 quibus

80 1112 200 1147 verbis
221 1116 319 1157 patet
339 1124 409 1147 uon
431 1114 575 1159 illique,
606 1114 666 1148 sed
698 1115 814 1159 ibique
840 1114 1022 1158 explicari.
1069 1114 1162 1149 Satis
1186 1114 1388 1158 frequenter
1412 1128 1476 1152 au-

79 1177 154 1208 tem
175 1173 226 1208 ibi
248 1174 420 1219 temporis
441 1179 616 1220 potestate
639 1177 736 1211 valet
761 1182 832 1210 tum
844 1188 858 1216 ‚·
882 1176 928 1209 cf.
951 1174 1208 1208 Drakenborch
1231 1177 1275 1210 ad
1299 1177 1375 1214 Liv.
1402 1179 1477 1219 vn,

78 1233 149 1277 23,
171 1234 206 1272 4.
229 1235 275 1269 ad
298 1235 352 1278 11,
375 1234 419 1278 5,
445 1237 479 1270 1.
502 1235 564 1280 qui
586 1237 684 1272 locus
707 1249 750 1272 eo
773 1249 913 1285 quoque
935 1234 1101 1269 notabilis
1128 1239 1203 1277 est,
1227 1237 1320 1280 quod
1345 1239 1477 1282 pariter
1525 1255 1537 1258 ·

0 1292 11 1301 '
78 1295 134 1332 illa·
163 1300 199 1332 et
231 1297 281 1332 ibi
311 1308 414 1331 voces
446 1299 615 1333 confusae
643 1301 743 1341 sunt3
774 1299 904 1333 Duker.
935 1296 983 1330 ad
1013 1295 1091 1330 Liv.
1122 1296 1167 1336 11,
1199 1295 1257 1340 35,
1288 1298 1320 1332 2.
1348 1300 1478 1334 Ruhn-

78 1357 159 1403 keu.
171 1357 228 1393 -ud
249 1356 336 1392 Ter.
359 1358 467 1392 Andr.
492 1361 522 1402 l,
546 1359 580 1402 1,
599 1359 658 1396 79.
681 1379 725 1385 -—
753 1360 810 1393 Sic
835 1360 1007 1399 habuere,
1034 1357 1058 1390 i.
1090 1368 1121 1391 e.
1147 1356 1184 1391 in
1208 1369 1250 1392 ea
1274 1359 1373 1394 fuere
1397 1372 1475 1394 sen-

52 1460 57 1465 ..
78 1418 206 1460 tentia,
236 1418 289 1452 sie
318 1424 519 1462 senserunt3
564 1420 611 1454 cf.
643 1421 730 1455 Cato
762 1421 805 1454 de
836 1421 880 1456 R.
915 1420 964 1453 R.
998 1418 1110 1462 praef.
1178 1408 1333 1454 Maiores
1363 1421 1476 1456 nostri

78 1480 144 1513 εἰσ
177 1479 464 1522 habuerunt,
495 1485 529 1516 et
563 1481 617 1516 ita
649 1482 686 1516 in
719 1482 855 1527 legibus
876 1484 1085 1526 posuerunt,
1112 1481 1231 1523 furem
1262 1481 1361 1525 dupli
1385 1494 1473 1516 con-

77 1541 259 1582 demnari,
292 1542 556 1585 foeneratorem
602 1542 802 1587 quadrupli.
867 1541 941 1577 Cic.
985 1543 1073 1585 Epp.
1114 1541 1159 1575 ad
1198 1541 1339 1578 Famm.
1381 1543 1475 1586 ΧΠ,

76 1602 112 1645 4,
147 1601 184 1638 8.
229 1603 303 1637 Sic
335 1603 526 1646 habeto,
557 1603 606 1636 mi
644 1604 738 1645 Tiro,
769 1603 940 1637 neminem
973 1613 1045 1636 esse
1079 1603 1139 1646 qui
1171 1613 1226 1636 me
1258 1609 1364 1646 amet,
1389 1605 1474 1649 quin

77 1664 170 1698 idem
192 1668 228 1698 te
251 1668 356 1698 amet.
381 1663 431 1698 ib.
455 1664 500 1707 ll,
525 1663 584 1706 10,
606 1664 640 1698 2.
663 1683 710 1690 —-
735 1665 849 1699 Prona
873 1664 897 1698 i.
920 1675 951 1698 e.
971 1663 1123 1708 facilia3
1147 1674 1180 1696 v.
1203 1663 1248 1697 ad
1271 1675 1302 1698 c.
1328 1664 1472 1706 LXXX,

77 1723 113 1759 4.
137 1742 180 1751 ·-
214 1725 286 1760 Pro
318 1730 476 1767 certare,
511 1726 605 1770 quod
627 1726 734 1771 longe
756 1725 902 1770 plurimi
928 1724 1122 1770 optimique
1146 1723 1245 1758 codd.
1270 1727 1410 1769 tenent,
1434 1726 1473 1760 iu

76 1785 202 1821 ceteris
233 1790 286 1821 est
317 1786 464 1828 certari,
497 1791 536 1821 ut
559 1786 667 1822 etiam
690 1788 878 1822 Diomedes
902 1787 966 1822 lib.
990 1787 1016 1820 1.
1041 1797 1075 1830 p.
1098 1784 1182 1819 394.
1208 1785 1351 1820 Putsch.
1373 1786 1473 1821 hune

74 1847 195 1882 locum
218 1847 364 1883 laudans
386 1848 505 1882 refert.
553 1849 656 1893 Quod
688 1860 902 1893 quamquam
936 1847 1195 1893 quodammodo
1228 1846 1315 1880 ferri
1343 1852 1472 1892 potest,

75 1911 195 1943 tamen
214 1910 394 1955 generalis
416 1910 586 1945 sententia
610 1910 726 1945 minus
748 1915 833 1956 apta
855 1914 927 1952 est,
957 1909 1019 1943 ubi
1043 1912 1138 1954 patet
1161 1908 1343 1943 Romanos
1367 1910 1411 1945 de
1432 1921 1484 1946 se.

75 1970 157 2004 solis
178 1970 290 2015 loqui.
336 1971 457 2015 Quare
478 1972 686 2007 Diomedem
710 1975 795 2016 puto
819 1972 876 2006 vel
904 1971 1032 2006 vitioso
1062 1968 1255 2013 exemplari
1286 1969 1470 2014 deceptum

76 2029 204 2073 fuisse,
235 2031 294 2065 vel
324 2034 532 2068 memoriter
562 2034 654 2068 haee
685 2033 796 2067 verba
827 2032 1032 2067 laudantem
1063 2029 1212 2065 invitum
1237 2041 1279 2064 ea
1301 2034 1471 2074 mutasse,

74 2091 168 2135 quod
191 2102 234 2126 eo
260 2093 480 2136 probabilius
503 2099 567 2138 est,
591 2107 700 2140 quum
723 2094 833 2136 etiam
857 2095 901 2128 de
924 2094 1049 2134 salute,
1075 2092 1119 2126 de
1141 2091 1258 2136 gloria
1281 2091 1473 2136 scripserit,

75 2161 147 2185 uon
166 2163 231 2197 pro
254 2154 379 2197 salute,
399 2167 465 2200 pro
487 2156 627 2202 gloria,
652 2161 691 2192 ut
714 2168 833 2191 omues
856 2155 955 2190 codd.
979 2155 1054 2188 sine
1076 2153 1150 2187 ulla
1174 2153 1344 2188 varietate
1367 2153 1471 2191 exhi-r

74 2213 169 2249 beat,
215 2215 289 2250 Gur
311 2214 449 2252 scribae
473 2222 591 2253 autem
617 2223 750 2254 certare
773 2218 810 2252 in
834 2217 964 2252 certari
987 2218 1182 2256 mutarent,
1206 2214 1281 2250 eius
1304 2214 1356 2249 rei
1380 2215 1472 2250 haee

75 2267 200 2312 caussa
222 2277 310 2320 fuit,
342 2279 436 2323 quod
460 2280 656 2315 subiectum
679 2280 798 2315 deesse
821 2280 1011 2324 putabant,
1046 2276 1237 2311 nescientes
1261 2287 1303 2309 ex
1327 2287 1469 2320 praece·

74 2337 176 2372 dente
204 2340 410 2383 pronomine
443 2352 528 2376 suae
563 2341 670 2376 facile
698 2353 736 2377 se
763 2341 939 2386 suppleri3
970 2350 1006 2376 v,
1032 2339 1078 2373 ad
1104 2350 1133 2372 c.
1159 2337 1321 2381 LXXVI,
1347 2337 1381 2371 1.
1406 2338 1470 2371 ubi

74 2397 199 2434 eodem
221 2401 326 2444 plano
347 2402 454 2437 modo
475 2407 658 2447 peccatum
682 2405 744 2438 est.
811 2402 865 2436 Ad
887 2400 1095 2449 sententiam
1118 2399 1231 2442 ipsam
1256 2398 1302 2432 cf.
1328 2398 1402 2433 Cic.
1425 2399 1470 2433 de

75 2458 150 2496 off.
179 2461 208 2504 1,
242 2461 300 2503 12,
321 2461 389 2497 38.
438 2463 524 2497 Cum
555 2463 702 2498 Cimbris
734 2463 874 2506 bellum,
906 2467 946 2498 ut
978 2473 1056 2496 cum
1083 2460 1241 2502 inimicis,
1265 2463 1468 2506 gerebatur,

74 2525 154 2559 nter
179 2529 318 2567 esset,
342 2536 412 2559 non
434 2529 513 2559 uter
535 2512 804 2568 imperaret.
853 2524 975 2569 Neque
998 2523 1043 2559 ad
1067 2522 1177 2557 uliam
1198 2532 1275 2555 rem
1297 2525 1469 2567 spectant,

73 2593 164 2627 quae
185 2578 375 2621 Sallustius
398 2585 475 2621 Cat.
498 2585 593 2628 LlIl,
618 2585 653 2620 3.
677 2586 720 2620 de
743 2586 929 2621 Gallorum
953 2585 1084 2620 virtute
1106 2581 1286 2618 iudicavit.
1473 2630 1478 2634 ἡ

166 2646 200 2688 §-
225 2645 260 2680 3.
284 2650 321 2681 et
345 2647 377 2681 4.
403 2648 519 2682 consul
541 2648 664 2682 absens
679 2649 825 2692 sactus]
872 2648 912 2682 ld
934 2646 1113 2682 insolitum
1137 2644 1224 2688 ruit,
1255 2646 1291 2679 et
1321 2643 1469 2690 insignis

34 2719 51 2742 ,τ
73 2704 206 2740 favoris
226 2718 269 2741 ac
290 2707 439 2742 fiduciae
462 2708 498 2742 in
521 2709 637 2743 Mario
660 2696 794 2752 positae
817 2709 1086 2750 doeumentum3
1118 2705 1270 2742 absentis
1303 2705 1396 2740 enim
1430 2706 1468 2740 in

39 2803 43 2807 ,
75 2767 228 2801 comitiis
250 2769 343 2804 ratio
366 2780 436 2803 non
457 2769 674 2811 habebatur,
698 2770 744 2804 cf.
769 2770 868 2804 Caes.
894 2770 939 2806 B.
963 2771 1001 2805 C.
1026 2771 1062 2810 1,
1086 2768 1128 2810 9,
1156 2768 1190 2804 2.
1217 2769 1252 2801 et
1275 2766 1318 2801 de
1341 2767 1465 2802 eadem
