1826 3276
360 159 731 204 IUGURTHA.
789 163 914 206 CAP.
938 162 1196 206 XXXVIII.
1391 168 1473 208 221

83 280 238 324 tertiae
271 278 462 339 legionis
497 293 583 339 per
616 279 930 335 munitionem,
966 296 1116 340 quam,
1151 281 1215 326 uti
1250 280 1474 326 defend&

82 382 172 432 ret,
207 381 470 436 acceperat,
506 375 657 420 locum
693 375 896 423 hostibus
930 378 1182 423 introeundi
1217 379 1356 435 dedit,
1393 395 1473 424 ea-

80 489 172 532 que
212 473 438 518 Numidae
481 473 629 518 cuncti
673 473 892 534 irrupere.
963 475 1120 520 Nostri
1162 475 1298 521 foeda
1343 476 1506 538 fuga,7

35 555 37 559 Α
80 571 287 632 plerique
315 571 496 615 abiectis
523 570 656 614 armis
683 586 954 630 proxumum
982 573 1473 634 collemvoccupaverffi

82 683 173 714 nox
206 675 343 727 atque
377 667 550 729 praeda
586 657 834 712 castrorum
875 667 1014 712 hostis
1059 671 1294 728 quominus
1332 672 1516 716 victo-8

80 765 145 810 ria
178 770 408 817 uterentur
450 743 673 808 remorata
717 770 828 811 sunt.
900 764 1078 810 Deinde
1121 766 1340 828 Iugurtha
1382 784 1467 829 po·
1485 771 1512 810 9

80 870 201 908 stero
230 861 305 907 die
336 877 439 908 cum
466 861 585 906 Aulo
618 861 666 905 in
702 861 929 920 colloquio
963 861 1102 907 verba
1136 864 1264 909 facit:
1299 866 1476 910 tametsi

67 983 247 1042 =generum
269 995 391 1031 (locem
414 996 552 1031 ordines
574 996 695 1037 erant,
728 995 944 1040 totidemque
965 997 1193 1034 centuriones.
1243 998 1380 1033 Primus
1402 999 1474 1045 igi-

77 1062 136 1094 tur
155 1058 314 1103 princeps
336 1068 407 1092 uon
429 1057 544 1092 solum
568 1056 702 1100 primns
724 1056 831 1098 ordo,
864 1059 925 1092 sed
949 1059 1057 1094 etiam
1080 1060 1215 1104 primus
1238 1061 1396 1095 centurio
1419 1060 1474 1095 iu·

77 1123 132 1154 tor
154 1109 332 1164 principes
346 1118 467 1154 'dietus
489 1122 554 1161 est,
578 1118 749 1153 secandus
771 1118 909 1162 deinde,
936 1122 1071 1164 tertius,
1095 1133 1207 1166 usque
1228 1122 1273 1156 ad
1289 1122 1473 1163 decimum,

77 1180 172 1225 iique
193 1179 316 1215 ordine
337 1184 374 1216 et
395 1181 530 1215 honoro
552 1191 628 1215 sese
651 1180 883 1224 excipiebant.
906 1181 953 1216 cf.
977 1181 1053 1217 Liv.
1071 1183 1198 1226 XXVI,
1220 1183 1267 1224 6,
1291 1184 1328 1218 1.
1366 1183 1474 1218 Primi

75 1243 243 1289 principis
265 1243 418 1287 signam.
465 1241 527 1276 Sie
557 1241 649 1276 inter
679 1241 798 1276 decem
824 1242 964 1277 ordines
986 1242 1205 1278 hastatorum
1228 1243 1362 1287 primus
1386 1244 1475 1278 ordo

76 1304 210 1338 honore
232 1302 380 1348 insignis
402 1305 498 1343 erat,
521 1301 666 1346 eiusque
687 1303 845 1338 centurio
865 1305 1000 1349 primas
1022 1304 1205 1346 hastatas,
1227 1304 1304 1339 Liv.
1331 1305 1475 1347 xxvn,

77 1364 143 1408 14,
166 1364 201 1400 8.
225 1365 361 1406 xxvl,
384 1362 428 1406 5,
451 1361 509 1400 15.
541 1363 676 1399 Eodem
700 1365 806 1399 modo
830 1364 922 1400 inter
944 1365 1066 1400 decem
1090 1365 1311 1401 centuriones
1332 1365 1475 1401 triario-

76 1437 158 1461 rum
189 1425 264 1460 sive
294 1424 496 1470 piluuorum
527 1425 664 1469 primus
699 1427 896 1462 vocabatur
926 1426 1061 1471 primus
1088 1427 1182 1471 pilus
1215 1427 1291 1462 sive
1318 1427 1474 1463 centurio

76 1487 182 1532 primi
202 1486 288 1532 pili,
311 1485 374 1531 qui
387 1490 423 1520 et
436 1485 586 1520 relicuos
600 1487 816 1531 triariorum,
841 1491 877 1522 et
892 1487 1046 1532 primum
1060 1488 1252 1533 principem
1267 1493 1302 1524 et
1318 1489 1474 1533 primum

77 1548 259 1583 hastatum
282 1547 454 1592 dignitato
476 1547 648 1590 anteibat;
672 1548 720 1583 cf.
742 1549 841 1583 Caes.
865 1549 909 1583 B.
936 1549 982 1586 G.
1003 1550 1056 1591 II,
1078 1549 1138 1584 25.
1163 1549 1244 1594 (ubi
1266 1560 1302 1585 v.
1325 1551 1473 1586 doctam

77 1608 251 1655 Herzogii
271 1608 425 1653 uotam.)
470 1609 524 1643 De
555 1620 744 1654 progressu
771 1610 818 1644 ab
850 1609 1018 1645 inferiore
1040 1610 1185 1646 honoris
1207 1611 1322 1656 gradu
1346 1611 1391 1645 ad
1411 1622 1473 1646 su-

78 1670 254 1715 periorem
275 1668 425 1715 insignis
445 1669 542 1703 locus
565 1673 618 1703 est
641 1670 732 1712 apud
757 1668 832 1703 Liv.
856 1669 973 1713 XLII,
1004 1671 1065 1707 34.
1097 1671 1160 1705 ubi
1183 1671 1245 1716 Sp.
1269 1671 1475 1717 Ligustinus

77 1716 209 1768 desua
230 1732 407 1767 honorum
430 1740 535 1764 cursu
557 1728 608 1764 ita
630 1729 801 1773 disputat:
849 1730 1035 1766 Biennium
1058 1733 1117 1767 mi
1125 1734 1191 1766 les
1215 1734 1475 1778 gregarius

72 1794 133 1838 fai
154 1794 322 1828 adversus
345 1792 545 1837 Philippum
574 1801 717 1836 regem5
749 1791 853 1826 tertio
887 1803 979 1827 anno
1009 1795 1151 1829 vitiatis
1174 1805 1299 1829 caussa
1321 1795 1407 1829 mihi
1432 1795 1475 1829 Τ.

81 1855 262 1899 Quinctius
286 1854 481 1889 Flaminius
505 1854 731 1888 decumam
760 1853 963 1888 ordinem
993 1855 1233 1890 hastatum
1265 1856 1474 1901 assignavit.
1534 1903 1539 1907 ἱ

77 1937 125 1945 -
152 1915 256 1951 Miles
276 1915 493 1951 uoluntarius
515 1926 594 1949 cum
622 1913 673 1947 Μ.
700 1913 820 1947 Porcio
844 1915 982 1950 consule
1004 1916 1041 1950 iu
1066 1917 1278 1962 Hispaniam
1298 1920 1476 1962 profectus

77 1989 180 2019 κως
201 1997 249 2004 -
278 1977 335 2012 hio
357 1988 413 2012 me
438 1977 629 2022 imperator
652 1974 799 2020 diguam
823 1975 995 2012 iudicavit
1018 1978 1074 2012 cni
1094 1978 1284 2022 primum
1309 1978 1474 2013 hasta-

78 2043 171 2074 tum
202 2038 328 2083 prioris
357 2039 535 2072 centuriae
568 2036 782 2081 assignaret.
833 2036 952 2072 Tertio
984 2038 1111 2072 iterum
1134 2039 1354 2074 voluntarias
1377 2040 1475 2074 miles

71 2101 198 2144 saetae
215 2110 314 2141 nm:
336 2118 384 2125 -—
405 2111 432 2134 a
455 2100 552 2134 Man.
573 2098 684 2133 Acilio
707 2097 794 2132 mihi
814 2099 989 2143 primus
1009 2099 1227 2145 princeps
1246 2101 1374 2146 prioris
1394 2113 1474 2136 cen-

79 2161 195 2196 turine
211 2165 263 2196 at
275 2161 490 2206 castigantur.
504 2179 552 2186 -
570 2160 701 2203 Quater
716 2160 811 2194 intra
832 2171 964 2204 paucos
986 2173 1096 2196 annos
1116 2163 1231 2206 prim
1242 2174 1308 2197 am
1330 2163 1474 2207 pilum

80 2222 175 2257 duxi.
200 2221 247 2258 cf.
273 2221 369 2266 Lips.
391 2221 435 2256 de
457 2221 565 2257 Milit.
589 2222 695 2256 Rom.
718 2222 763 2264 11,
777 2221 812 2258 8.
836 2222 913 2256 Ald.
937 2223 1073 2258 Manut.
1097 2222 1255 2266 Quaesit.
1282 2235 1344 2269 per
1360 2224 1472 2269 Epist.

80 2283 134 2326 ΙΙ,
154 2282 189 2318 3.
214 2282 328 2318 Cou'r.
352 2282 450 2318 Adde
471 2283 737 2321 Drakenborch.-
758 2278 803 2318 ad
827 2283 903 2320 mv.
927 2285 982 2327 11,
1006 2284 1065 2327 27,
1090 2284 1123 2320 7.
1149 2285 1314 2319 Creuzeri
1331 2284 1471 2330 Antiqq.

79 2344 187 2378 Rom.
210 2344 244 2386 §.
263 2342 345 2377 242.
368 2355 401 2388 p.
418 2343 500 2380 376.
522 2345 577 2379 ed.
599 2345 647 2380 11.
676 2364 725 2370 —
756 2345 881 2391 anue
909 2345 962 2381 ita
991 2347 1036 2381 ad
1068 2356 1314 2391 praegressum
1343 2357 1473 2381 nomon

79 2405 243 2446 retertur,
264 2408 304 2439 ut
325 2405 567 2439 tantummodo
593 2405 756 2441 universa
778 2407 845 2441 loci
867 2407 986 2450 notio,
1008 2418 1077 2441 nou
1099 2406 1336 2452 grammatica
1357 2407 1474 2443 forma

79 2465 245 2501 vocabuli
267 2465 496 2510 respiciatur-3
520 2465 566 2499 cf.
590 2467 634 2501 ad
658 2468 734 2504 Cat.
752 2469 865 2510 LVII,
881 2467 916 2503 3.
941 2472 976 2503 et
998 2468 1042 2502 ad
1064 2468 1144 2513 lug.
1160 2467 1288 2509 XVIII,
1312 2468 1346 2503 2.
1373 2469 1471 2505 Caes.

0 2523 4 2540 '
79 2527 123 2562 B.
146 2526 192 2562 G.
218 2527 262 2572 V,
281 2526 340 2571 51,
357 2526 392 2561 4.
419 2527 516 2562 Curt-
531 2527 593 2569 111,
608 2526 643 2570 4,
661 2527 697 2564 7.
720 2529 810 2564 ven.
827 2529 872 2572 ΙΙ,
889 2529 969 2567 111.
995 2529 1120 2565 Bromi
1141 2529 1187 2564 ud
1210 2528 1300 2574 Nep.
1322 2530 1471 2566 Eumen.

78 2588 158 2623 vm
198 2588 234 2623 4.

166 2613 203 2691 ,9.
219 2647 350 2684 7.-9,
375 2654 552 2684 remorata
567 2651 664 2695 sant]
687 2651 885 2686 Praedicati
909 2652 954 2687 ad
977 2652 1079 2697 plura
1101 2652 1245 2688 nomina
1259 2654 1472 2698 appellativa

78 2708 281 2754 pertinentis
295 2721 405 2755 genus
417 2711 672 2747 illustravimus
687 2713 733 2748 atl
753 2713 830 2750 Cat.
848 2714 893 2754 X,
910 2712 934 2747 2
970 2726 1002 2758 p.
1020 2713 1076 2748 52.
1101 2713 1188 2748 ibid.
1208 2715 1285 2756 XX,
1302 2714 1338 2748 2.
1361 2718 1396 2749 et
1412 2715 1469 2748 14.

79 2769 219 2812 XXXI,
244 2769 278 2808 1,
312 2771 432 2806 Iustin-
457 2772 496 2817 1,
519 2772 564 2817 7,
587 2771 622 2807 ⁷.
648 2793 695 2800 —
727 2774 798 2808 Pro
822 2774 950 2809 deinde
972 2774 1132 2819 Cottius,
1170 2778 1209 2810 ut
1230 2776 1318 2810 solet
1341 2775 1376 2810 in
1399 2776 1467 2811 hoc
