1826 3276
445 152 816 200 IUGURTHA.
876 153 1000 198 CAP.
1032 153 1133 198 XV.
1427 158 1486 201 95

80 273 243 336 pauci,
273 272 439 333 quibus
472 271 644 318 bonum
680 277 727 318 et
756 286 952 333 aequum
988 269 1149 318 divitiis
1186 271 1330 317 carius
1365 278 1477 331 crat,

81 369 442 418 subveniundum
488 369 741 416 Adherbali
783 376 829 415 et
862 369 1138 431 Hiempsalis
1172 375 1366 416 mortem
1400 385 1477 416 se·

79 484 186 515 vere
219 468 533 515 vindicandam
568 465 841 522 censebant3
872 467 955 513 sed
985 482 1045 513 ex
1072 467 1279 514 omnibus
1313 474 1511 516 maxa-4

79 582 154 613 me
186 566 405 616 Aemilius
440 566 652 624 Scaurus,
686 565 828 610 homo
859 566 1035 622 nobilis,
1069 566 1278 629 impiger,
1312 566 1476 611 factio-

79 680 178 725 ωε,
223 663 380 714 avidus
413 663 667 724 potentiae,
713 662 925 719 honoris,
959 662 1240 722 divitiarum,
1276 669 1477 709 ceterum

79 763 184 809 vitia
211 776 293 807 sua
325 759 488 807 callide
523 759 768 805 occultanS.
838 758 882 805 Is
924 764 1173 820 postquam
1202 760 1326 806 videt
1352 763 1510 824 regis5

75 925 134 960 lae
170 922 375 969 propriam,
404 933 495 967 quae
520 921 674 956 cernitur
707 921 745 956 in
776 920 994 966 oppositione
1026 933 1145 956 rernm
1169 921 1391 958 diversarum
1417 925 1475 959 vel

74 984 352 1027 contrariarum,
375 983 513 1019 monuit
534 982 696 1018 Handius
720 983 763 1016 de
786 982 937 1017 Particc.
961 983 1040 1019 Lat.
1062 983 1109 1018 T.
1132 983 1161 1020 I.
1184 996 1220 1029 p.
1239 985 1322 1021 418.
1344 1004 1389 1011 -
1406 985 1478 1020 Bo-

73 1057 156 1080 num
180 1045 206 1081 i.
230 1056 261 1082 e.
284 1045 466 1080 honestum
488 1045 699 1084 observante
722 1043 842 1078 Cor-tio
865 1044 989 1079 eodem
1023 1045 1128 1079 modo
1152 1057 1234 1080 cum
1257 1058 1369 1091 aequo
1393 1058 1477 1081 con·

72 1107 233 1142 iunctum
256 1110 310 1143 est
333 1105 429 1151 apud
461 1105 548 1140 Ter.
570 1106 703 1141 Heaut.
729 1106 787 1148 lv,
810 1105 854 1149 1,
886 1105 946 1140 29.
977 1106 1061 1151 quid
1085 1118 1161 1141 cum
1184 1107 1257 1141 illis
1280 1118 1391 1154 agas,
1415 1109 1476 1152 qm·

71 1180 182 1214 neque
203 1169 259 1203 ius
281 1178 392 1213 neque
416 1161 579 1201 bon‘um
603 1172 646 1202 et
670 1178 864 1212 aequom
890 1166 1030 1202 sciunt?
1055 1167 1103 1203 id.
1127 1168 1277 1212 Adelph.
1303 1169 1346 1213 V,
1370 1169 1404 1213 9,
1415 1169 1476 1204 30.

71 1230 170 1264 Flor.
193 1229 256 1272 111,
281 1227 339 1271 14,
361 1227 454 1264 3.—
470 1228 563 1263 Erat
586 1232 666 1273 post
689 1228 806 1262 carius
830 1228 970 1263 Cottius
994 1229 1101 1263 tacite
1124 1230 1266 1272 omisit;
1293 1242 1335 1265 ex
1359 1231 1475 1266 omni-

71 1290 139 1325 bus
161 1290 263 1325 codd.
287 1301 376 1338 unus
401 1288 512 1324 Vatic.
536 1289 572 1324 3.
599 1300 670 1323 non
692 1289 812 1330 habet,
835 1300 940 1333 quem
965 1290 1180 1324 Gerlachius
1202 1290 1238 1324 in
1263 1291 1475 1327 Commentt.

70 1363 105 1397 p.
129 1351 212 1387 239.
243 1361 428 1396 perperam
459 1350 676 1395 sequendum
699 1354 837 1395 censet,
869 1362 1087 1395 quamquam
1109 1351 1146 1386 in
1168 1355 1265 1386 textu
1288 1344 1476 1398 vulgatam

70 1412 228 1448 retinuit.
254 1430 300 1440 —
323 1413 411 1448 Post
433 1413 619 1447 censebant
642 1412 782 1447 Cottius
807 1416 842 1447 et
866 1412 1033 1447 Gerlach.
1058 1412 1282 1448 incommode
1305 1418 1475 1458 punctum

69 1477 281 1520 posuerunt,
315 1485 386 1508 non
420 1474 605 1509 sentientes
634 1473 815 1518 sequentia
838 1473 941 1518 quasi
972 1474 1180 1519 epexegesin
1202 1475 1362 1519 priorum
1384 1487 1472 1512 esse.

68 1537 124 1571 De
150 1536 202 1573 M.
227 1535 376 1570 Aemilio
405 1536 562 1578 Scauro,
594 1535 747 1570 Senatus
779 1534 937 1579 principe
975 1534 1040 1580 (V.
1076 1535 1172 1570 infra
1202 1548 1232 1570 c.
1258 1537 1369 1581 XXV,
1394 1532 1474 1582 4.),

71 1597 186 1633 multa
207 1597 384 1632 habentur
408 1596 587 1631 Ciceronis
608 1596 966 1632 honorificentissima
987 1597 1208 1640 testimonia,
1233 1598 1279 1632 ab
1302 1598 1475 1644 interpre-

71 1659 165 1695 tibus
188 1658 261 1692 iam
285 1658 449 1700 laudata,
481 1658 579 1692 velut
610 1669 643 1701 p.
668 1658 804 1695 Fontei.
827 1658 873 1701 7,
898 1657 956 1693 14.
988 1670 1024 1702 p.
1050 1659 1144 1693 Mur.
1169 1659 1204 1702 7,
1229 1659 1287 1696 16.
1312 1673 1349 1706 p.
1374 1661 1472 1698 Sext.

69 1719 128 1761 47,
152 1719 233 1757 ml.
265 1719 368 1754 Brut.
391 1718 451 1762 29,
476 1719 558 1754 111.
593 1718 636 1752 de
661 1717 732 1751 Off.
759 1718 789 1760 1,
818 1717 877 1760 22,
901 1716 960 1753 76.
984 1718 1047 1753 ubi
1069 1730 1104 1753 v.
1129 1721 1304 1766 Heusing.
1329 1726 1366 1758 et
1389 1723 1472 1759 ear.

69 1781 188 1817 Beier.
219 1782 318 1816 Adde
339 1781 540 1824 Rupertum
564 1779 611 1814 ad
635 1775 758 1812 Taciti
781 1777 869 1812 Anu.
894 1779 966 1820 111,
990 1779 1049 1821 66,
1072 1780 1165 1818 med.
1190 1787 1226 1817 et
1249 1783 1472 1821 Freinshem.

67 1841 106 1878 iu
129 1842 354 1886 Supplomm.
385 1841 463 1877 Liv.
489 1841 552 1875 lib.
576 1840 696 1883 Lxu,
721 1850 797 1882 sqq.
846 1838 1064 1875 Divitiarum
1095 1842 1260 1886 cupidine
1293 1843 1471 1881 interdum

67 1899 254 1950 abreptum
279 1902 388 1937 fuisse
410 1905 549 1947 praeter
572 1900 781 1936 Sallustium
808 1912 838 1934 c.
857 1901 988 1943 xxlx,
1013 1902 1046 1936 2.
1070 1903 1167 1938 haud
1190 1907 1337 1941 obscure
1358 1906 1471 1953 signi-

66 1964 154 2000 ficat
176 1963 251 2009 ipse
275 1964 398 1998 Cicero
423 1965 468 1999 de
499 1963 599 1998 Orat.
622 1962 678 2004 11,
702 1960 768 2006 7⁰,
794 1960 876 1996 283.
900 1968 946 1988 '—
970 1963 1041 1998 Pro
1064 1966 1170 2007 solet,
1194 1967 1288 2011 quod
1311 1969 1472 2004 absolute

66 2026 205 2074 ψει
225 2025 482 2071 explicavimus
506 2025 550 2060 ad
569 2025 646 2061 Cat.
669 2024 799 2066 xxix,
823 2024 847 2059 2
861 2050 872 2066 ‚
895 2025 1055 2059 nonnulli
1074 2026 1175 2064 codd.
1198 2028 1330 2063 habent
1348 2032 1374 2074 f
1380 2031 1472 2066 ieri

66 2075 236 2123 solet..—·
266 2087 439 2135 Animum
464 2098 488 2122 a
517 2085 708 2121 temeraria
740 2085 959 2121 coniectandi
987 2087 1136 2123 libidine
1157 2101 1227 2124 non
1249 2090 1420 2126 continuit
1440 2092 1469 2126 1.

66 2148 137 2184 1³¹1..
152 2148 376 2192 Gronovius,
410 2147 633 2184 scribendum
663 2159 806 2183 censens
835 2159 886 2183 ne
918 2150 1096 2194 polluti
1132 2151 1275 2186 licentia
1296 2153 1473 2188 invidiam

67 2209 521 2269 accend-erentfflu&
545 2220 658 2254 neque
680 2213 823 2255 propter
846 2213 1059 2246 structuram
1081 2213 1319 2249 necessarium
1342 2217 1407 2258 est,
1432 2220 1472 2251 et

65 2270 272 2307 sententiam
303 2270 418 2306 multo
447 2270 656 2306 deteriorem
687 2271 812 2306 reddit.
861 2271 941 2307 Non
974 2272 1068 2308 enim
1100 2275 1147 2308 ad
1177 2286 1298 2309 omnes
1319 2276 1472 2320 pecunia.

65 2331 162 2377 regis
189 2334 373 2376 corruptos
394 2332 483 2366 haec
507 2335 684 2378 spectant,
716 2332 776 2367 sed
800 2332 848 2367 ad
878 2344 990 2368 unum
1012 2328 1208 2380 Scaurum,
1234 2336 1295 2380 qui
1319 2339 1470 2374 vereba-

64 2396 123 2428 tur
143 2404 189 2429 ne
211 2392 248 2427 in
282 2392 532 2439 gravissimam
553 2393 725 2429 invidiam
747 2394 943 2430 incurreret
975 2396 1163 2440 (iuvidiam
1187 2399 1394 2435 accenderet
1416 2411 1464 2435 sc.

64 2454 147 2499 eibi)
172 2453 203 2489 si
233 2455 310 2499 pol
325 2455 430 2489 luta
464 2455 606 2491 licentia
629 2458 751 2501 ageret
774 2455 798 2490 i.
823 2468 855 2492 e.
888 2468 996 2502 supra
1018 2459 1163 2494 modum
1186 2459 1290 2503 aequi
1312 2460 1466 2497 honesti·

63 2526 134 2560 que
166 2515 352 2561 negligens
383 2519 487 2550 esset.
535 2516 694 2552 Pollutas
724 2516 840 2560 enim,
882 2530 953 2562 quo
984 2520 1126 2564 proprie
1155 2520 1375 2566 significatur
1406 2534 1465 2557 res

64 2577 212 2612 maculis
242 2578 502 2619 contaminata,
533 2578 702 2614 translate
732 2579 776 2614 de
809 2580 928 2622 omni,
961 2581 1055 2624 quod
1084 2581 1228 2616 foedum
1251 2586 1286 2618 et
1311 2583 1462 2619 detesta-

64 2637 137 2674 bile
159 2639 292 2675 factum
315 2643 389 2681 est,
420 2642 631 2684 usurpatur-3
656 2641 718 2675 sed
741 2644 860 2675 tamen
883 2640 1050 2676 audacius
1072 2641 1263 2678 Sallustius
1286 2643 1324 2677 id
1348 2643 1461 2688 ipsum

62 2700 233 2744 pollutum
268 2699 375 2743 dicit,
416 2712 487 2746 quo
528 2701 672 2746 proprie
709 2702 921 2737 homines
961 2703 1020 2737 vel
1049 2703 1278 2739 hominum
1316 2704 1461 2740 animi

61 2761 188 2805 polluta·
209 2760 392 2803 dicuntur-3
427 2762 630 2806 polluuntur
653 2761 747 2798 enim
770 2773 860 2807 quae
881 2766 1005 2808 suapte
1025 2768 1151 2801 natura
1174 2777 1284 2810 pura,
1319 2765 1461 2810 integra
