1826 3276
417 198 472 237 es
548 183 554 198 ·’
744 193 815 235 .c.
844 191 1178 244 SALLNUSTI
1206 191 1429 236 emsm

382 307 527 351 5fides
570 322 703 366 quam
757 307 944 367 pecunia
987 305 1082 350 fuit.
1159 305 1210 350 ln
1254 284 1463 351 divisione
1511 322 1626 365 quae
1671 322 1775 367 pars

416 488 445 519 p.
469 474 548 510 595.
570 475 646 519 Ing.
671 474 749 516 XX,
772 472 806 508 5.
818 485 832 514 ‚-
854 474 923 508 tale
943 475 995 509 est
1015 475 1131 508 autem
1152 473 1325 508 inimicum
1343 475 1595 522 accuratissime
1616 476 1777 522 recipere,

414 535 504 577 quod
535 545 557 568 a
589 538 713 567 natura
747 533 878 578 ingenii
907 533 1054 568 humani
1089 533 1264 568 abhorret.
1316 533 1496 568 Postremo
1532 533 1563 568 si
1579 523 1779 571 ‘Sallustius

415 592 593 636 Opimium
622 593 813 637 Iugurthae
840 593 992 628 amicum
1021 592 1130 627 fuisse
1159 592 1324 627 voluisset
1362 593 1498 636 dicere,
1529 603 1597 628 nou
1631 595 1779 630 debebat

414 653 463 686 ita
486 652 602 695 loqui,
627 656 665 685 ut
687 652 723 685 in
745 653 891 697 vulgata
922 655 994 695 est,
1026 653 1085 686 sed
1108 652 1181 687 sic:
1213 663 1290 686 eum
1313 653 1392 697 Iug-
1436 663 1566 697 quum
1595 653 1685 686 iam
1707 655 1778 687 Ro-

414 723 492 745 mae
514 713 551 745 in
574 712 691 745 amicis
714 711 737 744 h
751 712 980 754 unisset,
1003 718 1156 747 accurat.
1179 712 1317 756 recepit.
1364 710 1463 755 Quae
1485 722 1592 756 quum
1618 711 1682 746 ital
1697 712 1777 757 sint,

415 784 481 806 non
504 771 650 805 dubium
672 774 723 805 est
748 771 830 815 quin
853 771 954 805 unice
976 783 1098 806 verum
1123 771 1170 806 sit
1191 772 1229 805 in
1251 773 1396 806 inimicis
1413 797 1424 813 ,
1448 782 1552 816 quam
1574 772 1779 817 scripturam

414 831 584 876 integram
607 830 760 865 servavit
782 832 855 864 cod.
881 832 1085 865 Gommelin.
1130 832 1293 865 Proxime
1315 832 1445 866 accedit
1467 832 1543 865 Vin.
1565 832 1599 865 2.
1623 833 1779 873 inimicis,

413 891 486 925 sine
516 892 574 932 in,
607 891 701 933 quod
730 891 907 925 absorberi
938 892 1061 934 potuit.
1115 892 1242 925 Paullo
1272 891 1494 935 depravatior
1528 894 1580 926 est
1607 892 1780 936 scriptura

413 952 525 985 Palat.
549 951 584 984 7.
610 951 781 991 inimicos,
810 951 901 983 uude
931 951 1126 984 Gronovius
1158 951 1202 984 ad
1226 961 1363 984 sensum
1393 951 1476 984 satis
1499 951 1586 984 bene
1610 952 1692 986 fecit
1714 952 1776 986 ἐπι·-

413 1012 547 1045 micum.
566 1029 611 1034 —
638 1010 860 1044 pollicitando
885 1008 1122 1043 tautummodo
1145 1013 1259 1043 tenent
1289 1009 1392 1045 Febr.
1415 1009 1448 1043 1.
1472 1010 1583 1044 Paris.
1608 1022 1639 1045 z.
1662 1011 1780 1047 Berol.

413 1070 445 1103 1.
469 1070 584 1103 Mark.
612 1071 654 1103 Γ.
678 1068 752 1103 Vin.
776 1069 808 1101 2.
831 1069 900 1101 lnc.
923 1068 955 1101 1.
981 1068 1101 1103 Struv.
1126 1069 1241 1102 Guelf.
1266 1068 1301 1101 7.
1326 1068 1381 1102 12.
1418 1068 1493 1102 Ed.
1519 1070 1610 1114 Teg.
1633 1071 1720 1105 Tur.
1745 1072 1779 1106 1.

411 1138 459 1162 m.
483 1139 571 1169 sec.;
596 1129 630 1161 in
652 1128 791 1161 relicuis
814 1130 864 1161 est
883 1128 1092 1172 pollicendo,
1116 1128 1207 1171 quod
1230 1126 1343 1161 miuus
1364 1127 1582 1171 probandum
1604 1141 1678 1163 esse
1692 1130 1780 1164 dixi·-

413 1200 489 1221 mus
511 1188 554 1222 ad
579 1189 653 1222 Cat.
677 1188 867 1228 XXXVIII,
890 1187 924 1223 l.
959 1199 993 1231 p.
1018 1187 1097 1222 177.
1127 1188 1205 1232 lug.
1239 1186 1342 1230 VIII,
1366 1187 1400 1221 l.
1422 1197 1468 1211 ⁸-—
1503 1188 1620 1223 Multa
1643 1190 1780 1225 Cottius

413 1248 512 1282 unius
538 1249 661 1282 Franc.
684 1247 752 1280 fide
774 1247 911 1281 delevit.

497 1310 622 1350 sama,
637 1308 728 1350 fide]
754 1307 805 1341 Ita
820 1307 957 1351 scripsit
979 1306 1116 1340 eortius
1131 1317 1172 1339 ex
1194 1306 1318 1340 Nazar.
1335 1305 1505 1339 Commel.
1528 1307 1610 1344 Bas.
1625 1309 1658 1342 1.
1674 1309 1779 1345 Febr.

413 1368 444 1400 l.
471 1367 504 1400 2.
529 1367 653 1411 quibus
676 1367 842 1400 accedunt
859 1365 987 1400 Wassii
1003 1366 1045 1399 B.
1068 1365 1172 1398 Publ.
1194 1365 1401 1399 Pembroch.
1425 1365 1517 1410 Teg.
1541 1367 1658 1402 Turic.
1674 1369 1778 1402 Ber-u.

411 1426 446 1460 3.
471 1427 582 1463 Paris.
602 1428 639 1461 b.
663 1438 693 1460 c.
722 1438 755 1460 x.
789 1438 820 1461 z.
858 1425 1043 1460 Einsiedel.
1089 1425 1144 1458 Ex
1179 1425 1301 1459 ceteris
1331 1424 1464 1467 aliquot
1490 1427 1620 1470 habeut
1641 1431 1778 1472 famae,

404 1487 499 1528 fide,
520 1486 675 1530 plerique
695 1487 812 1520 autem
828 1487 971 1528 famae,
985 1484 1098 1528 fidei,
1121 1483 1213 1527 quod
1234 1484 1464 1528 lieven-camp.
1491 1485 1596 1531 Bipp.
1619 1487 1775 1533 Longius

411 1549 446 1580 et
469 1546 661 1580 Muellerus
683 1543 721 1578 in
743 1547 839 1578 textu
860 1547 1107 1588 expresserunt.
1153 1542 1221 1577 Sed
1243 1543 1416 1578 ablativu-
1436 1547 1477 1579 ut
1496 1545 1696 1581 verissimus
1715 1550 1778 1584 est,
1821 1555 1826 1558 ’

409 1604 461 1639 ita
483 1616 564 1638 eum
593 1603 685 1639 alius
706 1603 776 1638 alio
810 1603 908 1647 peius
930 1603 1130 1647 explicavit.
1175 1602 1313 1637 Gortiu·
1344 1602 1438 1637 enim
1469 1614 1576 1646 quum
1597 1605 1712 1649 primo
1733 1606 1779 1640 de

409 1664 551 1708 antiquo
573 1665 690 1698 dativo
708 1666 813 1707 sama
837 1664 1059 1705 somniasset,
1081 1662 1212 1696 seilicet
1234 1674 1275 1695 ex
1292 1663 1412 1705 saman·
1433 1663 1609 1699 decurtato
1623 1687 1634 1707 ,
1656 1669 1696 1700 nt
1713 1677 1779 1701 usu

410 1725 545 1758 factum
580 1735 621 1757 ex
655 1724 732 1757 usui
745 1749 755 1764 ‚
788 1727 924 1766 postea,
962 1723 1017 1755 his
1047 1722 1152 1767 nugis
1177 1721 1342 1762 abiectis,
1374 1721 1569 1758 ablativum
1601 1724 1639 1758 vi
1668 1725 1779 1761 dativi

407 1783 560 1827 positum
582 1786 714 1823 censet,
744 1782 964 1817 alienissimis
995 1782 1161 1826 exemplis
1188 1793 1288 1824 usus,
1321 1781 1418 1815 velut
1452 1782 1526 1818 Cat.
1549 1783 1594 1825 11,
1616 1783 1651 1818 9.
1683 1797 1707 1818 a
1723 1786 1776 1819 li-

409 1854 487 1887 quo
525 1843 717 1888 negotio
756 1842 992 1883 intentus,
1021 1842 1082 1876 ubi
1114 1853 1147 1876 v.
1179 1852 1269 1885 quae
1300 1841 1477 1884 diximum
1507 1842 1579 1877 Cic.
1615 1845 1707 1888 Epp.
1731 1846 1776 1879 ad

407 1903 511 1937 Attio.
535 1904 578 1944 X,
599 1902 658 1943 18,
679 1901 726 1936 iu.
758 1902 1026 1946 tranquillitates
1055 1902 1229 1935 maiore
1262 1902 1591 1945 impedimento
1617 1907 1775 1947 suerunt,

408 1974 511 2007 quam
534 1963 726 2003 custodiae,
751 1972 821 2004 qua
844 1962 982 1996 variata
1003 1965 1176 1995 structura
1198 1961 1286 1994 nihil
1308 1966 1361 1995 est
1383 1961 1515 2003 tritius;
1547 1962 1661 1997 Tacit.
1684 1964 1773 1998 Anu.

407 2023 467 2063 111,
491 2022 546 2063 19,
570 2022 604 2056 2.
627 2022 657 2055 is
671 2022 758 2064 finis
774 2023 848 2064 fuit
871 2022 1141 2055 ulciscenda
1167 2021 1364 2054 Germanioi
1384 2025 1548 2070 morte,
1585 2021 1775 2064 quijocus,

406 2082 512 2116 nostri
549 2092 591 2116 eo
624 2085 756 2115 tantum
788 2081 910 2114 similis
927 2106 937 2123 ‚
967 2081 1058 2123 quod
1087 2079 1202 2114 dativo
1234 2080 1346 2123 posito
1371 2083 1564 2115 structurae
1594 2081 1776 2117 insolentia

407 2142 541 2175 tollitur
556 2165 567 2183 ‚
599 2141 705 2175 etiam
739 2142 942 2175 Kunhardto
966 2139 1158 2173 ablativum
1180 2140 1335 2174 stabilire
1360 2140 1505 2174 videtur.
1550 2140 1662 2174 Aliter
1685 2141 1774 2175 Ger-

407 2202 542 2236 lachius
561 2201 847 2235 constructionem
879 2200 1052 2243 explicare
1075 2202 1218 2232 conatus
1241 2205 1310 2242 est,
1341 2200 1401 2244 qui
1423 2199 1698 2244 „quammultis
1720 2200 1774 2234 lo·-

407 2262 474 2303 cis,
498 2261 629 2304 inquit,
654 2261 699 2295 ad
722 2260 892 2304 liquidum
917 2260 1057 2304 perduci
1079 2271 1147 2293 non
1169 2260 1302 2303 possit,
1327 2259 1449 2294 tertius
1470 2270 1515 2294 au
1536 2263 1651 2296 sextus
1673 2270 1774 2294 casus

406 2322 491 2355 huic
514 2322 619 2355 verbo
650 2321 814 2365 iungatur
830 2346 839 2363 ,
873 2325 948 2355 tum
979 2321 1067 2354 haec
1095 2323 1267 2354 structura
1298 2331 1339 2354 eo
1363 2319 1500 2353 defendi
1522 2323 1663 2364 potestf
1681 2320 1773 2363 quod
1799 2309 1804 2322 ⁵

407 2393 448 2415 ex
482 2383 617 2415 Graeco
639 2380 710 2425 πρὸ
749 2381 901 2416 πάντων
924 2381 1117 2416 ποιεῖσθαί
1139 2392 1195 2422 τι,
1217 2378 1289 2423 πρὸ
1313 2380 1464 2416 πάντων
1485 2377 1630 2415 ἑλέσθαι
1652 2391 1688 2414 τι
1711 2389 1772 2412 ex-

407 2452 525 2484 pressa
548 2452 620 2475 esse
643 2441 833 2484 videtur‚“
857 2452 926 2484 quo
948 2440 1007 2474 vix
1030 2440 1215 2483 quicquam
1238 2440 1387 2484 ineptius
1409 2438 1556 2484 cogitari
1585 2441 1646 2472 aut
1665 2437 1771 2472 scribi

406 2500 529 2543 potuit.
575 2501 694 2543 Neque
720 2501 788 2535 sibi
818 2500 970 2535 constitit
1002 2501 1042 2534 V.
1066 2501 1128 2541 D.‚
1155 2500 1191 2533 in
1222 2500 1277 2534 ed.
1308 2499 1494 2534 novissima
1520 2500 1670 2540 famae,
1693 2497 1771 2540 fide

405 2561 567 2595 scribens.
612 2562 740 2594 Verum
763 2560 938 2605 perspexit
961 2560 1090 2605 Georg.
1121 2560 1257 2594 Ludov.
1285 2559 1420 2593 Walch.
1443 2558 1480 2592 iu
1503 2556 1669 2590 Emendd.
1692 2555 1769 2590 Liv.

406 2631 437 2654 c.
461 2621 519 2654 111.
543 2631 578 2663 p.
599 2618 668 2662 52„
692 2620 751 2663 qui
783 2633 889 2664 quum
923 2621 959 2654 in
991 2623 1165 2663 anteferre
1196 2620 1302 2652 verbo
1336 2616 1562 2661 comparativi
1593 2615 1769 2650 notionem

406 2679 517 2713 inesse
546 2679 706 2722 vidisset,
743 2681 934 2714 ablativum
965 2692 1033 2714 uon
1062 2681 1133 2714 alia
1174 2679 1306 2713 ratione
1341 2677 1490 2721 positum
1520 2686 1593 2710 esse
1621 2674 1767 2715 monuit,

406 2731 513 2783 «inam
541 2750 631 2782 quae
661 2740 899 2784 comparativo
930 2740 1090 2774 adiectivi
1123 2748 1327 2783 praegresso
1357 2736 1506 2777 obtinet,
1537 2738 1572 2771 et
1601 2733 1767 2779 primaria
