1826 3276
402 160 460 200 46
762 156 806 198 G.
836 155 1157 198 SALLUSTI
1186 157 1397 201 CRISPI

404 270 561 329 populi
603 268 793 311 Romani
836 268 1002 311 coleret
1034 283 1122 312 neu
1166 271 1323 327 quibus
1357 273 1509 331 largiri
1539 253 1760 318 insuesce·
1819 280 1821 282 ’

405 371 494 416 ret3
529 363 776 421 periculose
812 377 838 404 a
875 363 1028 420 paucis
1063 362 1171 428 enti,
1214 365 1336 421 quod
1369 367 1602 410 multorum
1637 375 1759 411 esset,

405 459 454 502 Si
487 470 747 516 permanere
782 456 913 498 vellet
941 457 986 499 in
1020 458 1106 501 suis
1138 458 1325 510 artibus,
1353 460 1468 503 ultro
1497 461 1563 504 illi*
1587 467 1631 504 et
1663 462 1762 520 glo—

403 553 511 595 riam
547 557 590 593 et
614 565 802 609 regnum
828 556 1080 604 venturum3
1114 554 1179 596 sin
1199 555 1507 613 properantius
1538 563 1762 615 pergeret,
1784 543 1786 546 .

405 651 571 689 suamet
608 645 752 703 ipsum
782 647 972 704 pecunia
1002 648 1292 706 praecipitem
1327 664 1542 696 casurum.

536 740 612 783 IX.
683 739 757 783 Sic
799 740 969 784 locutus
1016 757 1115 785 cum
1157 744 1306 788 litteris
1351 759 1480 798 eum,
1522 759 1632 801 quas
1671 743 1764 787 Mi-

402 911 460 951 lv,
484 910 517 943 4.
543 907 754 951 comparavit
776 909 889 942 Plaut.
914 909 1024 953 captt.
1058 911 1129 952 ΙΙΙ,
1154 910 1188 952 4,
1213 912 1267 946 18.
1315 913 1363 948 Et
1394 913 1463 946 illic
1485 913 1569 946 isti
1599 914 1659 957 qui
1684 924 1763 956 spu-

382 991 389 1003 ⁴.
402 975 499 1005 tatur
520 969 655 1002 morbus
678 969 848 1002 interdum
872 981 892 1002 v
906 971 1011 1004 enit.
1034 970 1104 1004 Cic.
1131 971 1165 1004 in
1189 972 1286 1007 Verr.
1311 973 1354 1014 Π,
1377 971 1433 1014 14,
1456 971 1513 1006 35.
1561 973 1600 1005 H
1607 972 1679 1005 uie
1706 973 1766 1006 he-

401 1030 533 1064 reditas
555 1029 682 1062 venz't
714 1033 914 1062 testamento
945 1032 1126 1075 propinqui
1156 1032 1220 1065 sui.
1249 1032 1294 1065 cf.
1330 1031 1589 1065 Drakenborch.
1623 1031 1667 1064 ud
1690 1031 1764 1064 Liv.

399 1089 460 1131 lx,
484 1089 551 1130 12,
585 1088 619 1121 1.
644 1090 676 1121 et
710 1087 754 1120 ad
778 1088 906 1131 XLIV,
937 1089 1000 1130 17,
1024 1090 1057 1123 7.
1086 1090 1253 1124 Scheller.
1278 1091 1314 1124 iu
1338 1092 1420 1124 Lex.
1455 1091 1559 1134 ampl.
1585 1102 1620 1134 p.
1639 1090 1766 1131 12125,

401 1160 451 1191 sq.
479 1166 524 1173 —
553 1147 622 1180 Pro
654 1152 832 1181 venturum
854 1173 864 1189 ‚
907 1149 996 1192 quod
1040 1161 1156 1183 omnes
1198 1151 1295 1184 codd.
1338 1153 1452 1184 tenent
1469 1174 1479 1192 ‚
1522 1150 1679 1184 Perizon.
1721 1150 1765 1184 ud

399 1208 517 1242 Sanct.
541 1206 626 1239 Min.
648 1206 707 1247 IV,
727 1207 781 1240 1⁰.
805 1208 847 1241 T.
871 1207 914 1241 11.
939 1219 971 1251 p.
990 1208 1071 1244 371.
1095 1210 1147 1244 ed.
1174 1209 1263 1243 Bau.
1287 1209 1431 1243 coniecit
1452 1209 1669 1243 scribendum
1693 1219 1765 1243 esse

400 1273 566 1310 ventura,
589 1265 692 1300 huius
715 1267 904 1311 scriptume
926 1267 1112 1312 vestigium
1137 1269 1302 1312 reperisse
1324 1268 1391 1303 sibi
1422 1268 1516 1302 visus
1539 1268 1574 1302 in
1597 1269 1671 1302 cod.
1693 1269 1764 1302 Da-

400 1326 604 1371 ventriensi,
635 1326 671 1359 in
704 1337 774 1369 quo
795 1332 976 1361 venturam
1010 1331 1186 1361 exaratum
1209 1333 1269 1362 est.
1319 1328 1387 1362 Sed
1410 1329 1555 1373 vulgata
1577 1339 1645 1362 non
1667 1326 1764 1361 solli-

400 1387 556 1427 citanda;
587 1397 620 1418 v.
643 1386 687 1418 ad
711 1386 810 1419 Catil.
835 1387 886 1427 X,
910 1386 943 1419 2.
967 1397 1000 1429 p.
1026 1385 1082 1420 52.
1109 1406 1153 1412 —
1175 1388 1253 1428 Illi,
1278 1398 1346 1431 quo
1367 1387 1567 1430 pronomine
1589 1387 1764 1432 significu-

399 1447 518 1489 turis,
542 1446 586 1480 ad
613 1457 714 1489 quem
730 1446 892 1490 dirigitur
912 1446 1004 1487 eius,
1027 1458 1128 1490 quem
1152 1448 1344 1490 loquentem
1368 1447 1498 1480 inducit
1519 1449 1662 1487 auctor,
1686 1457 1765 1480 oru-

400 1507 468 1549 tio,
490 1505 688 1540 insolentius
719 1505 846 1539 dictum
877 1510 928 1539 est
949 1516 1012 1548 pro
1036 1506 1089 1548 ei,
1122 1509 1160 1540 ut
1182 1506 1275 1540 infru
1296 1518 1326 1541 c.
1351 1507 1439 1549 CXI,
1462 1506 1496 1540 1.
1520 1517 1619 1551 quem
1641 1507 1671 1540 si
1693 1506 1765 1539 Ro-

399 1567 512 1602 manis
542 1565 740 1600 tradidisset
775 1565 842 1607 (ita
874 1565 975 1600 Sulla
1005 1565 1087 1607 dicit
1116 1566 1277 1610 Boccho)
1299 1568 1379 1609 sore
1401 1566 1454 1599 uti
1482 1565 1563 1610 illu·
1587 1565 1764 1609 (Boccho)

395 1627 583 1672 plurimum
606 1624 795 1658 deberetur.
827 1635 856 1656 c.
881 1625 1008 1666 LXIV,
1031 1625 1065 1658 2.
1112 1625 1196 1659 Eius
1219 1625 1271 1658 rei
1292 1635 1413 1659 caussa
1437 1625 1474 1658 in
1496 1634 1538 1658 eo
1562 1623 1648 1665 sita,
1673 1623 1764 1666 quod

398 1688 518 1720 auctor
542 1693 641 1717 suam
662 1683 771 1726 ipsius
793 1694 973 1725 personam
995 1683 1031 1716 in
1053 1684 1146 1725 eius,
1170 1695 1272 1727 quem
1295 1684 1489 1728 loquentem
1511 1683 1618 1726 facit,
1650 1683 1765 1716 locum

397 1745 593 1785 substituit3
625 1754 647 1777 a
670 1753 739 1786 qua
761 1742 974 1786 negligentia
1004 1746 1042 1776 ut
1064 1743 1102 1777 h.
1125 1743 1150 1776 1.
1173 1743 1386 1787 pronominis
1408 1742 1555 1778 mutatio
1575 1741 1763 1786 proficisci-

398 1875 520 1899 caussu
548 1866 609 1897 est.
637 1863 684 1896 cf.
707 1861 751 1895 ad
775 1873 805 1895 c.
829 1862 959 1904 LXIII,
983 1863 1016 1896 l.
1041 1866 1074 1896 et
1104 1863 1149 1898 ud
1173 1862 1274 1896 Catil.
1307 1862 1398 1905 XIV,
1420 1861 1454 1896 ⁶1.
1477 1874 1513 1907 Ρ.
1535 1862 1584 1897 78
1599 1874 1649 1906 sq.
1681 1862 1763 1897 ‘Ne-

397 1935 464 1968 que
487 1923 639 1958 alienum
669 1921 776 1955 fuerit
797 1921 999 1966 contulisse,
1033 1932 1123 1966 qnae
1145 1923 1188 1956 de
1213 1925 1360 1966 cognato
1384 1922 1443 1956 ille
1463 1922 1677 1965 pronominis
1698 1933 1762 1956 usu

398 1809 476 1847 tur,
507 1804 557 1838 ita
587 1802 708 1836 eadem
735 1801 813 1836 aliis
843 1802 926 1835 locis
957 1802 1052 1836 modi
1082 1802 1292 1837 subiunctivi
1325 1803 1361 1836 iu
1391 1803 1618 1838 indicativum
1639 1803 1763 1838 mutati
1788 1789 1817 1814 Χ

395 1982 636 2019 annotavimus
659 1981 703 2015 ud
726 1993 755 2016 c.
778 1981 867 2025 LVI,
890 1980 981 2014 4.—
1002 1982 1063 2015 Sin
1089 1982 1331 2026 properantius
1350 1986 1512 2026 pergeret
1534 1992 1602 2016 non
1629 1985 1701 2023 est,
1723 1985 1762 2015 nt
1790 2002 1793 2005 <

395 2042 603 2077 Gerlachius
622 2040 872 2084 interpretatur,
895 2040 925 2074 si
941 2040 1085 2075 consilis}
1098 2041 1198 2075 nimis
1213 2045 1416 2082 maturaret,
1437 2040 1497 2075 sed
1514 2039 1645 2084 potius:
1669 2039 1698 2074 si
1709 2041 1763 2082 inf-‚-

396 2102 579 2137 consultius
596 2100 640 2134 ud
662 2099 719 2141 id,
743 2100 833 2143 quod
850 2101 973 2142 vellet,
997 2101 1224 2135 contenderet.
1239 2119 1286 2126 —
1301 2101 1440 2134 Senmet
1464 2100 1574 2144 ipsum
1593 2099 1760 2143 pecnnia,

395 2173 485 2207 quae
506 2164 676 2196 structura
694 2160 814 2194 multis
837 2160 989 2194 librariis
1011 2160 1234 2194 offensionem
1249 2160 1420 2204 praebuit,
1443 2157 1582 2203 optimis
1598 2161 1761 2192 sustenta-

395 2226 454 2258 tur
476 2221 572 2256 codd.
597 2219 716 2255 Guelf.
739 2218 772 2252 5.
795 2218 875 2253 Seu.
898 2220 931 2253 1.
954 2219 1050 2253 Leid.
1066 2221 1106 2254 L.
1124 2219 1247 2254 Nazar.
1270 2221 1371 2254 Febr.
1390 2220 1422 2254 1.
1432 2219 1514 2254 Bas.
1532 2219 1566 2253 1.
1580 2218 1762 2262 multisque

396 2281 497 2323 aliis3
520 2291 597 2315 eam
618 2277 867 2314 vindicavimus
887 2279 932 2313 ad
955 2279 1028 2313 Cat.
1052 2280 1179 2322 XXIII,
1201 2280 1234 2315 2.
1265 2292 1300 2324 p.
1320 2279 1388 2314 112
1403 2291 1453 2323 sq.
1477 2279 1522 2315 cf.
1549 2279 1699 2313 Gronov.
1718 2277 1761 2311 ud

396 2341 471 2376 Liv.
496 2341 540 2383 11,
561 2340 618 2381 29,
643 2339 678 2374 5.
700 2337 760 2372 ubi
792 2338 1006 2373 scribendum
1029 2339 1167 2374 suismet
1190 2341 1256 2384 ipsi
1277 2339 1480 2385 corporibus.
1503 2337 1587 2372 ibid.
1603 2338 1649 2380 11,
1669 2336 1705 2376 9.
1724 2337 1758 2371 5.

397 2399 511 2435 Tacit.
529 2400 615 2433 Anu.
626 2400 684 2440 111,
703 2398 760 2440 66,
781 2401 865 2434 extr.
883 2399 1030 2433 Historr.
1050 2400 1109 2441 ΙΙΙ,
1127 2400 1184 2443 16,
1205 2403 1289 2433 extr.
1337 2399 1444 2434 Plura
1456 2398 1599 2432 contulit
1609 2397 1762 2432 Gahbler

397 2459 434 2494 in
456 2458 570 2494 Iahnii
586 2459 720 2492 Annali.
744 2458 873 2493 Philol.
892 2462 926 2492 et
938 2459 1090 2504 Paedag.
1107 2470 1140 2497 ιι.
1160 2459 1262 2494 1829.
1283 2459 1359 2493 von.
1371 2459 1416 2493 n.
1438 2458 1536 2492 Fuso.
1554 2458 1610 2492 IV.
1633 2468 1666 2501 p.
1681 2456 1759 2490 389.

488 2519 549 2553 IX.
595 2519 629 2552 1.
662 2518 698 2553 2.
751 2529 826 2551 cum
862 2518 984 2554 litteris
1014 2520 1105 2563 cum]
1131 2521 1233 2561 Eum,
1256 2519 1347 2563 quod
1366 2519 1402 2552 in
1419 2518 1536 2552 Guelf.
1550 2515 1583 2552 5.
1604 2521 1638 2551 et
1654 2517 1759 2551 Fabr-

398 2579 435 2614 2.
453 2579 568 2619 deest,
583 2581 617 2612 et
639 2578 675 2611 in
691 2577 768 2611 Vin.
792 2578 827 2612 2.
846 2578 970 2613 Franc.
997 2579 1115 2613 Guelf.
1135 2579 1191 2613 11.
1208 2581 1303 2614 Vrat.
1323 2579 1356 2612 2.
1379 2579 1496 2612 locum
1519 2579 1628 2611 mutat
1642 2602 1652 2618 ‚
1675 2577 1758 2609 Cor-

399 2639 469 2674 tius
485 2649 527 2673 eo
544 2636 682 2671 delevit.
716 2638 922 2672 Gerlachius
937 2638 972 2672 in
989 2642 1081 2673 textu
1102 2639 1154 2672 ed.
1175 2638 1316 2673 maioris
1329 2636 1481 2678 retinuit,
1502 2635 1537 2670 iu
1556 2636 1757 2670 Commentt.

402 2708 483 2732 vero
505 2709 538 2741 p.
560 2696 652 2738 225„
671 2697 808 2741 cognito
833 2697 939 2733 etiam
954 2698 998 2732 ab
1019 2699 1099 2732 ven.
1117 2698 1150 2732 3.
1175 2698 1209 2731 id
1229 2699 1366 2740 abesse,
1389 2695 1493 2730 huius
1510 2695 1584 2731 cod.
1608 2694 1759 2729 auctori-
