1826 3276
466 179 470 181 “
550 171 1096 216 PRAEFATIO.
1450 192 1517 222 vn

131 296 313 343 &ecam
342 292 516 354 regiam
547 289 730 348 transiit,
763 303 950 335 numero
977 287 1060 336 79.
1088 273 1142 334 ‘in
1175 288 1414 339 Diezn‘anis
1441 294 1512 340 in-

132 400 331 462 signitus.
397 394 804 451 Membranaceus,
838 393 1010 439 octonis
1054 393 1317 441 nitidissime
1350 414 1510 445 exara-

128 508 199 548 tus
233 506 301 547 es't
317 533 332 557 ,
366 514 515 559 neque
558 497 736 543 saeculo
770 496 893 542 XIV.
929 496 1106 544 videtur
1123 498 1364 558 *antiquior
1397 516 1505 549 esse.

122 603 440 660 Nihilominus,
481 568 587 646 licet
626 598 1008 660 praestantissimis
1056 616 1147 646 non
1189 602 1245 646 sit
1289 617 1506 651 annume-

122 706 312 764 randus,
353 688 625 765 plerumque
666 716 771 746 cum
811 700 1070 746 melioribus
1113 702 1236 748 libris
1273 707 1504 763 consentit,

117 823 266 868 neque
299 821 403 852 raro
435 805 629 866 optimas
662 804 852 848 aliorum
887 803 1096 848 codicum
1124 805 1365 866 scripturas
1391 823 1501 855 con-

114 912 278 957 firmat.
347 907 722 970 Orthographiae
754 907 963 967 antiquae
997 923 1146 969 pauca
1178 907 1330 954 adhuc
1363 912 1501 957 vesti-

114 1016 192 1077 gia
224 1013 534 1074 reperiuntur,
579 1011 702 1057 velut
739 1025 879 1073 quom
917 1024 1006 1072 pro
1040 1025 1182 1072 quum
1197 1045 1211 1071 ‚
1247 1017 1293 1057 et
1326 1027 1498 1073 gerun-

112 1107 237 1162 dium
280 1114 437 1160 tertiae
482 1113 803 1175 coniugationis
845 1114 893 1159 in
944 1113 1143 1159 undum
1187 1115 1496 1172 terminatum;

109 1219 384 1266 accusativus
418 1216 604 1278 pluralis
638 1217 795 1263 tertiae
830 1215 1135 1263 declinationis
1179 1218 1223 1262 in
1268 1218 1310 1263 is
1344 1220 1494 1266 exiens
1534 1225 1542 1227 ”

108 1322 250 1368 semel
283 1325 425 1366 exstat
457 1319 558 1379 lug.
592 1318 782 1375 XXXV,
820 1318 881 1377 9.,
916 1320 1138 1392 genitiyus
1157 1321 1400 1366 verborum
1418 1337 1492 1368 se-

107 1423 280 1471 cundae
324 1408 630 1468 declinationis
671 1422 719 1466 in
760 1420 835 1467 ius
876 1423 1130 1468 exeuntium
1171 1429 1241 1468 ter
1283 1424 1490 1485 habetur,

105 1527 235 1574 Catil.
268 1524 420 1582 Xvn,
464 1523 510 1569 2.
557 1524 682 1582 XIX,
718 1524 763 1571 2.
807 1525 908 1586 lug.
947 1526 1094 1585 XXX,
1139 1533 1247 1572 extr.
1317 1527 1374 1573 In
1409 1544 1486 1574 ce-

103 1630 209 1684 teris
242 1629 438 1690 vulgaris
471 1624 696 1673 scribendi
730 1629 842 1674 ratio
869 1629 1054 1688 obtinet,
1094 1630 1178 1675 nisi
1212 1630 1338 1689 quod
1370 1647 1484 1676 non-

103 1733 224 1778 nulla
244 1731 466 1777 vocabula
493 1746 711 1792 perverso
739 1732 961 1777 barbarae
996 1734 1149 1781 aetatis
1178 1748 1305 1779 more
1338 1735 1486 1780 forma

99 1835 301 1896 pleniore
347 1848 491 1892 eaque
534 1834 704 1898 agresti
742 1841 788 1879 et
828 1835 983 1896 inepta
1026 1835 1312 1897 exhibentur,
1359 1837 1484 1882 velut

98 1937 337 1993 nundine,
364 1935 579 1991 nunctio,
612 1937 935 1997 sagiptarius,
969 1938 1259 1999 calumpnia,
1290 1953 1482 1984 aerum-

0 2050 7 2059 *
93 2055 197 2102 pua
214 2073 231 2099 ‚
277 2038 522 2085 volunctas
541 2074 555 2098 ‚
605 2044 818 2101 tempto‚·
872 2053 929 2085 ex
973 2055 1064 2100 quo
1118 2046 1287 2102 patet,
1343 2058 1480 2102 quam

97 2157 240 2204 pravo
268 2142 434 2187 iudicio
468 2147 673 2201 utantur,
711 2143 789 2204 qui
821 2142 938 2188 haec
973 2144 1123 2193 omnia
1158 2144 1358 2192 eiusdem
1391 2161 1478 2207 ge-

95 2246 212 2291 neris
256 2261 352 2291 esse
392 2261 485 2291 non
529 2246 716 2292 assecuti
758 2251 994 2309 temptare
1030 2248 1225 2293 formam
1261 2263 1348 2309 pro
1390 2264 1476 2309 ge-

95 2347 228 2392 nuina
260 2348 514 2407 venditant,
549 2355 720 2408 cetera,
756 2351 923 2396 scilicet
955 2352 1055 2412 pari
1095 2351 1191 2398 iure
1224 2351 1332 2412 ipsis
1360 2365 1475 2412 pro-

22 2449 23 2452 ’
92 2438 244 2494 banda
260 2483 275 2508 ,
300 2449 524 2499 damnant,
592 2453 721 2501 Alter
754 2453 922 2512 codex,
961 2435 1097 2513 quem
1131 2468 1343 2505 vocamus
1375 2453 1472 2499 Be-

0 2591 6 2597 ,
91 2553 369 2600 rolineusem
398 2554 678 2612 secundum,
712 2555 829 2602 hanc
862 2563 1015 2603 notam
1048 2556 1210 2615 habet,
1245 2556 1349 2602 cod.
1372 2556 1468 2606 Ms.

92 2655 180 2700 lat.
209 2654 309 2702 Fol.
346 2655 429 2705 29.
498 2658 589 2714 Qui
622 2674 893 2720 quamquam
937 2667 1118 2708 externa
1152 2661 1304 2722 specie
1329 2661 1468 2704 altero

93 2758 233 2810 multo
268 2766 335 2805 est
369 2760 562 2807 deterior
596 2761 724 2824 (nam
757 2762 1016 2811 chartaceus
1043 2765 1215 2810 formae
1243 2763 1468 2809 ¹maximae
