1826 3276
394 185 477 227 492
756 179 803 222 G.
831 177 1151 222 SALLUSTI
1181 179 1395 223 GRISPI

397 311 572 350 saxeus,
600 292 813 337 mediocri
847 293 1026 336 castello
1052 294 1153 337 satis
1182 298 1338 353 patens
1355 327 1369 350 ‚
1402 295 1452 338 in·
1482 295 1749 340 ‘immensum

399 391 565 443 editus,
598 401 687 431 uno
714 392 985 447 perangusto
1012 387 1133 431 aditu
1158 389 1335 442 relicto3
1370 404 1470 433 nam
1499 391 1636 436 omnis
1670 406 1750 434 na—

362 489 516 537 6tura,
557 481 675 525 velut
709 495 846 540 opere
882 487 1014 540 atque
1053 483 1274 538 consulto,
1307 498 1536 543 praeceps.
1605 484 1751 539 Quem

396 579 544 620 locum
569 575 760 630 Marius,
796 575 918 634 quod
950 576 1012 620 ibi
1048 578 1164 637 regis
1197 578 1390 622 thesauri
1417 584 1555 634 erant,
1585 593 1754 622 summa

396 674 438 715 vi
475 686 634 732 capere
668 670 863 716 intendit.
934 671 1027 715 Sed
1064 686 1118 714 ea
1161 687 1232 715 res
1267 672 1407 728 forte,
1443 688 1575 731 quam
1610 675 1754 717 consi·
1814 674 1825 683 ‘

366 769 459 812 7110
490 767 643 811 melius
677 771 824 825 gesta3
859 781 959 809 nam
997 767 1179 810 castello
1214 768 1404 811 virorum
1439 758 1572 826 atilae
1607 783 1754 812 armo-

398 943 467 975 loco
492 946 693 976 ceterum
722 941 847 984 plano,
879 939 935 972 vel
965 940 1056 982 loco,
1091 940 1185 973 cuius
1207 944 1390 974 ceterae
1418 944 1574 984 partes
1593 939 1757 984 planities

398 1005 519 1040 erant5
541 1010 629 1044 quae
657 1002 824 1033 structura
846 998 1048 1032 attractione
1069 999 1219 1042 quadam
1243 999 1367 1032 effecta
1390 1002 1451 1034 est.
1499 998 1637 1033 Omisso
1666 999 1757 1033 enim

398 1059 533 1094 latioris
554 1058 701 1093 notionis
726 1058 908 1099 vocabulo,
930 1057 1027 1091 cuins
1046 1062 1202 1100 respectu
1225 1062 1370 1092 ceterum
1393 1057 1520 1092 dictum
1542 1061 1652 1100 esset,
1679 1059 1756 1102 pla-

399 1120 518 1159 nities,
543 1128 630 1161 qnae
654 1128 722 1150 vox
743 1117 981 1160 praedicatum
1013 1128 1086 1150 esse
1109 1117 1274 1159 debebat,
1299 1116 1390 1151 istud
1413 1117 1619 1151 adiectivum
1641 1117 1756 1158 traxit,

399 1183 432 1213 et
456 1177 613 1222 primarii
637 1177 783 1210 nominis
817 1179 1018 1220 potestatem
1045 1176 1203 1210 obtinuit.
1246 1174 1468 1210 insolentiam
1499 1175 1632 1209 (licendi
1656 1175 1759 1210 sensit

399 1238 502 1271 etiam
519 1236 709 1271 Palmerius
731 1237 947 1270 scribendum
965 1235 1147 1269 coniiciens
1169 1236 1257 1269 inter
1278 1240 1431 1270 cetera
1453 1235 1644 1279 planitiem,
1667 1235 1758 1278 quod

397 1298 509 1342 ipsum
541 1302 657 1331 tamen
688 1297 787 1329 nullo
811 1296 914 1331 modo
946 1295 1030 1329 ferri
1054 1299 1175 1339 potest.
1199 1313 1244 1319 —
1276 1295 1357 1328 Post
1378 1296 1514 1329 castello
1537 1294 1636 1338 Bipp.
1659 1305 1759 1338 prae-

397 1361 501 1391 eunte
525 1357 675 1389 Grutero
698 1360 733 1389 et
755 1355 892 1389 Wassio
915 1359 1088 1389 commate
1110 1354 1353 1395 distinxerunt3
1376 1357 1415 1388 ut
1437 1354 1526 1388 med.
1551 1359 1635 1389 cust.
1659 1354 1756 1388 abla-

397 1417 461 1452 tivi
485 1417 564 1450 sint.
610 1415 678 1448 Sed
701 1416 835 1449 dativos
858 1425 931 1448 esse
961 1425 1002 1447 ex
1025 1424 1110 1446 voce
1130 1419 1255 1457 patens
1283 1417 1383 1457 aptos
1405 1413 1476 1447 inm
1504 1413 1638 1447 Cottius
1658 1413 1756 1454 vidit,

396 1480 489 1511 reete
511 1475 625 1510 verbis
646 1476 715 1508 hoc
736 1474 926 1519 significari
947 1473 1148 1512 ostendens,
1172 1478 1323 1506 montem
1348 1476 1419 1507 tam
1442 1473 1513 1506 late
1537 1473 1696 1516 patuisse,
1719 1477 1758 1507 ut

397 1523 535 1580 caperet
558 1534 730 1568 mediocre
751 1535 941 1568 castellum.
964 1552 1010 1558 —
1039 1533 1155 1566 omnis
1177 1537 1256 1566 ante
1275 1537 1406 1566 natura
1426 1532 1554 1576 legitur
1576 1532 1610 1566 in
1632 1543 1756 1566 novem

398 1597 494 1630 codd.
517 1595 643 1629 Palatt.
668 1598 701 1627 et
732 1594 769 1626 in
793 1594 961 1629 Commel.
996 1603 1018 1627 a
1041 1604 1087 1625 m.
1107 1603 1187 1633 seeo,
1211 1591 1246 1625 in
1269 1591 1410 1626 Mai-tin.
1433 1591 1477 1625 B.
1502 1591 1601 1626 an.
1623 1591 1756 1626 Bodlei-

396 1655 522 1688 Arond.
560 1653 667 1688 Laud.
700 1654 732 1686 1.
762 1654 863 1686 Rem.
888 1653 921 1686 1.
945 1653 978 1687 2.
1014 1653 1130 1687 Guelf.
1153 1652 1187 1686 3.
1210 1651 1243 1685 6.
1266 1650 1300 1685 8.
1323 1650 1380 1684 1⁰.
1413 1650 1494 1686 Seu.
1517 1650 1550 1683 1.
1572 1650 1606 1684 2.
1630 1651 1755 1686 nouus.

397 1715 518 1750 Struv.
548 1714 643 1746 Vrat.
667 1711 701 1745 2.
724 1712 757 1745 3.
791 1716 826 1746 et
854 1712 963 1746 Paris.
995 1725 1025 1746 c.
1073 1713 1111 1746 ln
1142 1712 1281 1745 relicuis
1312 1710 1433 1744 variae
1455 1711 1671 1754 corruptelae
1691 1711 1756 1745 ha-

395 1774 538 1815 bentur3
561 1782 641 1806 nam
665 1783 770 1815 quum
793 1771 926 1806 scribae
949 1773 1056 1805 omnis
1080 1776 1249 1805 natura
1273 1770 1538 1815 coniungerent,
1560 1771 1619 1804 sed
1635 1781 1676 1804 ex
1692 1782 1754 1804 no-

396 1833 563 1867 minativo
597 1843 733 1865 sensum
766 1831 920 1874 ineptum
943 1832 1080 1875 prodire
1103 1831 1275 1872 viderent,
1310 1829 1372 1865 nni
1394 1829 1502 1863 omnis
1524 1833 1698 1867 mutarunt
1720 1829 1754 1864 in

398 1894 507 1935 οπιπί,
531 1896 572 1926 ut
593 1892 697 1925 estin
721 1891 808 1927 Tur.
833 1891 866 1925 1.
890 1892 979 1936 Teg.
1003 1892 1084 1925 Par.
1108 1903 1138 1924 z.
1163 1902 1211 1924 m.
1234 1902 1287 1934 pr.
1321 1890 1437 1924 Mark.
1459 1891 1503 1924 Γ.
1525 1892 1569 1923 Λ.
1591 1889 1699 1924 laud.
1721 1889 1754 1923 2.

397 1953 432 1989 3.
455 1953 532 1986 Vin.
555 1951 589 1986 1.
614 1954 648 1985 et
671 1950 774 1985 Fabr.
798 1950 851 1991 1.;
885 1951 969 1992 alii,
997 1951 1120 1995 quibus
1157 1951 1248 1984 omni
1270 1960 1338 1983 non
1360 1947 1570 1991 sufficiebat,
1603 1949 1756 1983 fecerunt

397 2013 489 2046 omni
521 2016 643 2056 parte,
674 2014 713 2045 ut
744 2010 779 2044 in
811 2011 919 2044 Fabr.
943 2010 978 2044 2.
1008 2011 1102 2044 Vrat.
1128 2010 1182 2051 1.;
1215 2009 1276 2043 alii
1308 2009 1378 2042 alio
1410 2007 1512 2042 modo
1544 2007 1756 2051 interpretati

397 2076 475 2106 sunt
494 2083 558 2116 per
580 2071 714 2112 omnia,
740 2071 830 2114 quod
857 2070 1092 2105 tantummodo
1116 2068 1228 2102 versui
1257 2066 1522 2111 superscriptum
1544 2067 1648 2100 estin
1670 2067 1755 2101 Tur.

398 2133 430 2166 1.
455 2133 536 2166 Par.
558 2143 589 2165 z.
612 2131 724 2164 Mark.
747 2134 790 2165 A.
816 2133 858 2165 Γ.
883 2130 1100 2168 Ροῐηὴωοίι.,
1122 2129 1179 2162 sed
1202 2128 1315 2171 ipsum
1339 2130 1467 2161 textum
1484 2125 1608 2160 invasit
1630 2127 1666 2160 in
1688 2128 1756 2161 Pa-

397 2193 471 2226 latt.
496 2191 529 2226 3.
554 2191 588 2225 6.
611 2190 754 2224 Balliol.
776 2191 922 2234 Berger.
945 2189 1028 2225 Ecc.
1050 2188 1155 2222 Acad.
1181 2187 1252 2220 Inc.
1275 2187 1307 2219 1.
1330 2185 1365 2222 2.
1387 2186 1502 2219 Guoif.
1519 2187 1554 2220 4.
1570 2187 1606 2221 7.
1625 2187 1680 2221 11.
1699 2187 1754 2221 12.

397 2251 514 2286 Leidd.
539 2251 580 2287 A.
603 2251 647 2284 Ε.
671 2250 714 2283 G.
737 2249 779 2283 N.
802 2250 918 2282 Berol.
944 2249 978 2282 1.
1000 2248 1035 2281 2.
1058 2251 1094 2281 et
1116 2247 1238 2288 Misn.;
1262 2245 1324 2279 alii
1343 2245 1470 2279 omissa
1491 2245 1754 2290 praepositione,

398 2312 455 2344 sed
480 2311 598 2344 eodem
622 2321 721 2343 sensu
743 2309 950 2353 scripserunt
973 2309 1108 2349 omnia,
1140 2307 1234 2341 velut
1258 2306 1291 2339 in
1315 2306 1398 2341 Bas.
1423 2305 1457 2340 1.
1483 2304 1557 2339 vin.
1579 2305 1613 2339 2.
1637 2305 1753 2341 Guelf.

398 2370 431 2403 1.
447 2370 481 2403 2.
504 2380 526 2402 ιι
549 2381 599 2413 pr.
623 2380 687 2411 m.‚
710 2370 916 2404 Pembroch.
949 2379 972 2402 a
1005 2379 1056 2412 pr.
1088 2379 1148 2410 m.‚
1183 2365 1277 2400 Laid.
1301 2366 1341 2400 L.
1375 2364 1542 2399 Commel.
1576 2375 1597 2398 a
1620 2376 1671 2408 pr.
1696 2376 1753 2407 m.‚

399 2430 484 2466 Naz.
508 2430 620 2463 Palat·
644 2429 694 2471 2.,
727 2439 833 2472 quam
865 2428 1163 2473 interpolationem
1199 2424 1423 2466 Ger-lachim,
1453 2435 1559 2468 quum
1591 2423 1626 2458 in
1651 2425 1755 2458 Com-

399 2488 579 2523 mentariis
610 2489 702 2522 hunc
724 2489 839 2522 locum
873 2489 947 2523 alto
974 2488 1114 2523 silentio
1137 2485 1345 2525 transiisset,
1374 2483 1410 2518 in
1433 2484 1486 2518 ed.
1508 2484 1641 2519 minore
1663 2496 1755 2519 rece-

399 2548 468 2592 pit,
498 2552 535 2582 ut
567 2559 666 2582 sensu
697 2548 973 2589 incommodam,
1013 2548 1061 2581 ita
1095 2547 1230 2592 origine
1259 2545 1354 2580 haud
1383 2545 1574 2578 obscuram.
1631 2545 1755 2578 Vei-nm

400 2614 514 2642 autem
553 2607 758 2651 scripturam
790 2619 864 2641 esse
895 2609 1003 2642 omnis
1033 2607 1240 2651 intelligitur
1271 2615 1314 2639 ex
1351 2616 1395 2639 eo
1420 2615 1575 2648 qnoque,
1606 2604 1696 2647 qnod
1720 2604 1755 2637 in

401 2667 530 2702 Wassii
551 2667 735 2711 praestanti
759 2668 834 2702 cod.
857 2668 971 2712 Regio
1002 2667 1129 2711 legitur
1151 2666 1257 2700 omnis
1280 2675 1396 2705 monn
1424 2675 1504 2698 nam
1530 2663 1645 2697 scribo
1667 2666 1757 2697 cete-

403 2727 450 2761 ris
480 2727 679 2772 prudentior
707 2727 824 2761 addito
859 2738 954 2762 mom
981 2728 1151 2762 vocabulo
1182 2737 1304 2759 cavere
1333 2724 1462 2765 voluit,
1490 2735 1534 2757 ne
1554 2723 1630 2767 quis
1650 2723 1756 2757 omni·
