1826 3276
366 184 449 225 484
729 176 773 217 C.
804 175 1136 218 SALLUSTI
1174 175 1393 220 CRISPI

369 295 474 338 dum
499 275 714 346 attribuit,
749 290 805 335 A.
840 289 1057 333 Manlium
1091 290 1286 349 legatum
1334 305 1434 334 cum
1468 286 1720 337 cohortibus

371 387 581 449 expeditis
617 384 674 428 ad
710 383 927 443 oppidum
956 385 1097 441 Laris,
1131 384 1206 427 ubi
1229 385 1494 444 stipendium
1527 392 1572 430 et
1601 402 1724 430 com-

371 487 562 527 meatum
596 481 831 534 locaverat,
866 480 930 523 ire
963 479 1098 536 iubet,
1135 479 1327 538 dicitque
1364 489 1412 524 'se
1445 480 1726 540 praedabun-

373 578 479 621 dum
525 581 631 635 post
675 588 843 633 paucos
887 572 980 616 dies
1025 573 1183 617 eodem
1229 581 1470 618 venturum.
1540 575 1616 619 Sic
1658 576 1727 618 in-

374 676 505 733 cepto
540 684 620 713 suo
656 669 875 712 occultato
909 669 1060 728 pergit
1091 669 1149 712 ad
1182 669 1346 712 flumen
1379 669 1566 716 Tanam.

509 763 624 808 XCI.
698 762 906 808 Ceterum
947 764 991 807 in
1034 764 1186 807 itinere
1231 763 1389 807 cotidie
1434 778 1570 822 pecus
1606 778 1732 808 exer—

375 928 546 964 Douatist.
570 927 628 969 vl,
651 926 708 961 28.
733 927 848 962 forma
883 927 1029 962 Laribus
1051 927 1256 965 inveniatur.
1287 929 1339 962 De
1362 927 1456 962 urbis
1477 927 1544 962 situ
1567 928 1613 962 ch
1636 929 1734 962 Man-

376 988 462 1023 nerti
496 989 626 1032 Geogr.
659 987 785 1022 Graec.
815 990 849 1021 et
880 988 986 1022 Rom.
1016 987 1120 1022 Tom.
1154 989 1198 1022 X.
1222 988 1262 1021 P.
1286 988 1329 1021 11.
1354 999 1389 1031 p.
1411 986 1490 1022 332.
1537 987 1735 1022 Accusativi

376 1048 573 1084 terminatio
594 1047 630 1080 in
653 1046 684 1079 is
706 1047 743 1079 h.
767 1047 789 1080 l.
812 1046 941 1082 intacta
964 1048 1171 1092 permansit,
1195 1046 1285 1091 quod
1307 1046 1522 1091 ignorantiae
1547 1047 1735 1082 scribarum

377 1109 539 1148 debetur3
571 1117 605 1140 v,
629 1105 674 1140 ad
696 1104 771 1140 Cat.
795 1106 832 1148 1,
855 1106 890 1140 1.
921 1127 966 1133 —
1001 1109 1173 1152 Dicitque,
1208 1107 1299 1150 quod
1326 1117 1443 1140 omnes
1471 1107 1585 1149 codd„
1605 1118 1649 1141 ne
1671 1117 1738 1140 uno

379 1168 517 1212 quidem
549 1168 716 1209 excepto,
756 1170 890 1208 tenent,
925 1167 1082 1208 Cottius,
1112 1165 1309 1201 futilissima
1331 1166 1625 1210 argumentatione
1644 1175 1737 1209 usus,

379 1232 542 1271 tanquam
570 1225 726 1269 spurium
755 1224 883 1262 omisit.
929 1226 1135 1260 Gerlaehius
1169 1227 1205 1260 in
1238 1229 1384 1269 utraque
1415 1225 1564 1261 editione
1586 1226 1738 1269 retinuit,

378 1287 437 1322 sed
463 1286 498 1321 in
522 1287 728 1320 Commentt.
762 1296 796 1328 p.
819 1285 900 1320 321.
922 1285 1011 1320 haec
1033 1285 1185 1330 scripsit:
1218 1287 1307 1329 „vel
1334 1286 1492 1320 omnibus
1523 1285 1621 1320 codd.
1649 1285 1739 1319 invi-

380 1346 423 1381 tis
447 1345 515 1390 (Σ)
538 1345 607 1378 hoc
633 1345 776 1378 verbum
799 1344 996 1379 deleverim.
1042 1345 1206 1389 Inprimis
1227 1346 1318 1380 enim
1340 1346 1405 1379 sub
1427 1346 1531 1379 finem
1551 1346 1740 1390 Iugurthae

380 1410 431 1441 est
454 1405 670 1449 perspicuum
694 1403 787 1448 (Ρ),
814 1404 924 1438 multa
947 1403 1115 1438 eiusmodi
1137 1405 1211 1449 (?)
1243 1415 1266 1439 a
1297 1404 1468 1439 Sallustio
1490 1405 1618 1439 omissa
1639 1409 1673 1439 et
1695 1405 1740 1439 ab

379 1467 517 1501 insulsis
539 1463 776 1511 grammaticis
798 1466 917 1507 postea
939 1463 1052 1497 alieno
1074 1464 1151 1498 loco
1175 1464 1380 1508 interposita
1404 1475 1486 1498 esse.
1528 1468 1621 1499 recte
1646 1465 1737 1498 Cort.

380 1526 514 1560 confert
536 1525 629 1558 inl’ra
654 1532 729 1566 cap.
754 1521 834 1558 109.
858 1523 1017 1566 quamvis
1039 1535 1108 1558 non
1130 1523 1332 1568 negaverim
1345 1550 1354 1566 ,
1385 1524 1497 1558 multa
1519 1534 1608 1567 quae
1629 1523 1666 1557 in
1688 1535 1741 1557 se·

380 1585 530 1620 rioribus
553 1583 628 1628 (?)
662 1580 820 1616 Sallustii
856 1580 993 1627 scriptis
1026 1586 1226 1626 occurrunt,
1255 1583 1292 1616 in
1327 1582 1445 1626 priora
1475 1582 1547 1627 (Ρ)
1579 1594 1647 1617 non
1670 1595 1742 1617 esse

380 1645 571 1680 inferenda.
595 1641 672 1676 fleri
696 1640 788 1675 enim
809 1640 932 1684 potuit,
955 1646 994 1677 ut
1014 1643 1209 1678 labentibus
1230 1642 1327 1676 annis
1354 1642 1424 1686 (Ρ)
1448 1642 1565 1677 durior
1585 1643 1658 1677 eius
1681 1643 1741 1677 fie-

382 1708 435 1740 ret
459 1702 646 1739 oratio.“!!
679 1701 718 1735 In
758 1700 882 1744 quibus
914 1699 1029 1734 verbis
1059 1699 1089 1735 si
1123 1701 1199 1744 quis
1225 1705 1357 1736 tantam
1378 1701 1496 1737 iudicii
1518 1703 1743 1738 subtilitatem

382 1767 582 1807 tantumque
605 1772 750 1796 acumen
773 1760 884 1796 inesse
905 1760 1016 1804 dicat,
1043 1764 1082 1795 ut
1098 1764 1264 1804 quantum
1285 1762 1322 1796 id
1344 1762 1409 1804 sit,
1441 1773 1510 1797 non
1533 1763 1641 1807 possit
1661 1764 1741 1804 dici,

385 1836 440 1858 me
470 1835 538 1859 non
575 1821 719 1857 habebit
749 1821 998 1866 refragantem.
1030 1840 1072 1846 -
1109 1821 1286 1857 chuato
1317 1833 1435 1857 omnes
1465 1822 1563 1857 codd.
1592 1823 1743 1864 habent,

384 1887 524 1929 praeter
557 1882 675 1917 Guelf.
706 1881 740 1915 3.
772 1880 806 1916 6.
831 1881 887 1917 12.
919 1883 953 1915 et
985 1880 1129 1916 Eccard.
1165 1881 1200 1915 in
1235 1882 1360 1927 quibus
1388 1885 1439 1917 est
1469 1883 1622 1925 occulto,
1653 1884 1743 1927 quod

383 1943 521 1980 Cottius
542 1942 682 1987 recepit.

475 2002 564 2036 xc1.
588 2005 620 2044 §.
645 2001 678 2035 1.
725 2000 863 2046 cotidie]
888 2000 986 2035 Hanc
1008 2000 1216 2045 scripturam
1239 2003 1431 2046 complures
1451 2005 1630 2039 servarunt
1651 2002 1743 2044 libri,

386 2066 425 2097 ut
454 2063 536 2096 Bas.
570 2062 605 2096 1.
637 2062 724 2097 Tur.
757 2062 789 2095 1.
825 2062 915 2107 Teg.
949 2061 1054 2097 Bern.
1078 2060 1111 2095 3.
1150 2061 1261 2096 Paris.
1291 2074 1323 2097 z.
1355 2061 1496 2103 Goerl.;
1529 2073 1563 2098 v,
1595 2063 1638 2097 ad
1669 2064 1744 2098 Cat.

386 2122 539 2164 xnvm,
561 2122 597 2156 2.
621 2140 664 2147 -
688 2122 740 2155 De
764 2122 886 2156 turmis
908 2124 943 2156 et
964 2121 1124 2156 centuriis
1146 2133 1179 2156 v.
1202 2122 1247 2157 ad
1270 2133 1300 2156 c.
1322 2121 1444 2164 XLIX,
1467 2121 1501 2155 2.
1548 2122 1747 2170 Aequaliter

386 2186 503 2217 autem
532 2182 569 2216 h.
588 2181 618 2227 κ1.
650 2192 718 2216 non
746 2184 798 2216 est
825 2181 968 2227 paribus
996 2181 1171 2226 partibus,
1206 2180 1266 2215 sed
1295 2180 1389 2215 insta
1411 2180 1544 2215 ratione
1571 2181 1747 2226 utriusque
1780 2207 1782 2210 .

388 2241 523 2290 numeri
549 2241 698 2281 habitaz
730 2252 811 2276 uam
841 2245 958 2276 turma
983 2241 1128 2287 triginta
1150 2244 1285 2276 tantum
1306 2241 1436 2286 equites
1457 2241 1622 2283 habebat,
1645 2251 1678 2275 v.
1701 2242 1746 2276 ad

388 2314 418 2336 c.
443 2302 633 2344 xxxvm,
655 2301 690 2336 6.
713 2319 759 2326 -
785 2302 1012 2336 Distribucrut
1043 2301 1179 2336 Cor-tius
1210 2299 1424 2344 „mutatione
1456 2303 1647 2344 temporum
1669 2299 1746 2334 Sal-

388 2360 490 2394 lustio
511 2360 616 2405 longe
638 2359 862 2395 usitatissima
872 2361 895 2380 “
926 2372 989 2406 pro
1011 2360 1216 2405 imperfecto
1236 2360 1364 2394 dictum
1395 2364 1522 2402 censet,
1545 2359 1747 2395 assentiente

352 2424 353 2429 ’
389 2420 543 2463 Langio3
565 2421 902 2464 plusquamperfecto
923 2420 1028 2455 etiam
1053 2420 1203 2454 offensus
1217 2421 1406 2455 Muellerus
1426 2431 1494 2454 non
1514 2420 1663 2455 multum
1684 2420 1747 2454 ab-

390 2482 440 2514 est
463 2478 543 2522 quin
567 2480 688 2522 probet
711 2480 923 2521 distribuere,
946 2479 1036 2524 quod
1059 2483 1111 2514 est
1133 2479 1168 2513 in
1192 2480 1310 2515 Guelf.
1333 2479 1366 2514 3.
1411 2478 1478 2513 Sed
1500 2478 1642 2523 propria
1664 2490 1745 2514 con-

390 2541 456 2572 stat
479 2538 809 2582 plusquamperfecti
839 2539 918 2582 vis3
948 2549 1030 2573 nam
1063 2538 1282 2582 distributio,
1311 2539 1435 2574 cotidie
1455 2538 1627 2581 instituta,
1649 2539 1747 2584 cogi-

390 2602 482 2632 tatur
505 2603 586 2633 ante
611 2597 721 2639 facta,
747 2609 852 2642 quam
871 2601 907 2633 et
928 2602 1044 2632 cetera
1067 2599 1226 2644 negotia,
1250 2603 1286 2635 et
1310 2599 1437 2634 utrium
1458 2599 1627 2634 confectio
1646 2610 1747 2643 pera-

389 2660 563 2702 gerentur.
608 2656 770 2700 Apertior
791 2659 879 2692 haec
901 2658 1064 2702 temporis
1086 2658 1176 2693 ratio
1198 2659 1306 2703 foret,
1329 2659 1359 2694 si
1381 2662 1500 2694 auctor
1521 2659 1571 2693 ita
1592 2658 1747 2693 dixisset:

390 2727 431 2751 ex
453 2716 555 2750 coriis
577 2727 764 2760 pecorum,
787 2729 876 2762 qaae
897 2717 1022 2753 cotidie
1045 2718 1288 2760 distribuerat,
1319 2721 1411 2754 utres
1430 2717 1482 2752 uti
1505 2717 1626 2753 fierent
1647 2728 1743 2752 cura-
