1826 3276
1680 130 1702 138 x

335 160 419 201 358
697 153 742 195 C.
773 149 1091 194 SALLUSTI
1118 148 1334 193 CRISP1

337 269 507 314 servitia
553 269 854 312 Romanorum
888 265 1085 317 allicere,
1130 269 1176 308 et
1217 278 1292 307 eos
1329 263 1499 322 ipsos,¹
1526 265 1600 323 qui
1640 266 1684 310 in

337 363 563 423 praesidiis
607 366 750 415 erant,
793 359 981 419 pecunia
1021 363 1215 410 tentare3
1250 372 1429 416 prorsus
1473 358 1580 402 nihil
1617 361 1686 403 in—

301 462 500 504 stantum
533 470 678 512 neque
722 455 916 512 quietum
956 453 1072 513 pati,
1117 456 1274 496 cuncta
1306 451 1487 511 agitare.
1552 452 1691 512 Igitur

339 551 588 609 Vagenses,
634 563 723 606 quo
757 548 964 592 Metellus
997 547 1142 604 initio,
1175 545 1388 606 Iugurtha
1418 538 1689 605 pacificante,

311 650 313 652 ’
339 643 607 705 praesidium
637 642 908 702 imposuerat
925 674 938 699 ,
973 642 1143 703 fatigati
1175 642 1295 701 regis
1330 641 1578 700 suppliciis,
1611 656 1691 685 ne-

338 791 374 825 2.
397 792 450 824 est
471 793 604 834 atque
635 788 708 822 aua
731 800 842 833 quae,·
861 789 897 823 in
919 789 1003 823 Ven.
1027 787 1061 823 3.
1085 792 1127 822 et
1151 789 1197 823 al.
1220 798 1321 834 quae.
1364 788 1418 821 De
1438 786 1572 821 ratione
1591 786 1697 822 huius

340 848 470 892 ellipsis
500 859 536 881 ν.
559 850 675 882 notata
706 849 750 882 ad
774 849 849 884 Cat.
872 850 954 891 XV,
977 849 1011 882 1.
1030 847 1074 893 p.
1095 846 1153 883 ⁷5.
1174 866 1221 874 ——
1253 848 1366 881 Verba
1388 851 1422 881 et
1447 857 1503 880 eos
1523 846 1613 891 ipsos
1634 850 1697 882 Va-

340 909 411 942 lent
443 908 487 942 ad
522 908 773 951 oppositionem
807 909 896 944 inter
925 909 1067 943 servitia
1097 911 1133 942 et
1161 907 1286 941 milites
1315 907 1508 948 Romanos,
1546 916 1627 940 narn
1655 906 1696 941 hi
1725 917 1731 923 ·

341 966 581 1012 significantur
603 967 716 1001 verbis
741 968 800 1011 qui
821 969 857 1002 in
878 979 992 1012 praes.
1015 968 1138 1008 erant,
1161 965 1274 1010 magis
1296 965 1514 1000 efferendam.
1538 985 1583 990 —
1609 966 1698 999 Ten-

342 1031 418 1061 tare
441 1027 534 1070 expl.
555 1026 599 1059 ad
623 1038 652 1059 c.
671 1027 806 1069 XLVII,
828 1028 862 1061 2.
885 1046 931 1053 —
957 1027 1055 1061 Nihil
1076 1027 1241 1060 intactum
1263 1035 1370 1068 neque
1393 1026 1577 1068 quietum
1597 1026 1699 1070 pati

342 1086 472 1120 dictum
495 1089 547 1118 est
570 1088 609 1119 ut
631 1097 661 1119 c.
687 1087 913 1129 Lxxxvm,
936 1087 971 1120 2.
1019 1086 1119 1120 Nihil
1149 1085 1243 1129 apud
1265 1096 1300 1118 se
1331 1084 1554 1118 remissum
1583 1085 1698 1128 pati,
1719 1078 1721 1082 ⁸

344 1149 378 1179 et
402 1156 433 1178 c.
456 1145 542 1185 Lm,
576 1144 610 1179 6.
656 1144 708 1178 Ad
731 1149 884 1179 nostrum
906 1148 1021 1180 locum
1043 1144 1193 1189 respexit
1214 1144 1396 1177 Ruhnken.
1420 1143 1463 1176 ad
1486 1143 1574 1178 Vell.
1596 1144 1639 1187 11,
1662 1143 1699 1187 6,

344 1205 379 1240 3.
410 1205 447 1238 C.
473 1204 645 1237 Gracchus
667 1204 752 1237 nihil
773 1205 968 1248 immotum,
1004 1207 1091 1240 nihil
1109 1204 1354 1247 tranquillum,
1387 1202 1474 1236 nihil
1496 1204 1701 1247 quietum

346 1264 488 1308 denique
509 1264 546 1296 in
569 1263 684 1297 eodem
708 1268 803 1298 statu
834 1265 1146 1308 relinquebat.
1192 1262 1396 1297 Sallustium
1418 1261 1524 1296 etiam
1546 1261 1701 1297 imitatus

345 1326 395 1357 eet
417 1322 564 1357 Tacitus
594 1321 630 1355 in
653 1321 769 1365 Agric.
799 1334 829 1356 c.
860 1322 918 1356 20.
965 1322 1064 1356 Nihil
1094 1323 1189 1365 apud
1220 1323 1331 1356 hostes
1361 1320 1560 1365 quietum
1587 1322 1700 1365 pati,

346 1383 436 1426 qnod
471 1383 556 1415 bene
584 1381 718 1414 notavit
747 1382 938 1415 Walchius.
982 1381 1098 1415 Etiam
1129 1381 1248 1415 Livius
1277 1381 1329 1414 ita
1351 1380 1455 1422 dixit,
1485 1380 1588 1422 XXI,
1610 1380 1643 1422 7,
1667 1380 1702 1416 8.

348 1442 534 1486 Saguntini
555 1442 748 1475 submovere
771 1441 918 1484 hostem,
949 1452 1010 1474 nec
1041 1442 1219 1485 quicquam
1249 1439 1335 1474 satis
1357 1443 1500 1474 tutum
1521 1441 1703 1475 munienti-

347 1502 407 1535 bus
426 1501 541 1545 pati.

437 1561 469 1602 §-
495 1559 528 1592 2.
580 1559 776 1602 Vagenses,
804 1559 892 1603 quo]
924 1559 1056 1593 Nomen
1087 1570 1147 1602 per
1177 1569 1205 1604 g
1235 1557 1388 1592 litteram
1414 1560 1506 1592 recte
1539 1557 1705 1601 scriptum

348 1622 399 1653 est
421 1618 457 1651 in
488 1618 612 1652 Nazar.
642 1621 676 1651 et
702 1617 810 1651 Paris.
836 1629 866 1653 z.
900 1619 944 1653 cf.
971 1619 1015 1652 ad
1047 1630 1076 1652 c.
1100 1619 1237 1660 xxix,
1269 1617 1304 1654 3.
1349 1617 1462 1659 Prope
1490 1617 1656 1651 accedunt
1676 1617 1704 1651 ii

350 1677 447 1719 libri,
473 1677 508 1711 in
532 1677 656 1720 quibus
677 1680 727 1710 est
759 1678 941 1720 Vacenses,
965 1681 1003 1712 ut
1025 1678 1194 1712 Commel.
1215 1675 1326 1710 Paris.
1348 1687 1381 1709 x.
1404 1675 1507 1710 Acad.
1530 1677 1646 1712 Guelf.
1668 1678 1704 1712 6.

349 1737 406 1771 10.
432 1755 475 1761 ——-
503 1737 576 1778 Quo
599 1735 756 1777 Cottius,
780 1737 984 1771 Gerlachius
1005 1737 1079 1772 Vol.
1103 1737 1146 1771 11.
1170 1748 1202 1780 p.
1221 1735 1299 1769 3⁰7.
1323 1738 1357 1769 et
1379 1735 1457 1768 Vol.
1482 1735 1541 1768 111.
1567 1747 1602 1779 p.
1623 1734 1703 1772 325.

349 1799 384 1830 et
404 1795 464 1829 alii
487 1795 535 1829 ita
557 1795 773 1842 intelligunt,
798 1799 836 1830 ut
858 1796 972 1830 dicant
993 1808 1056 1840 per
1080 1795 1218 1841 synesin
1240 1794 1361 1828 referri
1386 1793 1429 1828 ad
1451 1794 1624 1828 notionem
1645 1806 1705 1840 op-

347 1855 442 1899 pidi,
476 1865 496 1887 e
526 1865 610 1888 voce
649 1855 825 1900 Vagenses
853 1855 1069 1890 eliciendam.
1117 1856 1217 1899 Quae
1247 1857 1440 1888 structurae
1471 1853 1561 1888 ratio
1583 1865 1705 1898 quam-

350 1925 455 1958 quam
478 1913 596 1948 multis
620 1915 730 1948 modis
755 1915 1011 1958 frequentatur,
1043 1926 1077 1948 v.
1101 1918 1220 1948 notata
1242 1914 1292 1947 ad
1309 1912 1410 1947 catil.
1433 1925 1464 1946 c·
1486 1914 1648 1956 XXXIX,
1669 1915 1704 1949 3.

351 1976 385 2008 et
407 1974 451 2007 ad
474 1975 550 2018 lug.
574 1974 657 2014 XV,
681 1974 702 2007 1
718 1999 728 2015 ‚
753 1978 867 2008 tamen
896 1976 940 2008 ab
970 1975 1007 2008 h.
1030 1975 1055 2008 l.
1081 1977 1261 2018 propterea
1286 1972 1398 2006 aliena
1428 1971 1583 2014 videtur,
1613 1974 1704 2017 qnod

350 2043 473 2066 vocum
497 2032 605 2066 nimia
627 2033 784 2067 vicinitas
806 2035 938 2067 nullam
959 2033 1136 2067 notionum
1159 2036 1431 2076 permutata-um
1454 2032 1707 2067 excusationem

352 2092 469 2126 habet.
514 2092 631 2135 Quare
661 2105 724 2137 quo
748 2104 924 2127 censemus
950 2103 1017 2126 non
1046 2092 1121 2125 veri
1140 2092 1349 2136 pronominis
1374 2091 1529 2134 relativi,
1559 2092 1706 2126 sed-ad—
1775 2128 1778 2132 ,

351 2152 459 2186 verbis·
478 2155 641 2195 potestate
665 2153 810 2196 positum
834 2164 928 2194 esse,
954 2152 1003 2186 ita
1025 2155 1158 2185 mutata
1180 2151 1354 2196 cogitandi
1377 2142 1520 2194 ratione,
1543 2154 1582 2186 ut
1603 2152 1639 2186 in
1653 2153 1706 2186 lo—

353 2222 432 2244 cum
463 2211 623 2254 definitae
647 2212 824 2246 relationis
848 2211 1022 2257 generalis
1047 2210 1290 2252 substituatur,
1314 2222 1355 2244 ex
1370 2221 1438 2254 quo
1456 2222 1564 2253 more,
1586 2222 1707 2255 quam-

353 2282 458 2315 quam
490 2271 645 2315 paullum
674 2270 828 2305 diversae
858 2270 909 2305 rei
939 2271 1220 2313 accommodato,
1262 2270 1366 2303 etiam
1397 2271 1618 2314 explicandus
1657 2274 1709 2305 est

353 2331 449 2364 locus
471 2342 500 2363 e.
524 2330 604 2372 cn,
626 2329 683 2365 10.
730 2331 844 2365 Multa
876 2336 980 2375 atque
1012 2335 1201 2374 ,opportuna
1230 2330 1354 2370 habes,
1386 2341 1464 2373 quo
1488 2330 1633 2373 facilius
1654 2341 1707 2363 er·

355 2394 435 2423 rata
458 2391 576 2432 officiis
598 2401 744 2433 superes.
791 2390 832 2424 In
853 2391 1051 2424 universum
1073 2390 1166 2423 hunc
1189 2389 1430 2422 adverbiorum
1452 2389 1516 2422 loci
1535 2399 1635 2422 usum
1657 2392 1709 2423 te-

356 2449 499 2493 tigimus
521 2450 564 2482 ad
591 2448 694 2483 Catil.
719 2451 770 2491 V,
793 2450 827 2484 2.
852 2462 886 2494 p.
909 2449 955 2483 27
971 2460 1042 2492 sq.;
1066 2449 1137 2483 iam
1161 2449 1326 2482 nonnulla
1348 2459 1413 2492 quo
1435 2447 1627 2493 particulae
1649 2459 1709 2483 ex-

355 2507 470 2551 empla
500 2507 718 2542 ascribamus·
743 2510 820 2554 lug.
850 2510 946 2552 clu,
976 2510 1010 2544 1.
1056 2510 1190 2543 Marius
1220 2509 1441 2552 proficiscitur
1468 2508 1505 2541 r'n
1528 2508 1600 2541 loca
1622 2509 1708 2550 sola,

355 2567 520 2600 obsessum
550 2568 708 2601 turrim
738 2569 899 2613 regiam,
930 2581 1011 2613 quo
1043 2569 1215 2614 Iugurtha
1244 2566 1414 2613 perfugas
1444 2567 1551 2601 omnis
1577 2567 1710 2611 praest-

356 2626 450 2659 dt‘um
473 2627 696 2669 imposuerat,
727 2629 784 2670 qui
808 2629 903 2662 locus
926 2629 969 2661 ad
996 2628 1162 2662 amussim
1191 2631 1307 2661 nostro
1337 2626 1540 2670 respondeus
1562 2626 1711 2660 clarissi-

355 2695 412 2718 me
433 2684 598 2729 ostendit,
622 2697 686 2730 quo
709 2696 777 2720 non
800 2687 843 2720 ad
866 2690 997 2721 certum
1019 2686 1159 2730 aliquod
1181 2687 1386 2721 vocabulum
1397 2711 1407 2730 ,
1427 2696 1512 2720 voce
1533 2686 1638 2721 turris
1658 2685 1711 2720 in-
