1826 3276
442 191 798 237 IUGURTHA.
849 191 976 236 GAP.
1006 190 1197 235 LXXX.
1318 243 1322 246 ,
1440 195 1524 237 421

133 326 248 373 pore
275 310 482 372 ignarum
515 309 701 355 nominis
735 308 943 360 Romani.
997 308 1170 353 Eorum
1198 298 1564 358 multitudinem2

134 410 190 475 iq
214 423 352 454 unum
390 408 528 469 cogit,
566 422 620 451 ac
650 405 900 467 paullatim'
921 405 1196 450 consuefacit
1229 405 1410 451 ordines
1445 405 1527 450 ha-

134 507 275 571 bere,
315 505 443 566 signa
492 503 618 562 sequi
619 535 642 567 2
691 502 928 563 imperium
977 500 1246 560 observare,
1291 503 1398 548 item
1439 504 1527 549 alia

135 603 338 649 militaria
377 602 547 646 facere.
612 600 852 645 Praeterea
894 598 1017 660 regis
1062 599 1238 644 Bocchi
1273 610 1558 660 proxum053

135 700 310 762 magnis
344 698 601 744 muneribus
634 702 678 742 et
713 696 954 741 maioribus
980 696 1210 757 promissis
1238 697 1298 740 ad
1332 699 1526 744 studium
1581 672 1589 675 ³

132 798 200 859 sui
233 795 466 858 perducit,
501 795 601 854 quis
643 793 919 838 adiutoribus
958 807 1119 854 regem
1155 809 1397 855 aggressus
1432 797 1526 841 im-

131 895 283 957 pellit,
327 894 393 940 uti
426 893 667 938 advorsum
703 891 936 936 Romanos
974 890 1144 936 bellum
1180 891 1400 954 suscipiat.
1470 893 1563 945 ld4

219 1089 366 1126 LXXX.
391 1091 425 1133 ἓ.
448 1089 482 1124 1.
507 1092 542 1124 ct
565 1088 600 1124 2.
650 1088 840 1133 Gaetulos]
872 1087 926 1122 De
958 1086 1016 1123 his
1047 1087 1094 1122 cf.
1127 1087 1264 1132 XVIII,
1289 1088 1324 1125 1.
1347 1089 1410 1124 ubi
1432 1089 1527 1126 vitae

129 1162 260 1199 genere
291 1155 542 1196 comparantur
577 1162 658 1185 cum
687 1151 893 1197 φοι-σήπῃ·
929 1150 966 1184 h.
991 1149 1016 1185 l.
1043 1149 1119 1193 seri
1140 1150 1328 1196 incultique
1351 1151 1526 1197 dicuntur,

130 1213 214 1258 quia
235 1213 281 1248 ab
297 1212 394 1247 omni
415 1211 635 1246 humanitate
654 1211 861 1257 longissime
880 1211 1016 1245 absunt.
1041 1210 1087 1244 cf.
1106 1210 1305 1246 Doederlin.
1328 1212 1525 1259 Synonym.

129 1276 210 1311 Lat.
241 1274 318 1310 Vol.
341 1274 370 1308 1.
404 1285 440 1318 p.
464 1273 522 1308 44.
554 1276 590 1308 et
621 1274 701 1308 vol.
740 1273 799 1309 IV.
833 1285 862 1307 c.
888 1270 971 1307 125.
1006 1273 1038 1314 5.
1063 1270 1119 1307 15.
1152 1283 1186 1316 p.
1212 1271 1292 1307 23⁰.
1318 1294 1365 1300 —
1397 1274 1527 1308 Eorum

129 1347 199 1372 uon
221 1333 537 1380 comprehendendi
559 1334 620 1368 sed
652 1333 828 1378 partiendi
852 1332 890 1367 vi
912 1331 1060 1377 pertinet
1084 1333 1128 1367 ad
1154 1334 1433 1376 multitudinem3
1455 1346 1527 1370 uon

103 1390 107 1394 Α
128 1397 225 1433 valet
246 1394 361 1441 igitur
386 1407 444 1430 eos
467 1396 616 1438 multos,
641 1395 702 1430 sed
726 1406 768 1429 ex
792 1394 837 1428 iis
860 1394 998 1428 multos.
1023 1412 1071 1419 —
1103 1395 1145 1428 ln
1168 1405 1298 1439 unum,
1323 1407 1358 1432 v.
1381 1396 1424 1431 ad
1447 1397 1526 1433 Cat.
1573 1383 1582 1396 Ἰ

128 1458 236 1501 xvu,
261 1456 297 1492 2.
327 1468 364 1502 p.
399 1455 458 1490 82.
481 1475 528 1481 -
559 1457 630 1491 Pro
663 1456 761 1502 cogit
796 1454 899 1500 pauci
932 1454 1028 1499 iique
1058 1454 1249 1490 deteriores
1280 1455 1365 1490 libri
1394 1450 1536 1492 habent

127 1519 262 1566 coegit,
295 1521 335 1554 ut
368 1516 488 1554 statim
517 1520 596 1560 post
629 1517 699 1552 duo
732 1516 959 1561 consuefecit,
983 1516 1079 1551 haud
1109 1515 1323 1561 infrequenti
1345 1517 1447 1562 lapsu
1470 1517 1529 1552 vel

126 1565 415 1625 intes-pilatim„
437 1590 473 1612 v.
495 1578 542 1612 ad
564 1590 595 1614 c.
620 1579 751 1622 xxm,
775 1578 810 1614 5.
834 1591 870 1624 p.
895 1577 1032 1613 16⁷.—
1054 1576 1201 1612 Ordines
1223 1577 1394 1613 habere
1417 1577 1527 1614 etiam

129 1642 311 1678 dicebatur
333 1640 408 1675 ord.
432 1651 573 1674 servare
597 1643 659 1675 aut
681 1641 875 1682 observare,
899 1638 952 1674 uti
976 1637 1129 1672 diximus
1153 1638 1196 1672 ad
1221 1650 1251 1672 c.
1277 1640 1334 1683 LI,
1357 1640 1390 1676 1.
1414 1651 1528 1684 neque

128 1703 307 1738 diversum
331 1704 386 1736 cst
413 1701 535 1735 ordine
557 1713 626 1735 aon
649 1703 796 1746 egredi,
831 1701 923 1745 quod
949 1698 1091 1744 legituss
1105 1711 1136 1734 c.
1163 1698 1269 1740 XLV,
1292 1699 1327 1734 2.
1352 1699 1473 1744 Veget.
1497 1699 1526 1741 1,

127 1765 186 1803 26.
210 1763 290 1799 IaiV.
315 1762 444 1804 xxm,
468 1760 527 1804 35,
550 1761 585 1796 6.
637 1761 764 1796 Consul
786 1760 905 1794 crebro
930 1760 1114 1794 decurrere
1137 1760 1264 1794 milites
1286 1759 1455 1805 cogebat,
1486 1764 1527 1794 ut

128 1827 256 1862 tirones
279 1824 523 1859 adsuescerent
552 1823 688 1868 signa
719 1822 852 1867 sequi
887 1826 920 1855 et
948 1821 985 1856 in
1010 1822 1086 1856 acie
1110 1832 1371 1868 agnoscere
1403 1821 1525 1855 ordi-

128 1897 210 1921 nes
240 1896 332 1920 suos.
356 1883 406 1918 id.
427 1883 555 1926 XXIV,
579 1882 637 1926 48,
661 1883 719 1917 11.
769 1882 944 1917 Statorius
965 1883 1102 1928 pedites
1123 1883 1278 1928 proxime
1299 1893 1427 1916 morem
1452 1881 1525 1915 Ro-

129 1959 272 1983 manum
292 1946 494 1980 instruendo
519 1950 552 1980 et
577 1944 788 1979 decurrendo
811 1943 955 1989 signa
987 1945 1122 1990 sequi
1155 1949 1196 1978 et
1230 1954 1424 1977 servare
1459 1954 1525 1977 or-

130 2010 263 2047 dines
296 2007 423 2042 docuit.
449 2006 545 2041 Curt.
570 2007 630 2048 111,
654 2005 690 2048 2,
714 2004 771 2040 13.
821 2004 929 2050 Sequi
952 2005 1080 2050 signu,
1105 2005 1242 2040 ordines
1265 2015 1407 2039 servare
1429 2004 1524 2038 didi-

128 2080 216 2104 cere.
250 2087 297 2094 ·-
332 2067 520 2112 Imperium
563 2069 821 2102 observare
864 2077 932 2100 non
964 2065 1127 2100 continuo
1169 2065 1346 2111 significat
1387 2066 1524 2110 exsequi

128 2130 220 2176 quod
242 2128 453 2173 imperatum
474 2132 550 2173 est,
574 2133 614 2164 ut
637 2127 777 2163 eortius
798 2127 1070 2171 interpretatur,
1103 2126 1162 2160 sed
1185 2127 1356 2161 intentum
1380 2137 1453 2161 esse
1478 2125 1524 2161 ud

129 2190 315 2237 imperium
337 2189 606 2236 Intelligendum
630 2194 666 2224 et
687 2189 967 2234 exsequendum3
993 2187 1039 2222 cf.
1064 2187 1107 2221 ad
1131 2198 1162 2223 c.
1190 2187 1295 2231 XLV,
1320 2187 1355 2222 2.

221 2254 254 2295 S.
277 2250 312 2285 3.
337 2254 372 2285 et
394 2249 430 2286 4.
474 2252 672 2296 proxumos]
689 2251 721 2285 ἱ.
749 2263 779 2285 e.
805 2250 957 2290 amicos,
982 2259 1015 2282 v,
1038 2248 1084 2282 ad
1108 2248 1186 2286 Cat.
1210 2248 1302 2289 xlv,
1325 2247 1360 2282 3.
1387 2267 1428 2273 -
1451 2247 1522 2282 Pro

129 2312 283 2349 studium
306 2311 376 2346 sui
397 2311 477 2345 Vin.
496 2311 530 2345 2.
555 2315 589 2346 et
611 2312 716 2347 Fabr.
732 2311 766 2346 2.
789 2312 885 2347 male
907 2310 1040 2344 habeut
1059 2309 1152 2344 stud.
1173 2321 1273 2343 suum
1285 2322 1299 2351 ‚-
1320 2309 1367 2345 οἵ.
1384 2310 1523 2353 Zumpt.

131 2375 292 2411 Gramm-
317 2372 396 2407 lat.
419 2374 454 2416 §.
479 2371 539 2415 73,
564 2372 598 2406 1.
623 2377 694 2408 not.
717 2373 752 2407 2.
785 2385 820 2418 p.
844 2372 926 2407 337.
962 2371 1015 2405 ed.
1039 2370 1097 2405 IV.
1122 2390 1168 2395 —
1195 2371 1280 2413 Quis
1303 2371 1378 2404 fere
1401 2381 1539 2409 omnes,

130 2435 229 2470 codd.
251 2434 394 2470 habent.
417 2452 464 2458 -
498 2433 632 2479 Regem
655 2435 898 2469 tantummodo
922 2431 1052 2468 referes
1075 2431 1120 2466 ad
1145 2443 1357 2477 aggressus,
1381 2443 1452 2466 non
1474 2431 1521 2466 ad

131 2496 298 2542 impellit,
333 2494 378 2530 ad
408 2494 500 2538 quod
523 2495 672 2528 verbum
694 2495 924 2547 supplendum
947 2500 999 2530 est
1023 2506 1114 2529 eum.
1139 2511 1183 2520 —
1214 2494 1407 2528 Advorsum
1432 2492 1520 2527 Ger-

55 2593 64 2599 ,
131 2557 269 2593 lachin·
289 2555 499 2591 auctoritate
521 2555 604 2590 Bas.
638 2556 673 2593 1.
703 2556 782 2590 Vin.
810 2556 920 2592 Fabr.
945 2555 978 2590 2.
1003 2556 1076 2589 Inc.
1102 2555 1228 2589 Franc.
1252 2554 1356 2588 Beru.
1379 2553 1415 2588 3.
1440 2561 1519 2588 mu-

133 2618 222 2655 tavit
250 2617 288 2652 in
319 2617 509 2659 advorsus,
545 2617 665 2661 quod,
689 2629 800 2662 quum
832 2617 940 2662 longe
970 2614 1113 2660 plurimi
1143 2615 1228 2650 libri
1258 2614 1296 2649 iu
1325 2613 1522 2658 antiquiore

135 2680 252 2715 forma
271 2678 507 2721 consentiant,
530 2677 723 2712 inconsulto
748 2677 892 2719 factum.
919 2696 959 2702 —
986 2677 1042 2711 Eu
1065 2676 1212 2722 gratia,
1238 2676 1284 2711 cf.
1307 2675 1353 2710 ml
1376 2687 1408 2710 c.
1432 2674 1519 2717 mv,

133 2740 169 2776 ¹1-
191 2759 238 2766 —
259 2739 300 2775 Iu
322 2740 439 2774 verbis
463 2740 672 2784 facilius
704 2739 991 2783 proniusque
1011 2738 1087 2782 fuit
1117 2737 1236 2773 inanes
1263 2736 1406 2772 Cottius
1435 2736 1520 2771 snb-

135 2800 280 2837 tilitutes
303 2800 447 2847 quaerit
462 2825 474 2844 ‚
499 2801 647 2846 [acilius
681 2800 728 2836 ud
764 2800 974 2846 Iugurtham
1005 2799 1181 2842 referens,
1215 2797 1273 2834 cui
1295 2797 1403 2834 facile
1425 2797 1521 2833 factu
