1826 3276
506 160 869 219 IUGURTHA.
905 172 1033 217 CAP.
1064 172 1119 216 11.
1463 177 1518 218 11

116 294 229 339 dunt
262 299 309 339 et
342 298 474 339 aucta
506 297 773 357 senescunt3
817 292 988 336 animus
1023 291 1333 350 incorruptus,
1369 296 1519 335 aeter-

114 407 223 450 nus,
260 397 410 437 rector
442 391 628 436 humani
661 390 839 453 generis
875 389 969 451 agit
1003 394 1140 448 atque
1174 387 1316 433 habet
1343 395 1519 448 cuncta,

113 505 262 549 neque
297 490 397 551 ipse
428 489 637 536 habetur.
706 489 814 544 Quo
840 487 985 548 magis
1011 487 1210 549 pravitas
1237 501 1395 531 eorum
1431 487 1553 531 επὶ-4

113 586 313 632 miranda
361 593 454 645 est,
500 587 577 646 qui
626 585 767 630 dediti
805 585 1008 644 corporis
1043 584 1222 645 gaudiis
1255 599 1341 646 per
1368 585 1523 629 luxum

112 691 250 745 atque
296 684 525 744 ignaviam
567 688 761 728 aetatem
807 687 974 743 agunt,
1031 687 1231 726 ceterum
1277 682 1522 743 ingenium,

101 797 204 843 ,quo
253 796 405 841 neque
455 781 612 827 melius
670 795 822 841 neque
866 779 1063 842 amplius
1109 777 1232 824 aliud
1274 779 1321 824 in
1366 784 1522 825 natura

109 949 167 985 vel
183 952 345 985 contenta
357 949 487 994 potius,
511 953 552 984 ut
565 959 671 994 saepe
686 960 728 986 ex
747 947 821 985 olto
848 949 888 984 ίπ
904 951 1059 995 portum,
1084 958 1126 982 ex
1142 947 1218 991 ipso
1238 952 1343 992 portu
1362 948 1400 981 in
1416 958 1524 994 agros

109 1023 148 1047 se
163 1012 460 1058 possessionesque
482 1011 678 1052 contulerit,
703 1010 844 1045 videtur
860 1010 938 1044 iure
955 1010 1084 1055 optimo
1099 1020 1198 1054 posse
1216 1009 1371 1044 laudari.
1404 1010 1526 1054 Quare

109 1084 222 1118 quum
243 1073 406 1118 ineptum
429 1071 497 1115 sit,
526 1071 608 1107 finis
630 1075 796 1106 naturam
818 1071 1018 1116 comparari
1040 1082 1122 1107 cum
1146 1069 1270 1112 initio,
1301 1070 1526 1114 consequitur

109 1135 161 1170 sie
182 1134 423 1169 necessarium
446 1145 544 1175 esse,
577 1133 648 1167 hoc
671 1144 795 1168 sensu:
832 1144 870 1168 so
886 1133 952 1167 wie
969 1133 1028 1168 die
1055 1133 1170 1168 Gater
1199 1131 1261 1166 des
1281 1132 1435 1177 Korpers
1452 1132 1526 1167 und

110 1196 172 1231 des
204 1196 335 1230 Glaoks
357 1197 459 1231 einen
485 1196 636 1242 Ansang
662 1196 799 1239 haben,
834 1196 920 1230 eben
946 1207 985 1230 so
1010 1194 1118 1240 (gut)
1143 1194 1257 1229 haben
1276 1194 1327 1228 sie
1353 1194 1445 1228 auch
1467 1195 1525 1228 ein

110 1257 223 1292 Eride.
269 1256 316 1294 cf.
339 1256 382 1291 de
407 1256 479 1291 off.
503 1257 532 1300 Ι,
557 1256 627 1300 27,
650 1254 685 1291 5.
717 1257 814 1292 iusta
832 1257 951 1291 omnia
970 1258 1098 1291 decora
1117 1261 1220 1298 sunt,
1253 1257 1386 1291 iniusta
1405 1261 1528 1291 contra

109 1324 161 1354 ut
180 1316 313 1364 turpia,
337 1319 403 1353 sic
419 1318 597 1352 indecora.
622 1317 791 1352 Eiusdem
814 1317 956 1364 generis
978 1323 1058 1354 sunt
1081 1330 1172 1363 quae
1193 1316 1383 1353 Walchius
1403 1317 1528 1352 lauda-

109 1379 163 1415 vit
188 1379 234 1415 ad
259 1379 385 1414 Taciti
407 1379 533 1426 Agric.
566 1391 596 1417 c.
618 1379 743 1416 xuv.
767 1391 802 1424 p.
827 1379 908 1415 416.
941 1379 1019 1416 Liv.
1044 1381 1150 1422 xxi,
1179 1379 1248 1421 35,
1270 1378 1330 1413 11.
1358 1379 1528 1424 pleraque
1592 1400 1593 1403 =

109 1441 252 1487 Alpium
272 1442 395 1476 sicut
415 1442 596 1484 breviora,
620 1442 689 1477 ita
707 1442 901 1476 arrectiora
918 1448 1010 1480 sunt.
1034 1443 1126 1477 Tac.
1139 1441 1349 1482 Annali-IV,
1361 1440 1420 1483 33,
1431 1440 1525 1475 med.

111 1507 262 1539 ceterum
283 1508 332 1538 ut
349 1506 551 1548 profutura,
574 1504 653 1538 ita·
668 1504 850 1538 minimum
873 1504 1115 1539 delectationis
1134 1505 1300 1549 afferunt.
1322 1502 1422 1536 Adde
1433 1502 1528 1536 Goe-

110 1577 206 1600 rouz.
232 1565 279 1600 ad
302 1565 380 1600 Cio.
408 1564 453 1599 de
477 1564 581 1599 Finn.
604 1565 634 1606 1,
657 1565 692 1607 1,
717 1565 754 1600 3.
777 1577 812 1610 p.
837 1564 871 1600 4.
898 1569 933 1600 et
953 1565 1073 1600 Beier.
1098 1566 1144 1599 ad
1181 1564 1254 1599 off.
1279 1565 1336 1605 ΙΙΙ,
1360 1562 1420 1606 33,
1443 1562 1524 1597 119.

112 1639 149 1672 p.
170 1627 255 1662 413.
301 1627 437 1662 Parum
461 1630 628 1662 accurate
651 1625 695 1661 de
717 1626 776 1660 his
798 1626 925 1671 partic.
949 1627 1026 1673 egit
1058 1627 1121 1662 Fr.
1141 1625 1358 1670 Heusinger.
1383 1625 1427 1659 ad
1452 1624 1527 1659 Oss'.

74 1702 79 1707 ‘
114 1688 234 1732 1‚1,1.
259 1687 322 1733 qui
345 1689 442 1722 locus
465 1699 577 1732 aeque
602 1692 710 1732 atque
725 1689 815 1723 alter
838 1689 882 1723 de
904 1689 1018 1734 Legg.
1029 1689 1075 1731 11,
1085 1688 1120 1731 6,
1130 1687 1188 1722 14.
1211 1687 1444 1723 aGoerenzio
1458 1698 1527 1721 non

114 1748 200 1783 satis
222 1748 444 1791 intellectus,
468 1749 514 1783 ad
541 1746 818 1787 ἀνακολούθων
843 1763 957 1796 genus
980 1748 1151 1795 pertinet,
1173 1761 1288 1794 neque
1310 1749 1357 1784 ad
1381 1759 1527 1784 accura-

114 1812 168 1845 ta·
180 1813 379 1846 structurae
397 1809 496 1855 leges
511 1809 704 1855 exigendus
722 1815 787 1846 est.
812 1830 862 1838 —
888 1813 1043 1856 Omniaq
1054 1823 1103 1846 ue
1126 1811 1228 1845 unice
1244 1821 1371 1844 verum
1387 1811 1434 1845 ad
1449 1821 1527 1845 seu-

113 1870 302 1908 tmtinmm
313 1881 443 1904 noxum
453 1870 701 1914 iudicandum3
725 1863 808 1907 uam
817 1885 927 1917 quum
937 1874 1029 1908 haee
1039 1872 1150 1907 verba
1163 1883 1232 1906 non
1250 1883 1380 1907 novam
1391 1875 1529 1907 seuten-

113 1931 202 1968 tiam
219 1931 385 1975 inferant,
412 1932 472 1966 sed
490 1942 700 1977 praegressa
717 1935 961 1970 tantummodo
978 1933 1155 1978 explicent
1172 1936 1208 1968 et
1226 1934 1443 1977 confirment,
1463 1933 1530 1968 nisi

113 1995 279 2030 scabram
302 1993 406 2028 malis
429 1997 467 2027 et
490 1993 653 2028 hiulcam
677 1994 886 2038 orationem,
910 1995 1101 2040 particula,
1125 2006 1196 2039 qua
1219 1999 1283 2030 iste
1305 2006 1414 2029 nexus
1438 1995 1529 2029 indi-

114 2059 233 2099 cetur,
264 2048 392 2091 'abesse
423 2055 556 2101 nequit.
601 2055 817 2101 Saepissime
849 2061 969 2092 autem
993 2056 1227 2102 explicativas
1251 2056 1440 2091 sententias
1463 2068 1528 2101 que

115 2117 176 2152 vel
198 2122 234 2153 et
256 2117 441 2162 particulis
456 2117 628 2152 contineri
650 2119 865 2154 ostendimus
888 2119 934 2153 ad
957 2120 1034 2154 Cat.
1058 2120 1158 2162 xlx,
1174 2118 1210 2155 2.
1234 2130 1267 2163 p.
1291 2119 1350 2154 92.
1374 2130 1409 2155 v.
1433 2118 1529 2152 infra

115 2180 163 2214 aa
184 2190 215 2214 c.
240 2170 354 2221 XXV,
377 2177 412 2213 5.
448 2180 559 2223 Lxx,
585 2178 620 2214 5.
678 2181 776 2215 Male
798 2181 911 2226 igitur
934 2181 1075 2216 eortius
1106 2193 1173 2226 que
1197 2180 1342 2222 abiecit,
1366 2181 1529 2224 quamvis

117 2239 358 2275 addicentibus
380 2240 483 2275 codd.
501 2241 607 2279 Rem.
625 2241 661 2276 1.
684 2243 791 2279 Fabr.
809 2243 843 2276 2.
873 2243 993 2278 Guelf.
1017 2242 1053 2277 9.
1081 2243 1139 2278 10.
1164 2243 1223 2278 11.
1249 2242 1309 2277 12.
1333 2243 1411 2278 Erl.
1434 2243 1468 2277 T
1470 2255 1528 2288 eg.

117 2301 225 2336 Rern.
248 2301 284 2336 3.
317 2301 414 2338 Leid.
437 2302 484 2338 K.
520 2303 600 2338 vat.
628 2302 683 2346 1.,
715 2315 865 2349 eamque
887 2305 1062 2340 rationem
1087 2305 1322 2347 Gerlachius,
1358 2315 1468 2348 quum
1493 2304 1530 2338 iu

118 2366 216 2398 textu
245 2363 413 2398 voculam
442 2363 663 2407 retinuisset,
696 2364 733 2399 in
765 2367 979 2402 Commentt.
1011 2379 1045 2411 p.
1071 2367 1155 2402 216.
1192 2366 1343 2411 probat,
1377 2365 1531 2400 mirifica

118 2425 256 2460 ratione
278 2436 382 2468 usus,
415 2424 500 2468 quia
522 2425 704 2470 sequentia
726 2427 969 2472 explicationis
992 2439 1119 2463 caussa
1143 2428 1263 2463 addita
1298 2427 1378 2462 siut.
1427 2427 1531 2462 Nihi-

117 2486 272 2522 lominus
294 2485 331 2521 in
362 2485 418 2520 ed.
446 2487 533 2524 min.
557 2499 679 2522 rursus
701 2490 915 2535 omniaque
947 2489 1098 2535 scripsit.
1147 2489 1343 2524 Muellerus
1366 2500 1408 2523 ex
1431 2489 1529 2534 iuge-

118 2547 179 2583 nio
203 2558 266 2582 ιιιο
290 2547 386 2583 dedit
408 2549 548 2591 omnia,
573 2561 687 2594 quae
711 2556 840 2594 orta,
865 2552 1049 2592 occidunt‚·
1072 2561 1156 2584 nam
1179 2551 1272 2595 quod
1296 2552 1421 2586 multos
1445 2552 1532 2586 Cor-

120 2608 162 2644 tii
185 2608 293 2644 libros
317 2609 370 2644 ita
391 2610 526 2645 habero
550 2610 658 2654 dicit,
681 2622 726 2646 ne
749 2613 844 2647 ullus
867 2613 1009 2656 quidem
1033 2611 1156 2647 habet.
1178 2632 1225 2638 —-
1250 2614 1351 2658 Quae
1374 2625 1525 2658 sequun-

120 2673 198 2715 tur,
231 2671 367 2706 animus
393 2672 611 2717 inem-ruptus
641 2675 705 2707 etc.
737 2673 879 2718 proprie
910 2673 1120 2709 adversandi
1144 2674 1321 2718 particula
1355 2674 1532 2719 prioribus

121 2731 322 2783 adiicienda
355 2736 466 2769 eraut.
514 2744 550 2770 v,
573 2733 620 2769 ad
643 2735 721 2769 Cat.
745 2735 890 2779 XXXV,
914 2735 950 2769 2.
981 2755 1028 2762 —-
1059 2735 1282 2780 Incorruptus
1304 2735 1330 2770 i.
1351 2748 1382 2771 e.
1407 2747 1531 2770 corru—

122 2791 234 2837 ptioni
256 2797 291 2830 et
314 2792 471 2830 interitui
495 2806 564 2831 nou
597 2795 792 2839 obnoxius,
827 2798 887 2842 qui
922 2796 1095 2843 corrumpi
1128 2797 1267 2843 nequit,
1299 2797 1336 2831 vi
1368 2796 1532 2833 adieetivi
