1826 3276
385 175 468 215 494
745 167 792 209 G.
819 167 1136 210 SALLUSTI
1164 168 1382 213 CRISPI

387 298 530 341 neque
564 295 648 339 pro
678 293 818 338 opere
848 280 1098 338 consistere,
1129 289 1317 342 propter
1344 285 1611 342 iniquitatem
1642 289 1741 342 loci,

387 392 530 434 neque
563 375 674 418 inter
707 374 855 418 vineas
884 374 976 418 sine
1011 377 1211 434 periculo
1243 378 1575 443 administrare;
1608 390 1742 442 optu—

386 486 480 516 mus
512 469 698 527 quisque
723 468 882 512 cadere
909 477 984 513 aut
1015 472 1208 528 sauciari,
1230 474 1384 518 ceteris
1410 481 1550 519 metus
1576 479 1742 536 augeri.

517 563 679 608 XCIII.
746 563 807 607 At
839 563 1033 620 Marius,
1069 567 1212 610 multis
1254 567 1408 612 diebus
1442 575 1487 613 et
1520 571 1743 615 laboribus

387 659 679 718 consumptis,
723 659 872 703 anxius
923 659 1097 704 trahere
1144 676 1243 704 cum
1287 664 1433 708 animo
1476 679 1578 721 suo,
1614 666 1743 709 omit-

321 740 325 744 *
386 761 554 800 teretne
600 754 850 812 inceptum,
896 755 1103 812 quoniam
1150 756 1311 801 frustra
1354 761 1468 815 erat,
1510 775 1567 804 an
1601 761 1744 804 fortu—

385 866 487 894 nam
532 849 834 908 opperiretur,
878 864 966 906 qua
1009 865 1142 909 saepe
1184 867 1400 911 prospere
1443 869 1543 898 usus
1587 855 1743 899 fuerat.

346 945 515 1000 2Quae
544 959 679 1002 quum
714 943 872 987 multos
908 943 1001 988 dies
1043 947 1270 1004 noctisque
1306 954 1508 993 aestuans
1543 950 1744 1009 agitaret,

386 1098 441 1132 vis
473 1096 664 1141 intelliget,
701 1095 760 1139 qui
783 1107 853 1139 quo
883 1107 974 1132 nexu
1004 1099 1094 1133 haec
1123 1111 1204 1134 cum
1234 1100 1386 1143 proxime
1414 1102 1690 1136 antecedentibus
1711 1107 1747 1136 et

385 1157 605 1200 sequentibus
631 1155 839 1190 cohaereant
861 1157 1080 1200 reputaverit.
1126 1159 1196 1193 Isto
1218 1159 1340 1194 itinere
1363 1164 1479 1195 autem
1502 1173 1608 1205 quum
1631 1162 1746 1196 Sullu—

383 1217 468 1252 stius
497 1215 587 1250 dicat
615 1215 735 1249 vineas
767 1227 841 1249 cum
874 1217 1010 1261 ingenti
1039 1219 1188 1262 periculo
1221 1230 1295 1253 esse
1324 1224 1439 1264 actas,
1466 1220 1502 1255 id
1524 1233 1592 1256 non
1614 1221 1687 1256 alia
1708 1233 1746 1256 re

385 1276 580 1317 constabat,
615 1287 719 1318 quam
751 1276 841 1319 quod
861 1287 930 1310 nou
962 1279 1087 1313 licebat
1109 1289 1216 1322 prope
1237 1279 1419 1322 accedere,
1442 1281 1502 1315 sed
1531 1281 1621 1324 quod
1640 1282 1745 1326 paul-

383 1337 454 1370 lum
484 1335 587 1370 modo
620 1346 826 1382 progressae
863 1338 1180 1380 corrumpebantur.
1212 1357 1256 1362 —
1293 1340 1412 1383 Opus,
1441 1341 1531 1383 qnod
1554 1342 1596 1375 de
1625 1342 1745 1384 quovis

364 1395 612 1430 *munitionum
642 1406 790 1439 genere,
826 1395 951 1438 quibus
974 1395 1103 1431 obsessi
1125 1400 1303 1440 petuntur,
1327 1399 1463 1442 dicitur,
1486 1401 1523 1434 h.
1547 1401 1572 1434 Ι.
1595 1401 1746 1435 maxime

382 1457 425 1490 de
447 1456 555 1489 niueis
583 1458 635 1488 est
663 1454 947 1500 intelligendum;
978 1456 1024 1489 cf.
1054 1457 1210 1500 Herzog.
1242 1458 1287 1491 ad
1311 1458 1407 1492 Caes.
1430 1459 1475 1492 B.
1498 1459 1543 1494 G.
1565 1460 1626 1500 lu,
1651 1460 1687 1503 3,
1712 1459 1745 1495 l.

382 1516 430 1550 ib.
454 1516 527 1556 Vll,
550 1513 607 1550 24.
631 1515 731 1550 Auct.
755 1515 796 1548 B.
819 1514 927 1549 Afric.
957 1527 987 1549 c.
1012 1516 1067 1550 LI.
1091 1520 1126 1549 et
1147 1516 1221 1550 LII.
1245 1536 1289 1543 —
1314 1518 1431 1560 Inter,
1453 1528 1516 1562 pro
1541 1529 1610 1561 quo
1632 1519 1743 1552 Muel—

382 1576 474 1610 lerus
496 1585 537 1608 ex
563 1573 729 1608 Glareani
752 1574 950 1609 coniectura
972 1575 1108 1619 scripsit
1130 1575 1239 1618 intra,
1261 1587 1303 1610 ex
1325 1577 1484 1612 omnibus
1505 1576 1604 1612 libris
1625 1578 1744 1612 firmu-

382 1642 459 1679 tur,
490 1645 599 1678 neque
636 1633 822 1668 sollicitari
851 1634 974 1676 debet,
1014 1645 1226 1678 quamquam
1262 1636 1357 1670 intra
1392 1635 1587 1671 accuratius
1615 1636 1744 1672 (lictum

381 1696 520 1737 fuisset,
543 1705 649 1737 quum
672 1694 762 1728 inter
783 1693 1048 1738 praepositionis
1072 1695 1167 1730 notio
1189 1693 1292 1729 latius
1314 1698 1450 1739 pateat,
1473 1695 1687 1740 alteramque
1707 1696 1743 1731 iu

379 1767 417 1791 se
449 1753 726 1798 comprehendat.
783 1755 879 1788 Inter
912 1754 1005 1789 euim
1039 1755 1074 1789 in
1105 1755 1304 1789 universum
1338 1755 1466 1790 dicitur
1494 1755 1538 1789 de
1559 1766 1620 1798 re,
1655 1767 1744 1799 quae

380 1815 451 1850 alia
472 1825 510 1849 re
533 1814 576 1848 ab
599 1819 744 1858 utraque
772 1819 875 1858 parte
897 1819 1092 1854 coercetur-,-
1123 1815 1216 1849 intra
1238 1825 1322 1848 vero
1344 1817 1552 1859 usurpatur,
1573 1815 1602 1849 si
1625 1814 1744 1859 aliqua

379 1886 435 1909 res
462 1874 611 1918 undique
642 1874 827 1908 clauditur.
874 1873 1004 1909 Milites
1034 1873 1144 1919 igitur
1178 1873 1208 1909 si
1237 1874 1434 1919 cogitantur
1463 1873 1573 1910 vinei·
1594 1875 1743 1919 undique

381 1935 484 1977 tecti,
514 1933 695 1968 dicendum
718 1937 768 1968 est
790 1934 884 1968 intra
907 1935 1046 1974 υὲηεαες
1076 1934 1134 1967 sed
1158 1945 1263 1977 quum
1285 1933 1375 1968 nihil
1397 1934 1527 1976 obstet,
1557 1935 1742 1978 quominus

380 1995 574 2039 cogitentur
596 1993 834 2029 tantummodo
866 1993 1048 2029 vinearum
1073 1994 1236 2028 lateribus
1260 1993 1497 2036 comprehensi
1518 1997 1554 2029 et
1573 1995 1610 2028 in
1634 2007 1741 2030 unum

382 2055 547 2093 coartati,
591 2053 696 2088 etiam
728 2054 818 2088 inter
853 2054 971 2089 vineas
1002 2057 1112 2098 potest
1146 2052 1227 2088 dici.
1281 2052 1428 2096 Saepius
1456 2053 1521 2088 hes
1551 2054 1740 2098 particulas

379 2111 610 2154 commutari,
630 2112 692 2147 ubi
716 2113 760 2147 ad
783 2118 915 2158 tempus
935 2114 1124 2158 pertinent,
1156 2112 1354 2147 observavit
1377 2112 1572 2160 Gronovius
1593 2117 1628 2149 et
1650 2116 1740 2149 Dre-

380 2172 612 2208 henum-chius
632 2173 676 2206 ud
700 2173 776 2208 niv.
798 2173 828 2214 1,
859 2172 916 2215 1⁰,
939 2168 975 2207 7.
1020 2173 1113 2207 Bina
1135 2177 1256 2218 postea
1279 2173 1399 2207 inter
1423 2177 1474 2208 tot
1495 2184 1604 2208 annos
1625 2176 1740 2219 opima

378 2239 485 2278 parta
509 2238 589 2268 sunt
609 2233 729 2276 spolia.
755 2232 826 2266 Cic.
850 2244 886 2276 p.
911 2233 936 2269 l.
958 2232 1080 2268 Manil.
1110 2244 1140 2266 c.
1163 2233 1294 2275 XXIII,
1314 2232 1370 2267 67.
1418 2233 1598 2278 Pompeius
1619 2234 1740 2268 inter

380 2305 488 2328 annos
509 2297 561 2329 tot
582 2304 669 2327 unua
694 2293 852 2328 inventus
874 2297 946 2335 est,
975 2303 1074 2338 quem
1096 2292 1178 2327 socii
1198 2293 1236 2327 in
1265 2293 1365 2327 urbes
1385 2303 1467 2327 suus
1491 2295 1740 2328 eum‘csercitu

380 2354 511 2389 venisse
542 2353 743 2398 gaudeant,
770 2352 832 2387 ubi
862 2352 1034 2387 noluerim
1065 2361 1148 2386 cum*
1176 2351 1330 2387 Matthia
1349 2352 1440 2387 inter
1462 2352 1635 2396 explicare
1653 2364 1739 2397 per,-

379 2423 460 2447 nam
484 2413 666 2447 commode
689 2412 873 2456 Pompeius
891 2412 1025 2447 medius
1047 2411 1146 2455 quasi
1167 2411 1203 2445 in
1224 2411 1313 2446 illud
1334 2412 1478 2457 longum
1501 2415 1636 2456 tempus
1659 2423 1740 2448 con-

379 2471 516 2508 stitutus
539 2472 687 2516 cogitari
708 2476 830 2516 potest.
853 2491 899 2497 —
921 2472 1172 2507 Administrare
1193 2471 1442 2514 explicavimus
1463 2470 1506 2505 ad
1530 2482 1560 2505 c.
1583 2471 1736 2512 LXXVI,

379 2532 412 2566 ὃ.
443 2531 583 2570 Erravit
615 2537 733 2567 autem
763 2533 994 2574 laumannus,
1028 2543 1132 2576 opus,
1161 2532 1252 2575 quod
1274 2531 1520 2575 iuterpretatur
1541 2531 1737 2574 Bescheifti-

378 2603 479 2637 gang
491 2617 503 2635 ,
525 2592 750 2635 supplendum
775 2603 924 2628 censens.

472 2651 593 2686 XCIII.
615 2652 651 2696 §.
675 2654 710 2687 1.
756 2651 988 2698 consumptis]
1007 2651 1059 2685 De
1081 2651 1152 2685 hoc
1172 2651 1278 2686 verbo
1300 2661 1334 2683 v.
1358 2650 1401 2684 ad
1424 2661 1455 2686 c.
1476 2650 1602 2691 XXVI,
1625 2649 1681 2684 11.
1692 2670 1737 2676 —-

382 2711 581 2747 Trahere
619 2724 695 2748 cum
725 2713 840 2748 auimo
878 2711 1090 2757 explicatum
1112 2711 1158 2746 ud
1191 2722 1220 2745 c.
1243 2709 1430 2752 Lxxxw,
1451 2708 1485 2744 4.
1532 2710 1622 2752 Suo,
1645 2708 1737 2753 quod
