1826 3276
398 178 481 220 128
552 188 554 192 ·
767 173 1148 216 G.-SALLUSTI
1179 174 1406 222 GRISPI.v

366 299 392 337 3
407 303 539 347 quam
568 264 855 331 ‘metuendus
934 287 1094 347 Igitur*
1127 304 1181 333 ex
1228 290 1469 349 improviso
1518 291 1614 336 finis
1668 292 1760 336 eius

401 399 502 427 cum
537 397 700 441 magna
735 396 867 425 manu
901 382 1086 438 invadit,
1117 385 1277 428 multos
1312 386 1505 430 mortalis
1541 401 1642 430 cum
1674 401 1760 446 pe-

400 493 504 521 core
538 482 671 534 atque
706 476 790 519 alia
822 477 992 535 praeda
1026 478 1159 537 capit,
1193 477 1394 522 aedificia
1421 479 1624 538 incendit,
1658 481 1760 540 ple-

367 579 543 630 4raque
588 571 687 614 loca
732 543 959 615 hostiliter*
993 586 1095 616 cum
1135 573 1330 631 equitatu
1373 542 1567 631 accedit,
1595 575 1762 621 ‘deinde

400 683 502 712 cum
546 667 664 710 omni
705 666 979 710 multitudine
1029 668 1074 710 in
1123 683 1314 727 regnum
1366 683 1493 712 suum
1535 671 1763 726 convortit,

399 764 661 808 existumans
713 761 870 806 dolore
927 769 1180 821 permotum
1234 763 1537 808 Adherbalem
1589 764 1762 808 iniurias

399 874 496 904 suas
527 872 658 902 manu
692 856 1035 914 vindicaturum,
1080 873 1266 917 eamque
1295 873 1390 902 rem
1424 858 1530 903 belli
1566 874 1762 904 caussam

397 1046 473 1091 quis
504 1056 652 1090 unquam
683 1045 790 1078 civem
820 1045 1003 1079 militemve
1034 1049 1338 1089 opportunum
1371 1046 1575 1080 iniuriae
1613 1046 1762 1082 duceret.

398 1107 494 1139 Flor.
527 1106 597 1147 lv,
630 1104 676 1146 4,
710 1105 743 1139 2.
767 1109 945 1145 tenerum,
969 1105 1145 1138 obnoxium
1168 1111 1202 1140 et
1225 1111 1527 1150 opportunum
1550 1106 1763 1141 iniuriae

398 1167 566 1200 iuvenem.
588 1165 633 1198 cf.
658 1164 830 1197 Drakenb.
854 1165 898 1197 ad
919 1163 995 1198 Liv.
1020 1166 1139 1207 XXV,
1162 1165 1229 1207 30,
1252 1165 1284 1200 3.

489 1225 522 1268 §.
544 1223 663 1258 3—5.
709 1223 858 1266 invadit]
882 1223 1018 1258 Coi-tius
1040 1224 1130 1258 nihil
1153 1225 1284 1260 monito
1314 1226 1443 1260 lectore
1472 1224 1580 1259 edidit
1610 1225 1762 1266 ἰπυαοίίς

398 1285 457 1319 sed
481 1296 587 1328 quum
610 1294 728 1317 omnes
751 1282 900 1315 aliorum
921 1284 1054 1318 codices
1078 1297 1236 1328 praesens
1259 1286 1431 1327 habeant,
1454 1285 1514 1319 vix
1537 1285 1679 1319 dubium
1701 1288 1764 1326 est,

396 1343 481 1387 quin
503 1343 728 1387 praeteritum
753 1344 910 1377 codicum
933 1343 1135 1378 anctoritate
1155 1355 1297 1387 prorsus
1328 1344 1556 1386 destituatur,
1588 1350 1624 1380 et
1646 1356 1687 1379 eo
1710 1344 1764 1379 in-

396 1404 469 1438 vito
491 1404 527 1437 in
549 1407 679 1438 textum
701 1403 886 1447 irrepserit.
908 1422 954 1428 —-
977 1405 1109 1438 Deinde
1134 1403 1269 1437 Cottius
1300 1414 1364 1447 pro
1393 1414 1491 1438 more
1519 1416 1583 1439 suo
1616 1405 1765 1439 mutavit

395 1463 432 1497 in
463 1464 561 1505 dein,
596 1474 807 1507 quamquam
838 1475 926 1497 unus
949 1466 1084 1497 tantum
1106 1463 1187 1497 Sen.
1210 1462 1243 1496 1.
1266 1462 1317 1496 ita
1339 1463 1466 1506 habet,
1494 1464 1550 1499 cui
1573 1464 1764 1508 scripturae

395 1524 486 1557 nihil
517 1523 680 1567 praesidii
710 1534 752 1557 eo
783 1527 852 1564 est,
885 1524 977 1566 quod
1010 1524 1126 1559 Guelf.
1150 1523 1184 1557 7.
1209 1523 1328 1556 dehinc
1352 1523 1508 1559 ostendit.
1553 1522 1764 1557 Nihilomius

396 1583 605 1617 Gerlachius
634 1583 670 1616 in
700 1583 785 1618 mai.
813 1583 866 1617 ed.
890 1583 1046 1618 Cortinm
1083 1587 1218 1618 secutus
1249 1586 1312 1618 est.
1336 1601 1382 1607 “··
1404 1583 1474 1616 Pro
1497 1582 1663 1616 convertit
1684 1593 1764 1626 per-

382 1643 498 1688 ·pauci
533 1642 630 1677 codd.
663 1643 794 1677 habent
826 1655 870 1677 se
903 1645 1087 1686 convertit,
1123 1642 1185 1677 alii
1217 1642 1470 1683 convertitur,
1507 1645 1693 1685 utrumque
1721 1652 1764 1676 ex

393 1703 667 1747 interpolatione.
691 1704 731 1736 V.
755 1703 800 1737 ad
823 1704 897 1736 Cat.
921 1704 987 1744 VI,
1018 1704 1053 1737 7.
1081 1722 1127 1727 —
1158 1703 1281 1736 Dolore
1311 1707 1500 1746 permotum
1531 1702 1762 1736 Adherbalem

395 1774 514 1796 omnes
535 1763 739 1797 confirmant
761 1763 870 1797 Cortii
893 1763 991 1796 codd.
1007 1788 1016 1805 ,
1041 1762 1191 1806 quinque
1213 1762 1384 1806 exceptis3
1409 1761 1554 1795 eundem
1578 1762 1764 1795 verborum

395 1823 550 1857 ordinem
585 1823 714 1858 hahent
744 1823 844 1857 codd.
876 1823 993 1865 Rivii,
1026 1828 1060 1857 et
1090 1822 1119 1856 si
1151 1834 1192 1856 ex
1224 1821 1359 1856 silentio
1392 1821 1563 1855 editorum
1583 1825 1634 1855 est
1655 1832 1762 1866 argn-

395 1883 638 1926 mentandum,
662 1883 767 1918 etiam
792 1883 954 1924 Gruteri‚
977 1882 1106 1917 Wassii
1129 1885 1163 1915 et
1185 1882 1258 1915 Erl.
1282 1893 1361 1915 cum
1377 1882 1564 1925 Tegerns.;
1587 1885 1764 1924 praeterea

394 1943 489 1977 Med.
511 1941 546 1976 4.
570 1943 603 1978 6.
627 1942 660 1976 9.
683 1943 868 1978 Einsiedel.
894 1943 981 1979 Tur.
1005 1943 1040 1977 1.
1061 1941 1200 1976 Relicui
1222 1942 1351 1975 habent
1377 1942 1525 1976 Adherb.
1549 1942 1664 1975 dolore
1682 1953 1765 1986 per-

393 2007 542 2044 motum,
578 2013 681 2045 quem
713 2002 867 2036 ordinem
899 2003 1059 2046 Curtius,
1095 2006 1279 2046 praeeunte
1310 2001 1439 2044 Rivio,
1478 2004 1571 2034 recte
1600 2001 1762 2035 deseruit.

392 2063 483 2098 Nam
506 2063 616 2096 multo
638 2063 782 2107 gravius
801 2066 853 2096 est
875 2066 909 2097 et
931 2062 983 2096 rei
1007 2061 1283 2105 convenientius,
1307 2072 1485 2104 caussam,
1508 2071 1576 2104 qua
1592 2061 1765 2105 Iugurtha

392 2123 627 2157 Adherbalem
659 2123 703 2156 ad
733 2122 907 2167 agendum
945 2122 1131 2166 impulsum
1161 2121 1206 2154 iri
1239 2122 1412 2163 crederet,
1441 2119 1634 2164 praemitti,
1658 2131 1764 2164 quam

393 2182 618 2227 appositionis
646 2181 754 2216 instar
783 2182 987 2215 secundario
1015 2182 1094 2215 loco
1127 2181 1405 2216 commemorari.
1428 2181 1474 2214 cf.
1507 2178 1634 2214 notata
1655 2181 1700 2214 ad
1731 2192 1761 2214 c.

395 2236 489 2285 vll,
511 2243 545 2276 1.
569 2262 614 2267 —
637 2242 788 2276 Iniurias
820 2253 928 2275 suas
950 2241 974 2276 i.
999 2252 1030 2275 e.
1061 2240 1129 2275 sibi
1163 2240 1302 2281 illatas;
1338 2251 1371 2274 V.
1396 2240 1439 2274 ad
1464 2240 1539 2275 Cat.
1562 2240 1626 2284 LI,
1650 2239 1706 2274 ll.
1727 2251 1763 2284 p.

394 2302 475 2338 243.
498 2303 574 2347 lug.
597 2302 695 2344 xlv,
721 2301 755 2335 8.
781 2301 960 2343 LXXXII,
983 2300 1018 2335 3.
1043 2320 1087 2327 —
1111 2301 1199 2334 Erat
1222 2303 1299 2344 post
1314 2301 1446 2342 frctus,
1471 2299 1630 2343 quamvis
1651 2298 1763 2333 omni-

395 2364 460 2397 bus
493 2362 634 2396 omnino
666 2361 763 2395 codd.
798 2362 998 2405 firmatum,
1038 2361 1156 2395 Cortio
1190 2359 1291 2393 valde
1325 2359 1515 2403 displicuit3
1556 2359 1639 2403 quid
1672 2358 1763 2402 quod

397 2421 584 2456 Gerlachio
621 2426 693 2456 tam
725 2425 819 2456 certo
846 2421 1018 2465 persuasit
1051 2431 1072 2455 a
1095 2420 1239 2454 librario
1263 2420 1441 2464 appictum
1464 2430 1556 2460 esse,
1577 2419 1636 2462 qui
1657 2418 1762 2452 etiam

397 2482 548 2516 alterum
570 2483 766 2516 membrum
791 2493 814 2516 a
837 2483 926 2526 qnod
949 2481 1094 2525 pendere
1117 2480 1291 2521 crederet,
1321 2483 1360 2513 ut
1382 2479 1411 2512 is
1434 2479 1470 2512 in
1494 2479 1698 2514 Commentt.
1729 2490 1763 2522 p.

394 2540 475 2575 247.
508 2541 651 2574 fidenter
683 2542 863 2575 delendum
895 2553 968 2575 esse
998 2539 1296 2584 pronunciaverit,
1328 2550 1432 2582 quum
1463 2538 1763 2572 insolentissimum

395 2601 461 2642 sit,
495 2605 529 2634 et
563 2601 784 2644 participium
818 2602 965 2635 eandem
993 2600 1066 2633 vim
1099 2604 1203 2642 atque
1236 2600 1380 2632 verbum
1413 2597 1548 2631 finitum
1571 2607 1593 2630 a
1615 2597 1762 2630 caussali

395 2660 568 2705 particula
601 2666 719 2704 aptum
751 2662 890 2697 habeat.
948 2661 1026 2703 Quo
1055 2659 1182 2696 iudicio
1206 2659 1263 2692 isti
1286 2658 1353 2692 viri
1375 2669 1411 2692 se
1433 2657 1614 2692 ostendunt
1635 2655 1761 2689 intelli-

395 2722 508 2766 gendo
540 2721 628 2755 nihil
656 2720 862 2766 intelligere.
918 2720 1055 2766 Quippe
1086 2719 1344 2760 intellexerunt,
1389 2717 1479 2761 quod
1521 2716 1627 2751 etiam
1663 2715 1762 2760 pueri
